31469393,2017-12-25T23:59:04.253,BUY,6.8e-05,1725.18158717
31469400,2017-12-25T23:59:04.897,BUY,6.8e-05,1620.44811736
31469403,2017-12-25T23:59:05.443,BUY,6.8e-05,265.88955372
31469406,2017-12-25T23:59:05.613,BUY,6.8e-05,444.67441141
31469407,2017-12-25T23:59:05.96,SELL,6.79e-05,162.60700328
31469409,2017-12-25T23:59:06.6,SELL,6.79e-05,2775.85090957
31469410,2017-12-25T23:59:07.037,SELL,6.79e-05,7.19269645
31469411,2017-12-25T23:59:07.037,SELL,6.786e-05,634.11233753
31469412,2017-12-25T23:59:07.037,SELL,6.782e-05,1174.018
31469416,2017-12-25T23:59:07.88,BUY,6.8e-05,86.8509569
31469428,2017-12-25T23:59:11.257,BUY,6.782e-05,2673.798646
31469433,2017-12-25T23:59:11.443,BUY,6.782e-05,1698.28844352
31469435,2017-12-25T23:59:11.46,BUY,6.782e-05,133.61838584
31469437,2017-12-25T23:59:11.647,BUY,6.782e-05,464.611277
31469446,2017-12-25T23:59:13.067,SELL,6.781e-05,525.0
31469447,2017-12-25T23:59:13.067,SELL,6.78e-05,300.0
31469448,2017-12-25T23:59:13.067,SELL,6.771e-05,388.29385357
31469449,2017-12-25T23:59:13.067,SELL,6.767e-05,1113.70799468
31469451,2017-12-25T23:59:13.067,SELL,6.765e-05,1000.0
31469452,2017-12-25T23:59:13.067,BUY,6.782e-05,76.78525722
31469453,2017-12-25T23:59:13.067,SELL,6.765e-05,71.19036148
31469458,2017-12-25T23:59:13.1,BUY,6.782e-05,175.85730132
31469462,2017-12-25T23:59:13.973,SELL,6.781e-05,2388.238
31469463,2017-12-25T23:59:13.973,SELL,6.765e-05,296.43896602
31469469,2017-12-25T23:59:14.803,BUY,6.793e-05,18.13113557
31469477,2017-12-25T23:59:16.24,BUY,6.799e-05,18.95320017
31469484,2017-12-25T23:59:17.067,BUY,6.781e-05,24.56243565
31469488,2017-12-25T23:59:17.52,BUY,6.781e-05,219.495438
31469489,2017-12-25T23:59:17.553,SELL,6.766e-05,189.00389475
31469491,2017-12-25T23:59:17.757,BUY,6.781e-05,365.15391664
31469492,2017-12-25T23:59:17.757,BUY,6.781e-05,818.47593209
31469493,2017-12-25T23:59:17.757,BUY,6.8e-05,576.35108878
31469507,2017-12-25T23:59:19.74,SELL,6.795e-05,138.89284287
31469509,2017-12-25T23:59:20.02,SELL,6.795e-05,65.03900016
31469541,2017-12-25T23:59:24.943,SELL,6.797e-05,49.89313124
31469542,2017-12-25T23:59:24.973,SELL,6.797e-05,222.71693237
31469552,2017-12-25T23:59:25.77,SELL,6.797e-05,80.39949573
31469563,2017-12-25T23:59:27.507,BUY,6.8e-05,106.09322016
31469564,2017-12-25T23:59:27.613,SELL,6.797e-05,511.02640063
31469571,2017-12-25T23:59:28.553,BUY,6.8e-05,171.74292228
31469574,2017-12-25T23:59:28.85,SELL,6.799e-05,14.7080453
31469575,2017-12-25T23:59:28.85,SELL,6.797e-05,380.0287968
31469578,2017-12-25T23:59:29.287,BUY,6.8e-05,362.90322576
31469582,2017-12-25T23:59:29.833,BUY,6.8e-05,137.77267508
31469584,2017-12-25T23:59:29.973,BUY,6.8e-05,131.14754096
31469587,2017-12-25T23:59:30.66,BUY,6.8e-05,62.32147492
31469589,2017-12-25T23:59:30.897,BUY,6.8e-05,52.63157892
31469591,2017-12-25T23:59:30.943,BUY,6.8e-05,89.4736842
31469593,2017-12-25T23:59:31.35,BUY,6.8e-05,26.73082253
31469596,2017-12-25T23:59:31.82,SELL,6.797e-05,1081.99697611
31469598,2017-12-25T23:59:32.07,BUY,6.8e-05,37.70511793
31469600,2017-12-25T23:59:32.757,BUY,6.8e-05,1496.52592192
31469603,2017-12-25T23:59:33.02,BUY,6.8e-05,1068.23340896
31469605,2017-12-25T23:59:33.35,BUY,6.8e-05,128.02458068
31469607,2017-12-25T23:59:34.053,BUY,6.8e-05,102.94117647
31469609,2017-12-25T23:59:34.083,BUY,6.8e-05,155.92515592
31469611,2017-12-25T23:59:34.24,BUY,6.8e-05,188.950499
31469613,2017-12-25T23:59:34.38,BUY,6.8e-05,1215.18987328
31469614,2017-12-25T23:59:35.163,SELL,6.795e-05,69.01055054
31469616,2017-12-25T23:59:35.223,BUY,6.8e-05,207.0393374
31469618,2017-12-25T23:59:35.397,BUY,6.8e-05,736.84210516
31469623,2017-12-25T23:59:36.083,BUY,6.8e-05,80.29299901
31469625,2017-12-25T23:59:36.427,BUY,6.8e-05,9213.79849368
31469627,2017-12-25T23:59:36.473,BUY,6.8e-05,44.11764706
31469629,2017-12-25T23:59:36.677,BUY,6.8e-05,95.063577
31469631,2017-12-25T23:59:37.07,SELL,6.797e-05,58.99822863
31469632,2017-12-25T23:59:37.07,SELL,6.795e-05,493.95408583
31469633,2017-12-25T23:59:37.083,SELL,6.795e-05,674.17622243
31469635,2017-12-25T23:59:37.13,BUY,6.795e-05,32.0684126
31469638,2017-12-25T23:59:37.723,BUY,6.795e-05,5305.15138624
31469640,2017-12-25T23:59:37.833,SELL,6.793e-05,18.13113557
31469641,2017-12-25T23:59:37.833,SELL,6.787e-05,20.99939172
31469642,2017-12-25T23:59:37.833,SELL,6.782e-05,1000.0
31469645,2017-12-25T23:59:38.647,BUY,6.782e-05,525.55329
31469647,2017-12-25T23:59:39.037,BUY,6.782e-05,185.31618271
31469648,2017-12-25T23:59:39.037,BUY,6.795e-05,781.64523429
31469652,2017-12-25T23:59:39.663,BUY,6.795e-05,16.27560016
31469654,2017-12-25T23:59:39.803,BUY,6.795e-05,1898.957756
31469657,2017-12-25T23:59:39.913,BUY,6.795e-05,1316.30906935
31469661,2017-12-25T23:59:40.537,BUY,6.795e-05,137.17421124
31469665,2017-12-25T23:59:41.35,BUY,6.795e-05,278.07486624
31469668,2017-12-25T23:59:42.507,BUY,6.795e-05,40.75533214
31469670,2017-12-25T23:59:42.537,BUY,6.795e-05,1106.228257
31469672,2017-12-25T23:59:42.927,BUY,6.795e-05,2754.775013
31469674,2017-12-25T23:59:43.147,BUY,6.795e-05,105.45632485
31469676,2017-12-25T23:59:43.27,SELL,6.795e-05,44.86440264
31469677,2017-12-25T23:59:43.27,SELL,6.781e-05,400.0
31469678,2017-12-25T23:59:43.27,SELL,6.766e-05,6404.82410525
31469679,2017-12-25T23:59:43.27,SELL,6.765e-05,132.3706725
31469680,2017-12-25T23:59:43.27,SELL,6.765e-05,500.0
31469681,2017-12-25T23:59:43.27,SELL,6.765e-05,19.84365556
31469682,2017-12-25T23:59:43.27,SELL,6.764e-05,2587.60024816
31469689,2017-12-25T23:59:44.6,BUY,6.797e-05,20.0
31469690,2017-12-25T23:59:44.6,BUY,6.8e-05,299.14893616
31469692,2017-12-25T23:59:44.93,BUY,6.8e-05,165.04269
31469694,2017-12-25T23:59:45.54,BUY,6.766e-05,1312.5
31469698,2017-12-25T23:59:45.943,SELL,6.767e-05,534.69964533
31469700,2017-12-25T23:59:45.96,BUY,6.766e-05,85.18479733
31469712,2017-12-25T23:59:48.07,BUY,6.766e-05,14.10821636
31469713,2017-12-25T23:59:48.07,BUY,6.782e-05,50.53824828
31469727,2017-12-25T23:59:53.18,BUY,6.782e-05,145.8504191
31469730,2017-12-25T23:59:53.367,BUY,6.782e-05,64.17112296
31469732,2017-12-25T23:59:57.21,SELL,6.765e-05,2083.335
31469734,2017-12-25T23:59:57.82,BUY,6.765e-05,645.371
31469737,2017-12-25T23:59:57.867,BUY,6.765e-05,17.0
31469743,2017-12-25T23:59:58.57,BUY,6.765e-05,840.97972626
31469745,2017-12-25T23:59:58.757,BUY,6.765e-05,2768.89964528
31469748,2017-12-25T23:59:59.257,BUY,6.765e-05,83.4063729
31469750,2017-12-25T23:59:59.273,BUY,6.765e-05,83.4063729
31469752,2017-12-25T23:59:59.96,BUY,6.765e-05,385.15188528
31469760,2017-12-26T00:00:00.65,BUY,6.765e-05,1472.01635568
31469763,2017-12-26T00:00:00.99,BUY,6.765e-05,87.57008688
31469765,2017-12-26T00:00:01.32,BUY,6.765e-05,292.671388
31469770,2017-12-26T00:00:02.18,BUY,6.765e-05,553.80858034
31469771,2017-12-26T00:00:02.18,BUY,6.782e-05,347.67571844
31469772,2017-12-26T00:00:02.18,BUY,6.782e-05,458.38418008
31469773,2017-12-26T00:00:02.18,BUY,6.782e-05,377.900998
31469774,2017-12-26T00:00:02.18,BUY,6.795e-05,102.48710537
31469775,2017-12-26T00:00:02.18,BUY,6.795e-05,676.21298993
31469776,2017-12-26T00:00:02.18,BUY,6.799e-05,276.58444245
31469803,2017-12-26T00:00:06.947,BUY,6.8e-05,90.57998072
31469807,2017-12-26T00:00:07.367,BUY,6.8e-05,266.01919852
31469816,2017-12-26T00:00:08.133,BUY,6.8e-05,5865.05953255
31469827,2017-12-26T00:00:11.367,SELL,6.765e-05,18.10682926
31469828,2017-12-26T00:00:11.367,SELL,6.765e-05,1490.72734798
31469831,2017-12-26T00:00:11.523,BUY,6.799e-05,50.23357683
31469832,2017-12-26T00:00:11.523,BUY,6.8e-05,53.17903949
31469833,2017-12-26T00:00:11.71,SELL,6.765e-05,20.0
31469837,2017-12-26T00:00:12.383,BUY,6.8e-05,7466.78404963
31469839,2017-12-26T00:00:12.553,BUY,6.8e-05,6652.3877072
31469843,2017-12-26T00:00:13.1,BUY,6.8e-05,51.47058823
31469847,2017-12-26T00:00:13.493,BUY,6.8e-05,361.89737624
31469849,2017-12-26T00:00:13.913,BUY,6.8e-05,260.53639844
31469850,2017-12-26T00:00:14.257,SELL,6.766e-05,1471.56252559
31469851,2017-12-26T00:00:14.257,SELL,6.765e-05,19.66914415
31469852,2017-12-26T00:00:14.257,SELL,6.765e-05,101.35756097
31469853,2017-12-26T00:00:14.257,SELL,6.765e-05,63.9229756
31469854,2017-12-26T00:00:14.257,SELL,6.765e-05,12.50443902
31469855,2017-12-26T00:00:14.257,SELL,6.765e-05,221.72949002
31469856,2017-12-26T00:00:14.257,SELL,6.765e-05,1099.95933287
31469859,2017-12-26T00:00:14.367,BUY,6.8e-05,199.00497512
31469861,2017-12-26T00:00:14.523,BUY,6.8e-05,232.26571984
31469865,2017-12-26T00:00:14.68,BUY,6.8e-05,5447.32016852
31469866,2017-12-26T00:00:14.68,BUY,6.8e-05,19.30645161
31469867,2017-12-26T00:00:14.68,BUY,6.8e-05,2440.93903722
31469870,2017-12-26T00:00:14.883,BUY,6.8e-05,28.53581276
31469872,2017-12-26T00:00:15.1,BUY,6.8e-05,37.17472118
31469874,2017-12-26T00:00:15.197,BUY,6.8e-05,73.07145132
31469875,2017-12-26T00:00:15.303,SELL,6.765e-05,200.62343094
31469882,2017-12-26T00:00:15.837,BUY,6.8e-05,561.81227961
31469884,2017-12-26T00:00:15.913,BUY,6.8e-05,1455.00007432
31469885,2017-12-26T00:00:15.913,BUY,6.8e-05,1200.0
31469886,2017-12-26T00:00:15.913,BUY,6.8e-05,1566.12024911
31469887,2017-12-26T00:00:15.913,BUY,6.8e-05,15.0
31469888,2017-12-26T00:00:15.913,BUY,6.8e-05,1168.03093284
31469889,2017-12-26T00:00:15.913,BUY,6.8e-05,357.82513623
31469890,2017-12-26T00:00:15.913,BUY,6.8e-05,38.39099115
31469891,2017-12-26T00:00:15.913,BUY,6.8e-05,500.0
31469892,2017-12-26T00:00:15.913,BUY,6.8e-05,13.0
31469893,2017-12-26T00:00:15.913,BUY,6.8e-05,161.30800679
31469895,2017-12-26T00:00:16.053,BUY,6.8e-05,98.87760554
31469897,2017-12-26T00:00:16.087,BUY,6.8e-05,2219.61550638
31469920,2017-12-26T00:00:18.133,SELL,6.816e-05,491.08488293
31469925,2017-12-26T00:00:18.633,SELL,6.816e-05,68.60199184
31469928,2017-12-26T00:00:19.26,BUY,6.842e-05,1387.906
31469929,2017-12-26T00:00:19.26,BUY,6.843e-05,4409.85983255
31469943,2017-12-26T00:00:20.947,SELL,6.848e-05,35.45849564
31469953,2017-12-26T00:00:24.617,SELL,6.844e-05,98.75442894
31469954,2017-12-26T00:00:24.617,SELL,6.816e-05,643.15002108
31469958,2017-12-26T00:00:25.307,BUY,6.848e-05,50.0
31469969,2017-12-26T00:00:27.9,SELL,6.816e-05,1582.26856805
31469971,2017-12-26T00:00:28.383,SELL,6.816e-05,120.51644114
31469974,2017-12-26T00:00:28.587,BUY,6.816e-05,258.93319522
31469978,2017-12-26T00:00:29.54,BUY,6.816e-05,140.35087716
31469982,2017-12-26T00:00:29.947,BUY,6.816e-05,421.10509357
31469986,2017-12-26T00:00:30.15,BUY,6.816e-05,61.15428716
31469993,2017-12-26T00:00:31.523,BUY,6.816e-05,304.1998876
31469994,2017-12-26T00:00:31.587,SELL,6.801e-05,237.08423162
31469999,2017-12-26T00:00:32.133,BUY,6.816e-05,221.90009863
31470001,2017-12-26T00:00:32.227,BUY,6.816e-05,71.86389028
31470003,2017-12-26T00:00:32.243,BUY,6.816e-05,40.08551576
31470005,2017-12-26T00:00:32.587,BUY,6.816e-05,319.61646016
31470007,2017-12-26T00:00:32.617,BUY,6.816e-05,54.200542
31470010,2017-12-26T00:00:33.367,BUY,6.816e-05,60.6060606
31470012,2017-12-26T00:00:33.76,BUY,6.816e-05,40.2144772
31470014,2017-12-26T00:00:33.883,BUY,6.816e-05,203.64006612
31470016,2017-12-26T00:00:33.913,BUY,6.816e-05,63.16620604
31470018,2017-12-26T00:00:34.023,BUY,6.816e-05,102.90712628
31470030,2017-12-26T00:00:35.353,BUY,6.816e-05,66.33939232
31470032,2017-12-26T00:00:35.43,BUY,6.816e-05,63.7755102
31470034,2017-12-26T00:00:36.79,BUY,6.816e-05,247.14079136
31470037,2017-12-26T00:00:36.853,BUY,6.816e-05,83.03755558
31470040,2017-12-26T00:00:37.023,BUY,6.847e-05,20.44392523
31470045,2017-12-26T00:00:37.587,BUY,6.847e-05,9.55607477
31470046,2017-12-26T00:00:37.587,BUY,6.848e-05,127.32605447
31470051,2017-12-26T00:00:37.697,SELL,6.816e-05,63.67605944
31470052,2017-12-26T00:00:37.697,SELL,6.801e-05,31.76270457
31470065,2017-12-26T00:00:39.917,BUY,6.816e-05,20.0
31470073,2017-12-26T00:00:41.46,BUY,6.816e-05,61.22448976
31470077,2017-12-26T00:00:41.837,SELL,6.802e-05,1465.87241247
31470078,2017-12-26T00:00:41.837,SELL,6.801e-05,68.23729543
31470079,2017-12-26T00:00:41.837,SELL,6.801e-05,886.61297669
31470086,2017-12-26T00:00:43.883,BUY,6.816e-05,40.49502551
31470099,2017-12-26T00:00:47.023,SELL,6.816e-05,6039.60601636
31470106,2017-12-26T00:00:48.853,BUY,6.842e-05,1507.6228663
31470130,2017-12-26T00:00:52.523,BUY,6.842e-05,535.03934741
31470132,2017-12-26T00:00:52.557,BUY,6.842e-05,870.58708628
31470147,2017-12-26T00:00:54.51,BUY,6.842e-05,87.76669842
31470158,2017-12-26T00:00:57.633,BUY,6.842e-05,133.61838588
31470163,2017-12-26T00:00:59.48,BUY,6.842e-05,4245.72110916
31470165,2017-12-26T00:00:59.777,BUY,6.842e-05,32.55120032
31470168,2017-12-26T00:01:00.963,BUY,6.842e-05,1823.86659708
31470170,2017-12-26T00:01:01.777,SELL,6.816e-05,1237.24050743
31470171,2017-12-26T00:01:01.777,SELL,6.816e-05,83.94615825
31470172,2017-12-26T00:01:01.777,SELL,6.816e-05,87.80809859
31470177,2017-12-26T00:01:02.68,BUY,6.816e-05,474.40213786
31470178,2017-12-26T00:01:02.68,BUY,6.842e-05,2912.37366937
31470183,2017-12-26T00:01:03.777,BUY,6.842e-05,263.27937299
31470186,2017-12-26T00:01:03.87,BUY,6.842e-05,265.6449552
31470189,2017-12-26T00:01:04.15,BUY,6.842e-05,625.0
31470191,2017-12-26T00:01:05.197,SELL,6.823e-05,1054.17171566
31470196,2017-12-26T00:01:06.213,BUY,6.816e-05,1753.24741985
31470197,2017-12-26T00:01:06.213,BUY,6.841e-05,1124.46235738
31470198,2017-12-26T00:01:06.213,BUY,6.842e-05,478.65079152
31470208,2017-12-26T00:01:08.853,BUY,6.842e-05,870.42641466
31470209,2017-12-26T00:01:08.853,BUY,6.842e-05,34.55189203
31470210,2017-12-26T00:01:08.853,BUY,6.842e-05,152.64522309
31470214,2017-12-26T00:01:09.277,BUY,6.842e-05,26.37318327
31470219,2017-12-26T00:01:09.98,BUY,6.842e-05,57.00087693
31470226,2017-12-26T00:01:10.65,BUY,6.842e-05,119.94468596
31470227,2017-12-26T00:01:10.65,BUY,6.842e-05,45.0
31470228,2017-12-26T00:01:10.65,BUY,6.842e-05,151.15376386
31470232,2017-12-26T00:01:11.43,BUY,6.842e-05,53.39028296
31470240,2017-12-26T00:01:12.87,BUY,6.842e-05,65.20788145
31470246,2017-12-26T00:01:13.883,SELL,6.847e-05,12.66616068
31470249,2017-12-26T00:01:14.43,BUY,6.848e-05,466.56327597
31470275,2017-12-26T00:01:20.573,BUY,6.859e-05,6880.91148199
31470280,2017-12-26T00:01:21.573,SELL,6.848e-05,258.408938
31470289,2017-12-26T00:01:23.057,BUY,6.859e-05,13.97861593
31470290,2017-12-26T00:01:23.323,SELL,6.848e-05,774.42289791
31470294,2017-12-26T00:01:26.057,SELL,6.847e-05,47.26419288
31470295,2017-12-26T00:01:26.057,SELL,6.847e-05,38.2041252
31470297,2017-12-26T00:01:27.37,BUY,6.848e-05,474.09189192
31470299,2017-12-26T00:01:27.98,BUY,6.848e-05,79.0984163
31470300,2017-12-26T00:01:27.98,BUY,6.859e-05,321.75674136
31470303,2017-12-26T00:01:28.65,BUY,6.859e-05,147.78536964
31470304,2017-12-26T00:01:28.917,SELL,6.848e-05,146.02803738
31470305,2017-12-26T00:01:28.917,SELL,6.847e-05,26.00004962
31470306,2017-12-26T00:01:28.917,SELL,6.817e-05,427.971913
31470308,2017-12-26T00:01:30.23,SELL,6.817e-05,107.65162961
31470321,2017-12-26T00:01:32.777,SELL,6.817e-05,926.90313675
31470322,2017-12-26T00:01:32.777,SELL,6.816e-05,733.56807511
31470323,2017-12-26T00:01:32.777,SELL,6.804e-05,1766.96510802
31470324,2017-12-26T00:01:32.777,SELL,6.801e-05,1201.43604478
31470329,2017-12-26T00:01:34.243,BUY,6.848e-05,73.71665996
31470331,2017-12-26T00:01:34.34,BUY,6.848e-05,32.6203501
31470361,2017-12-26T00:01:39.2,BUY,6.858e-05,80.0
31470370,2017-12-26T00:01:41.7,SELL,6.858e-05,60.0
31470371,2017-12-26T00:01:41.7,SELL,6.848e-05,57.79759932
31470376,2017-12-26T00:01:41.9,BUY,6.859e-05,61.67663391
31470377,2017-12-26T00:01:41.9,BUY,6.86e-05,250.0
31470385,2017-12-26T00:01:43.213,SELL,6.858e-05,58.95559136
31470388,2017-12-26T00:01:43.853,SELL,6.858e-05,4.74440864
31470389,2017-12-26T00:01:43.853,SELL,6.848e-05,479.0587584
31470393,2017-12-26T00:01:44.9,SELL,6.848e-05,22.87729493
31470397,2017-12-26T00:01:46.59,BUY,6.858e-05,3213.29219949
31470410,2017-12-26T00:01:49.81,SELL,6.858e-05,100.0
31470412,2017-12-26T00:01:50.293,BUY,6.859e-05,767.81051581
31470424,2017-12-26T00:01:53.87,BUY,6.864e-05,68.587106
31470425,2017-12-26T00:01:53.87,BUY,6.864e-05,773.8183103
31470426,2017-12-26T00:01:53.87,BUY,6.864e-05,31.09670283
31470438,2017-12-26T00:01:58.95,SELL,6.859e-05,77.34668115
31470439,2017-12-26T00:01:58.95,SELL,6.859e-05,604.36585068
31470445,2017-12-26T00:01:59.997,BUY,6.866e-05,37.47050616
31470447,2017-12-26T00:02:01.06,SELL,6.866e-05,562.52949384
31470448,2017-12-26T00:02:01.06,SELL,6.859e-05,1291.73585452
31470449,2017-12-26T00:02:01.06,SELL,6.859e-05,1721.02689896
31470450,2017-12-26T00:02:01.06,SELL,6.858e-05,1974.94916131
31470456,2017-12-26T00:02:03.933,BUY,6.864e-05,13.37574932
31470460,2017-12-26T00:02:04.513,BUY,6.867e-05,571.92839581
31470461,2017-12-26T00:02:04.513,BUY,6.867e-05,80.0
31470478,2017-12-26T00:02:11.577,BUY,6.884e-05,29.05287623
31470479,2017-12-26T00:02:11.577,BUY,6.896e-05,41.63389573
31470484,2017-12-26T00:02:12.89,SELL,6.896e-05,108.17037778
31470489,2017-12-26T00:02:13.513,SELL,6.896e-05,30.0
31470501,2017-12-26T00:02:17.247,BUY,6.898e-05,459.67192774
31470502,2017-12-26T00:02:17.623,SELL,6.896e-05,150.0
31470512,2017-12-26T00:02:19.95,BUY,6.898e-05,741.76411704
31470513,2017-12-26T00:02:19.95,BUY,6.899e-05,824.91015249
31470522,2017-12-26T00:02:22.2,SELL,6.896e-05,367.75998313
31470523,2017-12-26T00:02:22.2,SELL,6.859e-05,183.83152065
31470524,2017-12-26T00:02:22.2,SELL,6.859e-05,448.40849622
31470535,2017-12-26T00:02:24.327,BUY,6.896e-05,53.9542226
31470546,2017-12-26T00:02:26.717,BUY,6.896e-05,531.2899104
31470550,2017-12-26T00:02:27.607,BUY,6.896e-05,1388.50811623
31470551,2017-12-26T00:02:27.607,BUY,6.899e-05,467.25981902
31470579,2017-12-26T00:02:35.093,BUY,6.899e-05,40.00533404
31470581,2017-12-26T00:02:35.17,BUY,6.899e-05,109.58904104
31470584,2017-12-26T00:02:35.827,SELL,6.898e-05,105.8984177
31470593,2017-12-26T00:02:38.093,BUY,6.899e-05,1095.05392162
31470594,2017-12-26T00:02:38.093,BUY,6.899e-05,213.7984562
31470595,2017-12-26T00:02:38.093,BUY,6.899e-05,145.94823676
31470605,2017-12-26T00:02:40.513,SELL,6.898e-05,28.5898539
31470628,2017-12-26T00:02:46.123,BUY,6.899e-05,36.63451508
31470638,2017-12-26T00:02:48.25,BUY,6.899e-05,53.46164506
31470647,2017-12-26T00:02:49.5,BUY,6.899e-05,82.43659539
31470648,2017-12-26T00:02:49.5,BUY,6.903e-05,18.10682926
31470649,2017-12-26T00:02:49.5,BUY,6.931e-05,1334.29547063
31470656,2017-12-26T00:02:50.467,BUY,6.899e-05,50.0
31470657,2017-12-26T00:02:50.483,SELL,6.899e-05,292.09872937
31470674,2017-12-26T00:02:54.31,SELL,6.898e-05,506.59433423
31470676,2017-12-26T00:02:54.61,BUY,6.933e-05,69.74311066
31470684,2017-12-26T00:02:57.513,BUY,6.93e-05,406.94230216
31470702,2017-12-26T00:03:02.11,BUY,6.933e-05,14.34102968
31470715,2017-12-26T00:03:05.343,SELL,6.93e-05,434.0
31470727,2017-12-26T00:03:07.78,SELL,6.93e-05,36.87259294
31470739,2017-12-26T00:03:11.873,SELL,6.93e-05,21.88843683
31470740,2017-12-26T00:03:11.873,SELL,6.93e-05,143.93835751
31470745,2017-12-26T00:03:12.86,SELL,6.93e-05,0.00103643
31470752,2017-12-26T00:03:13.577,BUY,6.928e-05,165.82575791
31470753,2017-12-26T00:03:13.577,BUY,6.933e-05,541.98270513
31470754,2017-12-26T00:03:13.577,BUY,6.937e-05,100.0
31470755,2017-12-26T00:03:13.577,BUY,6.937e-05,53.626491
31470756,2017-12-26T00:03:13.577,BUY,6.946e-05,2133.66334246
31470769,2017-12-26T00:03:16.233,SELL,6.933e-05,211.20699508
31470785,2017-12-26T00:03:22.42,BUY,6.94e-05,28.77697841
31470801,2017-12-26T00:03:26.487,BUY,6.94e-05,15.24357289
31470802,2017-12-26T00:03:26.487,BUY,6.946e-05,27.98703255
31470803,2017-12-26T00:03:26.487,BUY,6.95e-05,116.8507057
31470819,2017-12-26T00:03:31.143,SELL,6.946e-05,318.901709
31470839,2017-12-26T00:03:36.177,BUY,6.949e-05,1631.97478514
31470848,2017-12-26T00:03:37.847,BUY,6.949e-05,575.72162651
31470849,2017-12-26T00:03:37.847,BUY,6.95e-05,29.17733168
31470850,2017-12-26T00:03:37.847,BUY,6.952e-05,146.71361502
31470851,2017-12-26T00:03:37.847,BUY,6.954e-05,67.069081
31470852,2017-12-26T00:03:37.847,BUY,6.956e-05,34.86345148
31470853,2017-12-26T00:03:37.847,BUY,6.968e-05,1576.864
31470854,2017-12-26T00:03:37.847,BUY,6.974e-05,101.35756097
31470855,2017-12-26T00:03:37.847,BUY,6.974e-05,63.9229756
31470856,2017-12-26T00:03:37.847,BUY,6.984e-05,25.91951088
31470857,2017-12-26T00:03:37.847,BUY,6.986e-05,145.70643214
31470858,2017-12-26T00:03:37.847,BUY,6.987e-05,3280.83107682
31470859,2017-12-26T00:03:37.847,BUY,6.999e-05,400.0
31470863,2017-12-26T00:03:38.113,SELL,6.94e-05,22.73910003
31470864,2017-12-26T00:03:38.113,SELL,6.933e-05,363.34534213
31470888,2017-12-26T00:03:42.27,SELL,6.952e-05,64.20417482
31470923,2017-12-26T00:03:51.583,BUY,6.964e-05,707.97662766
31470927,2017-12-26T00:03:52.723,BUY,6.964e-05,210.32901907
31470929,2017-12-26T00:03:52.957,BUY,6.964e-05,5.9948268
31470930,2017-12-26T00:03:52.957,BUY,6.964e-05,612.22261449
31470933,2017-12-26T00:03:53.363,SELL,6.964e-05,114.47088899
31470964,2017-12-26T00:03:58.817,BUY,6.984e-05,1339.77261491
31470966,2017-12-26T00:03:59.05,BUY,6.984e-05,1565.84929013
31470971,2017-12-26T00:04:00.113,SELL,6.984e-05,197.210088
31470977,2017-12-26T00:04:01.253,SELL,6.984e-05,72.77163303
31470982,2017-12-26T00:04:01.63,SELL,6.984e-05,72.77163303
31470984,2017-12-26T00:04:01.8,BUY,7.01e-05,44.11764706
31470985,2017-12-26T00:04:01.8,BUY,7.032e-05,115.73676396
31470986,2017-12-26T00:04:01.8,BUY,7.033e-05,41.83614178
31470987,2017-12-26T00:04:01.8,BUY,7.034e-05,102.49393764
31470988,2017-12-26T00:04:01.8,BUY,7.039e-05,500.0
31470989,2017-12-26T00:04:01.8,BUY,7.05e-05,294.0
31470990,2017-12-26T00:04:01.8,BUY,7.05e-05,960.44324638
31471009,2017-12-26T00:04:05.083,SELL,6.985e-05,96.06390761
31471017,2017-12-26T00:04:07.443,BUY,7.029e-05,1989.655
31471018,2017-12-26T00:04:07.443,BUY,7.033e-05,6921.53
31471019,2017-12-26T00:04:07.443,BUY,7.049e-05,2000.0
31471020,2017-12-26T00:04:07.443,BUY,7.05e-05,2034.65505012
31471021,2017-12-26T00:04:07.443,BUY,7.05e-05,532.65274137
31471031,2017-12-26T00:04:09.333,BUY,7.028e-05,1207.16050249
31471035,2017-12-26T00:04:10.193,BUY,7.029e-05,416.6773138
31471039,2017-12-26T00:04:10.85,BUY,7.028e-05,318.99943474
31471051,2017-12-26T00:04:12.473,BUY,7.028e-05,1888.69697691
31471052,2017-12-26T00:04:12.473,BUY,7.029e-05,1291.85853038
31471053,2017-12-26T00:04:12.503,SELL,7.001e-05,89.52663056
31471067,2017-12-26T00:04:16.083,SELL,7.001e-05,818.69446076
31471075,2017-12-26T00:04:17.503,BUY,7e-05,3448.3925341
31471100,2017-12-26T00:04:20.613,BUY,7e-05,1087.59116233
31471102,2017-12-26T00:04:20.66,BUY,7e-05,3465.03484146
31471103,2017-12-26T00:04:20.8,SELL,6.985e-05,20.20629171
31471107,2017-12-26T00:04:21.02,BUY,6.985e-05,38.46037495
31471108,2017-12-26T00:04:21.02,BUY,7e-05,3687.61971055
31471112,2017-12-26T00:04:21.583,BUY,7e-05,81.01364927
31471122,2017-12-26T00:04:23.037,BUY,6.999e-05,77.71014116
31471128,2017-12-26T00:04:23.787,BUY,6.999e-05,36.17195629
31471129,2017-12-26T00:04:23.787,BUY,7e-05,685.18904371
31471140,2017-12-26T00:04:25.333,BUY,7e-05,50.0
31471159,2017-12-26T00:04:27.927,SELL,6.985e-05,102.94117647
31471161,2017-12-26T00:04:28.16,BUY,7e-05,2128.79268
31471175,2017-12-26T00:04:30.303,SELL,6.999e-05,429.0
31471177,2017-12-26T00:04:30.91,SELL,6.999e-05,95.90519664
31471178,2017-12-26T00:04:30.91,SELL,6.985e-05,6.1504966
31471179,2017-12-26T00:04:30.973,SELL,6.985e-05,51.47058823
31471180,2017-12-26T00:04:31.177,SELL,6.985e-05,1302.55003183
31471181,2017-12-26T00:04:31.177,SELL,6.984e-05,595.5667719
31471182,2017-12-26T00:04:31.177,SELL,6.984e-05,3000.0
31471191,2017-12-26T00:04:31.96,BUY,6.984e-05,710.68890139
31471198,2017-12-26T00:04:33.757,BUY,7e-05,14.28614178
31471210,2017-12-26T00:04:38.363,SELL,6.987e-05,150.0
31471221,2017-12-26T00:04:40.74,SELL,6.987e-05,350.0
31471222,2017-12-26T00:04:40.74,SELL,6.985e-05,421.61520575
31471223,2017-12-26T00:04:40.74,SELL,6.98e-05,224.26576416
31471224,2017-12-26T00:04:40.74,SELL,6.953e-05,350.20570284
31471248,2017-12-26T00:04:46.037,SELL,6.988e-05,21.4239586
31471249,2017-12-26T00:04:46.037,SELL,6.953e-05,1382.626
31471256,2017-12-26T00:04:49.677,SELL,6.953e-05,18.95320017
31471259,2017-12-26T00:04:50.147,SELL,6.954e-05,500.0
31471268,2017-12-26T00:04:51.163,BUY,7e-05,155.0
31471280,2017-12-26T00:04:52.507,BUY,7e-05,578.34830231
31471283,2017-12-26T00:04:52.96,SELL,6.954e-05,641.541
31471284,2017-12-26T00:04:52.96,SELL,6.953e-05,52.778283
31471285,2017-12-26T00:04:52.96,SELL,6.953e-05,121.76978478
31471286,2017-12-26T00:04:52.96,SELL,6.953e-05,1085.00717141
31471287,2017-12-26T00:04:52.96,SELL,6.952e-05,3404.05514705
31471289,2017-12-26T00:04:53.02,BUY,7e-05,142.85714285
31471290,2017-12-26T00:04:53.177,SELL,6.952e-05,619.20758664
31471298,2017-12-26T00:04:54.63,BUY,7e-05,497.14285714
31471307,2017-12-26T00:04:57.71,BUY,6.988e-05,693.05407908
31471315,2017-12-26T00:04:58.71,SELL,6.952e-05,1000.0
31471338,2017-12-26T00:05:03.85,BUY,6.988e-05,66.19441664
31471342,2017-12-26T00:05:04.833,SELL,6.964e-05,207.25191916
31471343,2017-12-26T00:05:04.833,SELL,6.952e-05,72.35151617
31471344,2017-12-26T00:05:04.833,SELL,6.952e-05,17.88411896
31471345,2017-12-26T00:05:04.833,SELL,6.946e-05,500.0
31471352,2017-12-26T00:05:06.18,BUY,6.946e-05,61.71937086
31471354,2017-12-26T00:05:06.21,BUY,6.946e-05,51.21361215
31471356,2017-12-26T00:05:06.553,BUY,6.946e-05,448.25258918
31471367,2017-12-26T00:05:08.273,SELL,6.94e-05,1200.70410637
31471373,2017-12-26T00:05:08.6,BUY,6.946e-05,878.63162947
31471382,2017-12-26T00:05:09.413,BUY,6.946e-05,36.52018054
31471384,2017-12-26T00:05:09.553,BUY,6.946e-05,479.82503097
31471385,2017-12-26T00:05:09.553,BUY,6.965e-05,110.26014218
31471386,2017-12-26T00:05:09.553,BUY,6.988e-05,245.51177419
31471388,2017-12-26T00:05:09.833,BUY,6.988e-05,95.87864911
31471393,2017-12-26T00:05:11.13,BUY,6.988e-05,42.9307384
31471404,2017-12-26T00:05:12.913,SELL,6.946e-05,189.15294545
31471405,2017-12-26T00:05:12.913,SELL,6.946e-05,1310.30582627
31471408,2017-12-26T00:05:13.21,SELL,6.946e-05,266.01939115
31471420,2017-12-26T00:05:18.053,BUY,6.96e-05,57.0
31471422,2017-12-26T00:05:18.273,SELL,6.988e-05,133.593712
31471423,2017-12-26T00:05:18.82,SELL,6.988e-05,298.45450481
31471426,2017-12-26T00:05:19.1,BUY,7e-05,300.0
31471441,2017-12-26T00:05:22.553,SELL,6.988e-05,70.8741501
31471466,2017-12-26T00:05:28.303,SELL,6.947e-05,221.89794697
31471467,2017-12-26T00:05:28.303,SELL,6.946e-05,94.22516251
31471483,2017-12-26T00:05:30.617,BUY,6.988e-05,73.30116708
31471484,2017-12-26T00:05:30.617,BUY,6.988e-05,144.17531718
31471485,2017-12-26T00:05:30.617,BUY,6.988e-05,288.35063437
31471486,2017-12-26T00:05:30.617,BUY,6.988e-05,144.17531718
31471487,2017-12-26T00:05:30.617,BUY,6.988e-05,131.4929171
31471510,2017-12-26T00:05:33.193,SELL,6.951e-05,405.88301695
31471532,2017-12-26T00:05:37.587,BUY,6.986e-05,143.10246136
31471533,2017-12-26T00:05:37.587,BUY,6.986e-05,286.20492272
31471535,2017-12-26T00:05:37.727,BUY,6.986e-05,84.65770319
31471540,2017-12-26T00:05:37.99,BUY,6.986e-05,143.10246136
31471543,2017-12-26T00:05:38.303,BUY,6.986e-05,528.33428734
31471556,2017-12-26T00:05:39.587,BUY,6.986e-05,50.08586147
31471563,2017-12-26T00:05:40.803,SELL,6.951e-05,1395.59398305
31471570,2017-12-26T00:05:41.727,BUY,6.951e-05,66.25031937
31471572,2017-12-26T00:05:41.74,BUY,6.951e-05,123.178327
31471577,2017-12-26T00:05:41.883,BUY,6.951e-05,16.56257985
31471580,2017-12-26T00:05:41.93,BUY,6.951e-05,50.08586147
31471591,2017-12-26T00:05:44.087,BUY,6.95e-05,898.561356
31471616,2017-12-26T00:05:49.273,SELL,6.948e-05,105.24788148
31471617,2017-12-26T00:05:49.273,SELL,6.948e-05,48.92271622
31471618,2017-12-26T00:05:49.273,SELL,6.946e-05,329.44962007
31471622,2017-12-26T00:05:50.1,BUY,6.95e-05,47.2373318
31471645,2017-12-26T00:05:53.383,SELL,6.94e-05,76.43339688
31471646,2017-12-26T00:05:53.383,SELL,6.94e-05,148.99652277
31471647,2017-12-26T00:05:53.383,SELL,6.901e-05,2774.57008035
31471650,2017-12-26T00:05:53.587,BUY,6.95e-05,3963.38671307
31471653,2017-12-26T00:05:54.053,BUY,6.95e-05,1061.74292839
31471678,2017-12-26T00:05:58.01,BUY,6.95e-05,485.60176998
31471679,2017-12-26T00:05:58.087,SELL,6.94e-05,1410.37677656
31471680,2017-12-26T00:05:58.087,SELL,6.901e-05,830.1567193
31471681,2017-12-26T00:05:58.087,SELL,6.901e-05,1348.72946444
31471684,2017-12-26T00:05:58.493,BUY,6.901e-05,50.56890013
31471686,2017-12-26T00:05:58.493,BUY,6.901e-05,2363.36662687
31471687,2017-12-26T00:05:58.523,SELL,6.898e-05,13.0
31471690,2017-12-26T00:05:58.82,BUY,6.898e-05,1872.46610714
31471691,2017-12-26T00:05:58.82,BUY,6.901e-05,1169.81238849
31471695,2017-12-26T00:05:59.07,BUY,6.95e-05,307.46590069
31471696,2017-12-26T00:05:59.07,BUY,6.951e-05,601.34637304
31471715,2017-12-26T00:06:00.993,BUY,6.94e-05,21.00080779
31471716,2017-12-26T00:06:00.993,BUY,6.95e-05,1234.59417381
31471717,2017-12-26T00:06:00.993,BUY,6.95e-05,290.91216491
31471718,2017-12-26T00:06:00.993,BUY,6.95e-05,400.0
31471719,2017-12-26T00:06:00.993,BUY,6.951e-05,201.132243
31471724,2017-12-26T00:06:01.82,BUY,6.94e-05,43.41252233
31471729,2017-12-26T00:06:02.807,BUY,6.94e-05,143.88489208
31471739,2017-12-26T00:06:04.32,BUY,6.94e-05,1435.25222914
31471751,2017-12-26T00:06:05.76,SELL,6.899e-05,207.63946711
31471753,2017-12-26T00:06:06.057,SELL,6.899e-05,2419.92495784
31471754,2017-12-26T00:06:06.057,SELL,6.89e-05,2049.862
31471757,2017-12-26T00:06:06.197,BUY,6.888e-05,2627.58084733
31471762,2017-12-26T00:06:06.557,BUY,6.888e-05,75.64307062
31471763,2017-12-26T00:06:06.557,BUY,6.94e-05,72.26694112
31471768,2017-12-26T00:06:07.273,BUY,6.94e-05,26.29157353
31471784,2017-12-26T00:06:11.9,SELL,6.88e-05,983.48323741
31471794,2017-12-26T00:06:13.76,BUY,6.94e-05,233.68456556
31471805,2017-12-26T00:06:15.68,BUY,6.939e-05,50.0
31471807,2017-12-26T00:06:15.743,BUY,6.939e-05,300.0
31471822,2017-12-26T00:06:17.46,BUY,6.939e-05,338.35622795
31471824,2017-12-26T00:06:17.73,BUY,6.939e-05,78.735809
31471828,2017-12-26T00:06:17.947,BUY,6.939e-05,1062.5798208
31471831,2017-12-26T00:06:18.18,SELL,6.867e-05,183.83152065
31471832,2017-12-26T00:06:18.18,SELL,6.865e-05,145.30316597
31471833,2017-12-26T00:06:18.18,SELL,6.865e-05,576.29126903
31471837,2017-12-26T00:06:18.62,BUY,6.939e-05,1600.88048194
31471847,2017-12-26T00:06:20.21,BUY,6.938e-05,576.29126903
31471848,2017-12-26T00:06:20.21,BUY,6.939e-05,74.68181706
31471859,2017-12-26T00:06:21.51,BUY,6.867e-05,216.38448376
31471861,2017-12-26T00:06:21.557,BUY,6.867e-05,486.67483471
31471863,2017-12-26T00:06:21.633,BUY,6.867e-05,123.784567
31471865,2017-12-26T00:06:21.65,BUY,6.867e-05,123.784567
31471867,2017-12-26T00:06:21.743,BUY,6.867e-05,144.620062
31471872,2017-12-26T00:06:22.62,BUY,6.867e-05,1456.2400056
31471875,2017-12-26T00:06:22.853,BUY,6.867e-05,913.54632139
31471891,2017-12-26T00:06:25.977,BUY,6.867e-05,126.33241208
31471893,2017-12-26T00:06:26.15,BUY,6.867e-05,14.37527021
31471894,2017-12-26T00:06:26.32,SELL,6.864e-05,106.79876749
31471895,2017-12-26T00:06:26.32,SELL,6.863e-05,343.71972761
31471898,2017-12-26T00:06:26.57,BUY,6.867e-05,238.22289546
31471903,2017-12-26T00:06:26.963,BUY,6.867e-05,86.359003
31471923,2017-12-26T00:06:28.853,BUY,6.867e-05,202.116404
31471926,2017-12-26T00:06:28.9,BUY,6.867e-05,57.28828595
31471928,2017-12-26T00:06:28.93,BUY,6.867e-05,149.75790005
31471934,2017-12-26T00:06:29.43,BUY,6.867e-05,282.98503324
31471935,2017-12-26T00:06:29.43,BUY,6.937e-05,150.01496676
31471954,2017-12-26T00:06:32.883,SELL,6.88e-05,184.25129869
31471955,2017-12-26T00:06:32.883,SELL,6.87e-05,430.0
31471956,2017-12-26T00:06:32.883,SELL,6.868e-05,2655.60330137
31471959,2017-12-26T00:06:33.523,BUY,6.936e-05,145.30316597
31471961,2017-12-26T00:06:34.243,BUY,6.938e-05,2009.98252462
31471977,2017-12-26T00:06:37.697,SELL,6.936e-05,193.70476085
31471979,2017-12-26T00:06:38.277,SELL,6.936e-05,637.38588014
31472001,2017-12-26T00:06:41.43,SELL,6.87e-05,300.0
31472002,2017-12-26T00:06:41.43,SELL,6.867e-05,29.97671254
31472003,2017-12-26T00:06:41.43,SELL,6.867e-05,115.21549581
31472004,2017-12-26T00:06:41.43,SELL,6.867e-05,25.54278416
31472005,2017-12-26T00:06:41.43,SELL,6.865e-05,62.27750844
31472006,2017-12-26T00:06:41.43,SELL,6.862e-05,145.36669111
31472007,2017-12-26T00:06:41.43,SELL,6.862e-05,2321.62080794
31472042,2017-12-26T00:06:47.697,SELL,6.867e-05,57.91063485
31472045,2017-12-26T00:06:48.103,BUY,6.867e-05,150.0
31472049,2017-12-26T00:06:49.713,SELL,6.863e-05,1312.86613721
31472050,2017-12-26T00:06:49.713,SELL,6.862e-05,17.59874554
31472051,2017-12-26T00:06:49.713,SELL,6.861e-05,65.97367534
31472052,2017-12-26T00:06:49.713,SELL,6.861e-05,1532.0874475
31472057,2017-12-26T00:06:50.65,BUY,6.867e-05,389.0
31472062,2017-12-26T00:06:51.51,BUY,6.867e-05,143.77342174
31472064,2017-12-26T00:06:51.76,BUY,6.867e-05,348.37025425
31472068,2017-12-26T00:06:53.073,BUY,6.864e-05,264.50425255
31472071,2017-12-26T00:06:53.557,BUY,6.864e-05,44.93078504
31472072,2017-12-26T00:06:53.573,BUY,6.867e-05,91.17293779
31472074,2017-12-26T00:06:53.667,BUY,6.867e-05,19.77275137
31472081,2017-12-26T00:06:55.167,BUY,6.87e-05,1097.96907473
31472084,2017-12-26T00:06:56.18,BUY,6.87e-05,215.20448397
31472086,2017-12-26T00:06:56.447,SELL,6.867e-05,244.4600698
31472087,2017-12-26T00:06:56.447,SELL,6.861e-05,1700.89008534
31472088,2017-12-26T00:06:56.447,SELL,6.858e-05,156.70858815
31472089,2017-12-26T00:06:56.447,SELL,6.858e-05,469.54523481
31472092,2017-12-26T00:06:57.027,BUY,6.931e-05,183.83152065
31472093,2017-12-26T00:06:57.027,BUY,6.935e-05,31.16847935
31472125,2017-12-26T00:07:04.637,SELL,6.87e-05,40.6441104
31472127,2017-12-26T00:07:05.76,BUY,6.859e-05,435.58981004
31472130,2017-12-26T00:07:06.84,SELL,6.858e-05,244.4600698
31472131,2017-12-26T00:07:06.84,SELL,6.85e-05,57.0427292
31472132,2017-12-26T00:07:06.84,SELL,6.849e-05,1467.33
31472133,2017-12-26T00:07:06.84,SELL,6.848e-05,724.0212844
31472134,2017-12-26T00:07:06.84,SELL,6.848e-05,284.76355839
31472135,2017-12-26T00:07:06.84,SELL,6.848e-05,175.13856317
31472137,2017-12-26T00:07:06.84,BUY,6.859e-05,253.93344798
31472138,2017-12-26T00:07:06.84,BUY,6.863e-05,18.06655202
31472141,2017-12-26T00:07:07.917,BUY,6.863e-05,125.000001
31472145,2017-12-26T00:07:08.963,BUY,6.863e-05,43.74335299
31472153,2017-12-26T00:07:12.917,BUY,6.87e-05,272.0
31472157,2017-12-26T00:07:14.807,SELL,6.864e-05,201.46036266
31472158,2017-12-26T00:07:14.807,SELL,6.859e-05,136.36406524
31472159,2017-12-26T00:07:14.807,SELL,6.848e-05,156.15622847
31472160,2017-12-26T00:07:14.807,SELL,6.848e-05,232.7402143
31472161,2017-12-26T00:07:14.807,SELL,6.842e-05,83.28822783
31472162,2017-12-26T00:07:14.807,SELL,6.842e-05,3153.37761457
31472169,2017-12-26T00:07:17.417,SELL,6.849e-05,2400.0
31472170,2017-12-26T00:07:17.417,SELL,6.842e-05,976.53859926
31472173,2017-12-26T00:07:19.683,BUY,6.848e-05,157.888968
31472176,2017-12-26T00:07:19.933,BUY,6.848e-05,294.82400982
31472177,2017-12-26T00:07:19.933,BUY,6.867e-05,46.14773216
31472178,2017-12-26T00:07:19.933,BUY,6.87e-05,196.14616195
31472184,2017-12-26T00:07:22.073,BUY,6.87e-05,140.0
31472186,2017-12-26T00:07:22.793,SELL,6.82e-05,38.10674487
31472195,2017-12-26T00:07:24.747,BUY,6.82e-05,55.61140735
31472197,2017-12-26T00:07:25.01,BUY,6.82e-05,1e-06
31472205,2017-12-26T00:07:27.637,BUY,6.87e-05,50.26837584
31472206,2017-12-26T00:07:28.073,SELL,6.87e-05,57.31098448
31472219,2017-12-26T00:07:30.603,BUY,6.927e-05,14.43626389
31472220,2017-12-26T00:07:30.637,SELL,6.87e-05,37.98104724
31472224,2017-12-26T00:07:31.777,BUY,6.87e-05,127.72486281
31472226,2017-12-26T00:07:32.403,BUY,6.87e-05,79.0
31472241,2017-12-26T00:07:35.103,BUY,6.87e-05,548.59272142
31472243,2017-12-26T00:07:35.573,BUY,6.87e-05,143.72778056
31472255,2017-12-26T00:07:39.417,BUY,6.87e-05,62.97358797
31472275,2017-12-26T00:07:45.137,SELL,6.817e-05,79.44735044
31472278,2017-12-26T00:07:45.637,SELL,6.87e-05,1451.9650655
31472279,2017-12-26T00:07:45.637,SELL,6.817e-05,26.227585
31472280,2017-12-26T00:07:45.637,SELL,6.816e-05,68.96220423
31472281,2017-12-26T00:07:45.637,SELL,6.816e-05,14.6713615
31472282,2017-12-26T00:07:45.637,SELL,6.816e-05,733.56807511
31472283,2017-12-26T00:07:45.637,SELL,6.815e-05,706.70536101
31472284,2017-12-26T00:07:45.637,SELL,6.815e-05,65.15874656
31472285,2017-12-26T00:07:45.637,SELL,6.815e-05,310.03616333
31472286,2017-12-26T00:07:45.637,SELL,6.814e-05,75.0
31472287,2017-12-26T00:07:45.637,SELL,6.814e-05,798.53959275
31472288,2017-12-26T00:07:45.637,SELL,6.805e-05,7325.934
31472289,2017-12-26T00:07:45.637,SELL,6.803e-05,922.589
31472290,2017-12-26T00:07:45.637,SELL,6.802e-05,145.51741786
31472291,2017-12-26T00:07:45.637,SELL,6.801e-05,1502.81721075
31472292,2017-12-26T00:07:45.637,SELL,6.8e-05,84.98591755
31472293,2017-12-26T00:07:45.637,SELL,6.8e-05,672.6640751
31472294,2017-12-26T00:07:45.637,SELL,6.8e-05,770.60982353
31472295,2017-12-26T00:07:45.637,SELL,6.799e-05,19.03383914
31472296,2017-12-26T00:07:45.637,SELL,6.786e-05,45.0409667
31472297,2017-12-26T00:07:45.637,SELL,6.775e-05,50.76723247
31472298,2017-12-26T00:07:45.637,SELL,6.767e-05,50.95034727
31472299,2017-12-26T00:07:45.637,SELL,6.765e-05,15.85714343
31472300,2017-12-26T00:07:45.637,SELL,6.765e-05,200.0
31472301,2017-12-26T00:07:45.637,SELL,6.764e-05,1836.55705521
31472302,2017-12-26T00:07:45.637,SELL,6.751e-05,500.0
31472303,2017-12-26T00:07:45.637,SELL,6.75e-05,398.0025
31472304,2017-12-26T00:07:45.637,SELL,6.75e-05,50.0
31472305,2017-12-26T00:07:45.637,SELL,6.74e-05,22.1995549
31472306,2017-12-26T00:07:45.637,SELL,6.74e-05,50.0
31472307,2017-12-26T00:07:45.637,SELL,6.734e-05,2227.5022275
31472308,2017-12-26T00:07:45.637,SELL,6.733e-05,400.0
31472309,2017-12-26T00:07:45.637,SELL,6.732e-05,200.0
31472310,2017-12-26T00:07:45.637,SELL,6.731e-05,22.2819789
31472311,2017-12-26T00:07:45.637,SELL,6.729e-05,9965.97416561
31472312,2017-12-26T00:07:45.637,SELL,6.727e-05,57.54422477
31472313,2017-12-26T00:07:45.637,SELL,6.726e-05,29.7328577
31472314,2017-12-26T00:07:45.637,SELL,6.724e-05,115.08782347
31472315,2017-12-26T00:07:45.637,SELL,6.722e-05,3000.0
31472316,2017-12-26T00:07:45.637,SELL,6.72e-05,30.12969531
31472317,2017-12-26T00:07:45.653,SELL,6.72e-05,593.75
31472318,2017-12-26T00:07:45.653,SELL,6.71e-05,20.0
31472319,2017-12-26T00:07:45.653,SELL,6.707e-05,54.83632436
31472320,2017-12-26T00:07:45.653,SELL,6.703e-05,35.69163061
31472321,2017-12-26T00:07:45.653,SELL,6.701e-05,200.0
31472322,2017-12-26T00:07:45.653,SELL,6.7e-05,50.0
31472323,2017-12-26T00:07:45.653,SELL,6.7e-05,4466.41791045
31472324,2017-12-26T00:07:45.653,SELL,6.7e-05,150.0
31472325,2017-12-26T00:07:45.653,SELL,6.7e-05,44664.17910448
31472326,2017-12-26T00:07:45.653,SELL,6.7e-05,131.68608329
31472327,2017-12-26T00:07:45.653,SELL,6.7e-05,1929.96374734
31472328,2017-12-26T00:07:45.653,SELL,6.7e-05,44.7761194
31472329,2017-12-26T00:07:45.653,SELL,6.7e-05,280.0
31472330,2017-12-26T00:07:45.653,SELL,6.699e-05,20898.64158829
31472331,2017-12-26T00:07:45.653,SELL,6.698e-05,1189.95465521
31472332,2017-12-26T00:07:45.653,SELL,6.698e-05,2176.86235971
31472333,2017-12-26T00:07:45.653,SELL,6.69e-05,87.5679657
31472334,2017-12-26T00:07:45.653,SELL,6.689e-05,98.66945732
31472335,2017-12-26T00:07:45.653,SELL,6.688e-05,264.0
31472336,2017-12-26T00:07:45.653,SELL,6.684e-05,26.18825516
31472338,2017-12-26T00:07:46.027,BUY,6.68e-05,1363.93609238
31472340,2017-12-26T00:07:46.137,BUY,6.68e-05,5450.29468282
31472342,2017-12-26T00:07:46.183,BUY,6.68e-05,14.96781919
31472344,2017-12-26T00:07:46.293,BUY,6.68e-05,9734.86333011
31472346,2017-12-26T00:07:46.323,BUY,6.68e-05,14.96781919
31472348,2017-12-26T00:07:46.323,BUY,6.68e-05,12952.1548558
31472350,2017-12-26T00:07:46.403,BUY,6.68e-05,3325.0
31472352,2017-12-26T00:07:46.497,BUY,6.68e-05,3955.53033302
31472354,2017-12-26T00:07:46.527,BUY,6.68e-05,870.4497
31472357,2017-12-26T00:07:46.59,BUY,6.68e-05,2250.42179932
31472359,2017-12-26T00:07:46.637,BUY,6.68e-05,120.409928
31472361,2017-12-26T00:07:46.637,BUY,6.68e-05,434.60893
31472363,2017-12-26T00:07:46.653,BUY,6.68e-05,7259.14387235
31472370,2017-12-26T00:07:46.903,BUY,6.925e-05,54.55962582
31472387,2017-12-26T00:07:47.857,SELL,6.87e-05,62.21404276
31472388,2017-12-26T00:07:47.857,SELL,6.805e-05,222.01804778
31472389,2017-12-26T00:07:47.87,SELL,6.805e-05,600.0
31472390,2017-12-26T00:07:47.887,SELL,6.805e-05,46.47377402
31472408,2017-12-26T00:07:52.01,BUY,6.897e-05,60.23155292
31472409,2017-12-26T00:07:52.01,BUY,6.899e-05,46.549013
31472411,2017-12-26T00:07:52.463,BUY,6.851e-05,30.11577646
31472412,2017-12-26T00:07:52.463,BUY,6.897e-05,103.93248091
31472415,2017-12-26T00:07:53.027,BUY,6.897e-05,1874.19501909
31472416,2017-12-26T00:07:53.027,BUY,6.897e-05,250.96462251
31472421,2017-12-26T00:07:54.747,BUY,6.842e-05,101.11223458
31472425,2017-12-26T00:07:56.323,BUY,6.841e-05,435.0
31472427,2017-12-26T00:07:56.573,BUY,6.841e-05,22.85109156
31472432,2017-12-26T00:07:57.857,SELL,6.806e-05,230.66156696
31472433,2017-12-26T00:07:58.183,SELL,6.806e-05,60.71060538
31472442,2017-12-26T00:08:00.95,SELL,6.84e-05,43.77264218
31472443,2017-12-26T00:08:01.12,SELL,6.806e-05,230.27652719
31472445,2017-12-26T00:08:02.42,BUY,6.839e-05,1708.3998241
31472450,2017-12-26T00:08:04.967,BUY,6.837e-05,443.0
31472451,2017-12-26T00:08:04.967,SELL,6.806e-05,65.15874656
31472456,2017-12-26T00:08:05.98,SELL,6.805e-05,3000.0
31472457,2017-12-26T00:08:06.48,SELL,6.805e-05,249.27456094
31472459,2017-12-26T00:08:06.997,BUY,6.836e-05,50.08586147
31472463,2017-12-26T00:08:08.42,SELL,6.805e-05,282.23361726
31472472,2017-12-26T00:08:10.997,BUY,6.805e-05,443.0
31472475,2017-12-26T00:08:11.7,BUY,6.805e-05,95.68068631
31472482,2017-12-26T00:08:13.247,SELL,6.738e-05,2402.57148352
31472497,2017-12-26T00:08:16.34,BUY,6.8e-05,51.90804413
31472502,2017-12-26T00:08:16.98,BUY,6.8e-05,448.0
31472510,2017-12-26T00:08:18.857,BUY,6.8e-05,129.77792626
31472514,2017-12-26T00:08:21.043,SELL,6.738e-05,4814.48451648
31472515,2017-12-26T00:08:21.637,SELL,6.737e-05,301.32002634
31472521,2017-12-26T00:08:22.607,BUY,6.736e-05,1379.533559
31472523,2017-12-26T00:08:22.623,BUY,6.736e-05,215.24811986
31472524,2017-12-26T00:08:22.623,BUY,6.738e-05,1444.94275414
31472540,2017-12-26T00:08:24.09,SELL,6.7e-05,141.80374361
31472545,2017-12-26T00:08:24.577,BUY,6.738e-05,215.24811982
31472546,2017-12-26T00:08:24.577,BUY,6.738e-05,650.97308608
31472547,2017-12-26T00:08:24.577,BUY,6.738e-05,1e-07
31472557,2017-12-26T00:08:25.747,BUY,6.736e-05,296.82398337
31472559,2017-12-26T00:08:26.107,BUY,6.736e-05,88.91099
31472561,2017-12-26T00:08:26.107,BUY,6.736e-05,7777.0
31472563,2017-12-26T00:08:26.23,BUY,6.736e-05,14.69723692
31472580,2017-12-26T00:08:28.06,BUY,6.736e-05,1320.62340598
31472582,2017-12-26T00:08:28.077,BUY,6.738e-05,226.71176
31472592,2017-12-26T00:08:29.42,BUY,6.736e-05,28.63278452
31472598,2017-12-26T00:08:30.013,BUY,6.736e-05,296.82398337
31472600,2017-12-26T00:08:30.013,BUY,6.736e-05,382.51985977
31472601,2017-12-26T00:08:30.013,BUY,6.738e-05,3e-08
31472616,2017-12-26T00:08:32.123,SELL,6.737e-05,3000.0
31472617,2017-12-26T00:08:32.217,SELL,6.737e-05,240.77913468
31472618,2017-12-26T00:08:32.247,SELL,6.737e-05,1887.14186532
31472619,2017-12-26T00:08:32.247,SELL,6.736e-05,74.2280285
31472620,2017-12-26T00:08:32.247,SELL,6.736e-05,30.06081443
31472621,2017-12-26T00:08:32.247,SELL,6.708e-05,122.51033214
31472622,2017-12-26T00:08:32.247,SELL,6.707e-05,5949.00849858
31472623,2017-12-26T00:08:32.263,SELL,6.707e-05,250.0
31472626,2017-12-26T00:08:32.34,BUY,6.702e-05,679.34384317
31472629,2017-12-26T00:08:32.577,BUY,6.702e-05,19.05729894
31472632,2017-12-26T00:08:32.763,BUY,6.702e-05,115.268354
31472634,2017-12-26T00:08:32.78,BUY,6.702e-05,586.131927
31472636,2017-12-26T00:08:32.92,BUY,6.702e-05,8e-08
31472646,2017-12-26T00:08:33.967,SELL,6.711e-05,1345.15238168
31472658,2017-12-26T00:08:36.827,BUY,6.797e-05,218.05191942
31472659,2017-12-26T00:08:36.827,BUY,6.798e-05,181.94808058
31472661,2017-12-26T00:08:37.123,SELL,6.736e-05,71.93758477
31472662,2017-12-26T00:08:37.123,SELL,6.736e-05,165.35428056
31472663,2017-12-26T00:08:37.123,SELL,6.711e-05,6299.63861832
31472664,2017-12-26T00:08:37.123,SELL,6.71e-05,475.59770628
31472665,2017-12-26T00:08:37.123,SELL,6.686e-05,238.47927846
31472666,2017-12-26T00:08:37.123,SELL,6.68e-05,55.98760378
31472667,2017-12-26T00:08:37.123,SELL,6.676e-05,69.43858598
31472668,2017-12-26T00:08:37.123,SELL,6.676e-05,3000.0
31472669,2017-12-26T00:08:37.123,SELL,6.674e-05,263.82559747
31472670,2017-12-26T00:08:37.123,SELL,6.669e-05,175.0
31472671,2017-12-26T00:08:37.123,SELL,6.666e-05,200.0
31472672,2017-12-26T00:08:37.123,SELL,6.666e-05,99.99999999
31472673,2017-12-26T00:08:37.123,SELL,6.666e-05,14963.996
31472674,2017-12-26T00:08:37.123,SELL,6.666e-05,1424.176
31472675,2017-12-26T00:08:37.123,SELL,6.665e-05,100.0
31472676,2017-12-26T00:08:37.123,SELL,6.665e-05,3037.30658444
31472677,2017-12-26T00:08:37.123,SELL,6.664e-05,2882.33366469
31472678,2017-12-26T00:08:37.123,SELL,6.664e-05,66.20537926
31472679,2017-12-26T00:08:37.14,SELL,6.66e-05,100.0
31472680,2017-12-26T00:08:37.14,SELL,6.652e-05,42.2578172
31472681,2017-12-26T00:08:37.14,SELL,6.65e-05,34.0
31472682,2017-12-26T00:08:37.14,SELL,6.65e-05,7500.0
31472683,2017-12-26T00:08:37.14,SELL,6.65e-05,200.0
31472684,2017-12-26T00:08:37.14,SELL,6.648e-05,32.49392261
31472685,2017-12-26T00:08:37.14,SELL,6.643e-05,400.0
31472686,2017-12-26T00:08:37.14,SELL,6.641e-05,40.0
31472687,2017-12-26T00:08:37.14,SELL,6.638e-05,880.0
31472688,2017-12-26T00:08:37.14,SELL,6.628e-05,40.0
31472689,2017-12-26T00:08:37.14,SELL,6.626e-05,30.18369039
31472690,2017-12-26T00:08:37.14,SELL,6.625e-05,307.3186834
31472691,2017-12-26T00:08:37.14,SELL,6.62e-05,96.82990937
31472692,2017-12-26T00:08:37.14,SELL,6.62e-05,11543.29978663
31472693,2017-12-26T00:08:37.14,SELL,6.616e-05,300.0
31472694,2017-12-26T00:08:37.14,SELL,6.613e-05,200.0
31472695,2017-12-26T00:08:37.14,SELL,6.613e-05,150.83925601
31472696,2017-12-26T00:08:37.14,SELL,6.61e-05,79.56583578
31472697,2017-12-26T00:08:37.14,SELL,6.606e-05,12079.92733878
31472698,2017-12-26T00:08:37.14,SELL,6.603e-05,70.0
31472699,2017-12-26T00:08:37.153,SELL,6.601e-05,100.0
31472700,2017-12-26T00:08:37.153,SELL,6.601e-05,200.0
31472701,2017-12-26T00:08:37.153,SELL,6.601e-05,13331.31343735
31472702,2017-12-26T00:08:37.153,SELL,6.6e-05,6045.45454545
31472703,2017-12-26T00:08:37.153,SELL,6.6e-05,430.171875
31472704,2017-12-26T00:08:37.153,SELL,6.6e-05,150.0
31472705,2017-12-26T00:08:37.153,SELL,6.6e-05,28518.32440081
31472707,2017-12-26T00:08:37.187,BUY,6.798e-05,1065.3882008
31472712,2017-12-26T00:08:37.513,BUY,6.798e-05,270.06369424
31472717,2017-12-26T00:08:38.483,BUY,6.798e-05,639.23292032
31472720,2017-12-26T00:08:38.763,BUY,6.798e-05,69.39409632
31472722,2017-12-26T00:08:39.123,SELL,6.746e-05,72.09015009
31472723,2017-12-26T00:08:39.123,SELL,6.738e-05,432.1299639
31472724,2017-12-26T00:08:39.123,SELL,6.668e-05,774.62603986
31472725,2017-12-26T00:08:39.14,SELL,6.668e-05,14.0
31472726,2017-12-26T00:08:39.153,SELL,6.668e-05,1962.01608418
31472727,2017-12-26T00:08:39.187,SELL,6.668e-05,600.0
31472728,2017-12-26T00:08:39.217,SELL,6.668e-05,85.5723117
31472729,2017-12-26T00:08:39.233,SELL,6.668e-05,31.28918588
31472734,2017-12-26T00:08:39.873,BUY,6.797e-05,399.5205753
31472742,2017-12-26T00:08:40.373,BUY,6.798e-05,15.44571932
31472755,2017-12-26T00:08:41.827,SELL,6.689e-05,3000.0
31472760,2017-12-26T00:08:42.39,SELL,6.689e-05,672.93849536
31472762,2017-12-26T00:08:42.403,BUY,6.648e-05,2364.36808908
31472773,2017-12-26T00:08:44.437,SELL,6.68e-05,400.0
31472777,2017-12-26T00:08:45.59,BUY,6.738e-05,316.02124076
31472780,2017-12-26T00:08:45.827,BUY,6.738e-05,39.16263905
31472783,2017-12-26T00:08:47.03,BUY,6.711e-05,210.30339201
31472784,2017-12-26T00:08:47.03,BUY,6.738e-05,40.10351921
31472792,2017-12-26T00:08:48.03,BUY,6.738e-05,629.98172629
31472796,2017-12-26T00:08:49.09,SELL,6.741e-05,18.14647411
31472797,2017-12-26T00:08:49.09,SELL,6.738e-05,112.07823215
31472802,2017-12-26T00:08:49.623,SELL,6.726e-05,115.56115919
31472803,2017-12-26T00:08:49.623,SELL,6.689e-05,53.45832913
31472804,2017-12-26T00:08:49.623,SELL,6.68e-05,46.57190953
31472821,2017-12-26T00:08:51.2,BUY,6.738e-05,47.2373318
31472843,2017-12-26T00:08:54.89,BUY,6.738e-05,12.91171615
31472854,2017-12-26T00:08:57.59,SELL,6.732e-05,148.55529971
31472855,2017-12-26T00:08:57.59,SELL,6.726e-05,891.97104621
31472856,2017-12-26T00:08:57.59,SELL,6.701e-05,1959.47365408
31472866,2017-12-26T00:08:59.45,BUY,6.726e-05,100.0
31472868,2017-12-26T00:08:59.89,BUY,6.726e-05,103.0900107
31472869,2017-12-26T00:08:59.89,BUY,6.737e-05,357.56505643
31472870,2017-12-26T00:08:59.89,BUY,6.738e-05,452.48551471
31472871,2017-12-26T00:08:59.89,BUY,6.738e-05,925.0523547
31472872,2017-12-26T00:08:59.89,BUY,6.738e-05,2047.97426773
31472875,2017-12-26T00:09:01.123,SELL,6.738e-05,815.021891
31472888,2017-12-26T00:09:03.81,SELL,6.738e-05,77.45675318
31472891,2017-12-26T00:09:04.03,SELL,6.738e-05,256.31728133
31472894,2017-12-26T00:09:04.5,SELL,6.738e-05,4591.42606897
31472905,2017-12-26T00:09:06.967,SELL,6.738e-05,102.76672623
31472911,2017-12-26T00:09:08.2,SELL,6.736e-05,40.0
31472922,2017-12-26T00:09:13.25,SELL,6.736e-05,700.42458432
31472924,2017-12-26T00:09:13.39,BUY,6.736e-05,100.0
31472926,2017-12-26T00:09:13.64,SELL,6.732e-05,42.1407501
31472930,2017-12-26T00:09:14.873,BUY,6.736e-05,609.95219224
31472933,2017-12-26T00:09:15.86,SELL,6.736e-05,726.01800696
31472935,2017-12-26T00:09:15.92,BUY,6.736e-05,273.98199304
31472936,2017-12-26T00:09:15.92,BUY,6.738e-05,688.68325097
31472937,2017-12-26T00:09:15.92,BUY,6.738e-05,146.8831419
31472950,2017-12-26T00:09:18.25,BUY,6.797e-05,461.22102257
31472952,2017-12-26T00:09:18.453,BUY,6.797e-05,318.23498135
31472953,2017-12-26T00:09:18.61,SELL,6.738e-05,70.0
31472960,2017-12-26T00:09:19.937,SELL,6.738e-05,1788.69194786
31472961,2017-12-26T00:09:19.937,SELL,6.738e-05,77.579519
31472962,2017-12-26T00:09:19.937,SELL,6.736e-05,1015.37190278
31472965,2017-12-26T00:09:20.873,BUY,6.736e-05,34.64832631
31472967,2017-12-26T00:09:20.89,BUY,6.736e-05,81.23091209
31472971,2017-12-26T00:09:21.763,BUY,6.736e-05,17.65484772
31472981,2017-12-26T00:09:26.703,SELL,6.732e-05,21.72632019
31472986,2017-12-26T00:09:28.25,BUY,6.732e-05,22.63997829
31472987,2017-12-26T00:09:28.25,BUY,6.736e-05,503.19149259
31472990,2017-12-26T00:09:29,BUY,6.736e-05,1493.32930659
31472994,2017-12-26T00:09:32.67,SELL,6.726e-05,1337.95655078
31472995,2017-12-26T00:09:32.67,SELL,6.726e-05,34.64832631
31472996,2017-12-26T00:09:32.67,SELL,6.726e-05,2586.49254225
31473000,2017-12-26T00:09:34.25,BUY,6.72e-05,2315.68303113
31473004,2017-12-26T00:09:35.907,BUY,6.72e-05,898.99818
31473006,2017-12-26T00:09:36.67,SELL,6.715e-05,308.05113974
31473010,2017-12-26T00:09:37.203,BUY,6.72e-05,1798.25552895
31473012,2017-12-26T00:09:37.42,BUY,6.72e-05,106.92329012
31473020,2017-12-26T00:09:38.517,BUY,6.72e-05,2180.41542447
31473022,2017-12-26T00:09:40.25,SELL,6.715e-05,1503.02403202
31473024,2017-12-26T00:09:40.937,BUY,6.719e-05,38.11459788
31473026,2017-12-26T00:09:42.67,BUY,6.719e-05,109.68059661
31473027,2017-12-26T00:09:42.67,BUY,6.72e-05,266.84048587
31473030,2017-12-26T00:09:43.657,BUY,6.718e-05,448.0
31473031,2017-12-26T00:09:43.873,SELL,6.715e-05,21.0
31473035,2017-12-26T00:09:45.733,SELL,6.715e-05,240.21578887
31473036,2017-12-26T00:09:45.733,SELL,6.701e-05,996.91661308
31473037,2017-12-26T00:09:45.733,SELL,6.701e-05,500.0
31473038,2017-12-26T00:09:45.733,SELL,6.7e-05,327.61906453
31473039,2017-12-26T00:09:45.733,SELL,6.692e-05,918.29
31473040,2017-12-26T00:09:45.733,SELL,6.689e-05,16.95853352
31473042,2017-12-26T00:09:46,BUY,6.718e-05,36.43620569
31473055,2017-12-26T00:09:48.157,BUY,6.715e-05,159.21454152
31473058,2017-12-26T00:09:48.28,BUY,6.715e-05,39.92510462
31473064,2017-12-26T00:09:49.14,BUY,6.715e-05,206.3322019
31473065,2017-12-26T00:09:49.14,BUY,6.718e-05,340.41456738
31473067,2017-12-26T00:09:49.797,SELL,6.701e-05,138.8410576
31473070,2017-12-26T00:09:50.53,BUY,6.718e-05,368.0
31473073,2017-12-26T00:09:52.89,SELL,6.701e-05,3386.77580723
31473077,2017-12-26T00:09:54.267,SELL,6.701e-05,1474.38313517
31473078,2017-12-26T00:09:54.267,SELL,6.701e-05,549.47351365
31473080,2017-12-26T00:09:54.33,BUY,6.715e-05,74.44998575
31473082,2017-12-26T00:09:54.483,BUY,6.715e-05,113.39027054
31473085,2017-12-26T00:09:56.627,SELL,6.701e-05,804.30537463
31473095,2017-12-26T00:09:59.233,SELL,6.702e-05,30.0
31473096,2017-12-26T00:09:59.233,SELL,6.701e-05,715.73228114
31473097,2017-12-26T00:09:59.233,SELL,6.701e-05,87.51564534
31473100,2017-12-26T00:10:00.437,BUY,6.715e-05,34.1776065
31473107,2017-12-26T00:10:01.377,BUY,6.715e-05,296.749983
31473109,2017-12-26T00:10:02.593,BUY,6.715e-05,227.69529643
31473110,2017-12-26T00:10:02.593,BUY,6.715e-05,86.31460167
31473114,2017-12-26T00:10:04.203,BUY,6.715e-05,606.68201592
31473115,2017-12-26T00:10:04.203,BUY,6.715e-05,139.69907119
31473119,2017-12-26T00:10:04.877,BUY,6.715e-05,57.975052
31473120,2017-12-26T00:10:05.093,SELL,6.702e-05,189.15294544
31473127,2017-12-26T00:10:06.437,SELL,6.702e-05,500.0
31473130,2017-12-26T00:10:06.97,SELL,6.702e-05,150.0
31473137,2017-12-26T00:10:09.58,SELL,6.702e-05,437.01312438
31473138,2017-12-26T00:10:09.58,SELL,6.702e-05,74.41823299
31473139,2017-12-26T00:10:09.58,SELL,6.701e-05,3524.11071332
31473140,2017-12-26T00:10:09.58,SELL,6.701e-05,2616.58403507
31473141,2017-12-26T00:10:09.58,SELL,6.701e-05,83.13941307
31473142,2017-12-26T00:10:09.58,SELL,6.701e-05,72.4240673
31473144,2017-12-26T00:10:10.733,BUY,6.701e-05,7457.39943906
31473147,2017-12-26T00:10:11.11,BUY,6.701e-05,2571.06510663
31473160,2017-12-26T00:10:13.237,BUY,6.699e-05,474.40855745
31473161,2017-12-26T00:10:13.237,BUY,6.701e-05,22.36813493
31473169,2017-12-26T00:10:14.83,BUY,6.701e-05,373.02397821
31473179,2017-12-26T00:10:17.657,SELL,6.691e-05,59.63264011
31473186,2017-12-26T00:10:19.127,BUY,6.691e-05,1511.95822429
31473192,2017-12-26T00:10:20.173,BUY,6.691e-05,120.47819556
31473195,2017-12-26T00:10:20.487,BUY,6.691e-05,3452.18820963
31473196,2017-12-26T00:10:20.487,BUY,6.691e-05,1286.53354984
31473197,2017-12-26T00:10:20.487,BUY,6.691e-05,1223.89162733
31473198,2017-12-26T00:10:20.487,BUY,6.701e-05,1591.4100702
31473203,2017-12-26T00:10:22.843,SELL,6.69e-05,300.0
31473206,2017-12-26T00:10:23.407,BUY,6.701e-05,163.04347824
31473220,2017-12-26T00:10:27.593,SELL,6.691e-05,1015.37190278
31473224,2017-12-26T00:10:28.407,SELL,6.691e-05,249.37219258
31473225,2017-12-26T00:10:28.533,SELL,6.691e-05,115.56115919
31473230,2017-12-26T00:10:29.173,SELL,6.691e-05,224.18223666
31473231,2017-12-26T00:10:29.173,SELL,6.69e-05,345.5894643
31473232,2017-12-26T00:10:29.173,SELL,6.689e-05,83.04146648
31473233,2017-12-26T00:10:29.173,SELL,6.683e-05,5347.18683256
31473238,2017-12-26T00:10:29.83,BUY,6.701e-05,842.10526312
31473247,2017-12-26T00:10:31.737,BUY,6.69e-05,17.93453893
31473249,2017-12-26T00:10:31.877,BUY,6.69e-05,28.97093811
31473250,2017-12-26T00:10:31.877,BUY,6.69e-05,5.41075799
31473252,2017-12-26T00:10:32.127,BUY,6.69e-05,63.86255124
31473261,2017-12-26T00:10:33.487,BUY,6.69e-05,25.32718625
31473266,2017-12-26T00:10:34.033,BUY,6.69e-05,25.32734455
31473269,2017-12-26T00:10:34.14,BUY,6.69e-05,8.66564004
31473270,2017-12-26T00:10:34.14,BUY,6.69e-05,16.66154621
31473281,2017-12-26T00:10:35.737,BUY,6.69e-05,527.73706903
31473282,2017-12-26T00:10:35.737,BUY,6.691e-05,592.10027784
31473285,2017-12-26T00:10:36.05,BUY,6.7e-05,24.96263079
31473288,2017-12-26T00:10:36.267,SELL,6.683e-05,1004.155
31473289,2017-12-26T00:10:36.267,SELL,6.682e-05,100.0
31473290,2017-12-26T00:10:36.267,SELL,6.681e-05,553.72286242
31473291,2017-12-26T00:10:36.267,SELL,6.66e-05,810.47135229
31473295,2017-12-26T00:10:36.377,BUY,6.682e-05,265.32702711
31473300,2017-12-26T00:10:36.987,BUY,6.682e-05,595.88793185
31473301,2017-12-26T00:10:36.987,BUY,6.69e-05,108.28445887
31473310,2017-12-26T00:10:39.313,SELL,6.691e-05,795.82760928
31473312,2017-12-26T00:10:39.347,BUY,6.681e-05,64.0
31473315,2017-12-26T00:10:39.737,BUY,6.679e-05,181.1067348
31473318,2017-12-26T00:10:39.94,BUY,6.679e-05,181.10560288
31473320,2017-12-26T00:10:40.347,BUY,6.679e-05,90.50064015
31473321,2017-12-26T00:10:40.347,BUY,6.681e-05,90.60496273
31473329,2017-12-26T00:10:40.813,BUY,6.681e-05,335.066646
31473338,2017-12-26T00:10:41.813,BUY,6.681e-05,56.61538105
31473343,2017-12-26T00:10:42.08,BUY,6.681e-05,3.03778263
31473349,2017-12-26T00:10:42.47,BUY,6.66e-05,240.758767
31473352,2017-12-26T00:10:42.657,BUY,6.66e-05,23.87703327
31473359,2017-12-26T00:10:43.61,BUY,6.66e-05,72.10751646
31473363,2017-12-26T00:10:43.66,BUY,6.66e-05,93.86416275
31473376,2017-12-26T00:10:45.313,SELL,6.661e-05,2884.898
31473377,2017-12-26T00:10:45.313,SELL,6.66e-05,165.97167921
31473378,2017-12-26T00:10:45.313,SELL,6.66e-05,165.9716782
31473379,2017-12-26T00:10:45.313,SELL,6.659e-05,23.86402733
31473380,2017-12-26T00:10:45.313,SELL,6.624e-05,3830.01419157
31473381,2017-12-26T00:10:45.313,SELL,6.618e-05,1391.32901282
31473382,2017-12-26T00:10:45.313,SELL,6.618e-05,1502.48646762
31473383,2017-12-26T00:10:45.313,SELL,6.616e-05,10099.77447036
31473384,2017-12-26T00:10:45.313,SELL,6.603e-05,2271.69468423
31473385,2017-12-26T00:10:45.313,SELL,6.602e-05,5290.02292411
31473386,2017-12-26T00:10:45.313,SELL,6.6e-05,31936.22105374
31473387,2017-12-26T00:10:45.313,SELL,6.6e-05,500.0
31473388,2017-12-26T00:10:45.313,SELL,6.6e-05,151.13591023
31473389,2017-12-26T00:10:45.313,SELL,6.6e-05,3000.0
31473390,2017-12-26T00:10:45.313,SELL,6.6e-05,420.3539823
31473391,2017-12-26T00:10:45.313,SELL,6.6e-05,1264.40580367
31473392,2017-12-26T00:10:45.313,SELL,6.6e-05,401.04405652
31473393,2017-12-26T00:10:45.313,SELL,6.6e-05,993.62915446
31473394,2017-12-26T00:10:45.313,SELL,6.6e-05,3743.63826549
31473403,2017-12-26T00:10:47.05,BUY,6.681e-05,22.64665232
31473406,2017-12-26T00:10:47.83,SELL,6.689e-05,251.32600728
31473417,2017-12-26T00:10:49.563,SELL,6.689e-05,215.30373974
31473422,2017-12-26T00:10:49.783,SELL,6.689e-05,2475.03512784
31473423,2017-12-26T00:10:49.783,SELL,6.66e-05,19.81981982
31473424,2017-12-26T00:10:49.783,SELL,6.622e-05,3338.36938053
31473430,2017-12-26T00:10:50.703,SELL,6.622e-05,3894.24061947
31473431,2017-12-26T00:10:50.703,SELL,6.622e-05,1389.04717875
31473432,2017-12-26T00:10:50.703,SELL,6.622e-05,2993.136
31473433,2017-12-26T00:10:50.703,SELL,6.621e-05,1452.73212676
31473449,2017-12-26T00:10:52.72,SELL,6.689e-05,2584.51410957
31473450,2017-12-26T00:10:52.72,SELL,6.686e-05,1071.53461143
31473452,2017-12-26T00:10:53.58,SELL,6.686e-05,1892.77691575
31473453,2017-12-26T00:10:53.94,SELL,6.681e-05,242.18844779
31473460,2017-12-26T00:10:55.47,SELL,6.681e-05,331.21638892
31473462,2017-12-26T00:10:55.66,SELL,6.681e-05,90.0
31473465,2017-12-26T00:10:55.987,BUY,6.686e-05,100.17172294
31473467,2017-12-26T00:10:56.33,SELL,6.681e-05,1625.70380749
31473469,2017-12-26T00:10:56.813,BUY,6.681e-05,74.57717404
31473472,2017-12-26T00:10:56.923,SELL,6.664e-05,385.68810186
31473474,2017-12-26T00:10:57.393,BUY,6.681e-05,149.4544911
31473476,2017-12-26T00:10:58.33,SELL,6.664e-05,215.30373975
31473480,2017-12-26T00:10:58.94,BUY,6.681e-05,147.36842104
31473482,2017-12-26T00:10:59.11,BUY,6.681e-05,66.44518272
31473494,2017-12-26T00:11:01.753,BUY,6.68e-05,57.87419252
31473495,2017-12-26T00:11:01.753,BUY,6.68e-05,70.4680534
31473503,2017-12-26T00:11:03.753,BUY,6.68e-05,33.86298514
31473509,2017-12-26T00:11:04.893,SELL,6.664e-05,1000.87918943
31473688,2017-12-26T00:11:33.737,SELL,6.601e-05,1786.714
31473689,2017-12-26T00:11:33.737,SELL,6.6e-05,3691.18004117
31473697,2017-12-26T00:11:35.253,BUY,6.662e-05,150.0
31473705,2017-12-26T00:11:36.927,SELL,6.622e-05,47.43419313
31473706,2017-12-26T00:11:36.927,SELL,6.601e-05,742.12110426
31473713,2017-12-26T00:11:37.66,SELL,6.638e-05,2980.72816039
31473714,2017-12-26T00:11:37.66,SELL,6.634e-05,1942.56601353
31473725,2017-12-26T00:11:40.113,SELL,6.644e-05,2628.62022297
31473726,2017-12-26T00:11:40.113,SELL,6.634e-05,371.37977703
31473730,2017-12-26T00:11:40.833,BUY,6.661e-05,125.00758011
31473731,2017-12-26T00:11:40.863,SELL,6.627e-05,2292.53494063
31473732,2017-12-26T00:11:40.863,SELL,6.601e-05,496.71989574
31473734,2017-12-26T00:11:41.113,BUY,6.601e-05,951.16808318
31473736,2017-12-26T00:11:41.13,BUY,6.601e-05,1e-08
31473737,2017-12-26T00:11:41.13,BUY,6.661e-05,951.16808318
31473743,2017-12-26T00:11:41.143,BUY,6.661e-05,22.5123818
31473745,2017-12-26T00:11:41.393,BUY,6.661e-05,180.12608826
31473747,2017-12-26T00:11:41.473,BUY,6.661e-05,98.32418334
31473750,2017-12-26T00:11:42.3,BUY,6.661e-05,116.01109958
31473752,2017-12-26T00:11:42.33,BUY,6.661e-05,124.22360248
31473754,2017-12-26T00:11:44.033,BUY,6.644e-05,124.0791004
31473756,2017-12-26T00:11:44.3,BUY,6.644e-05,242.29654984
31473757,2017-12-26T00:11:44.33,SELL,6.6e-05,7678.81805698
31473758,2017-12-26T00:11:44.33,SELL,6.6e-05,18.16332114
31473759,2017-12-26T00:11:44.33,SELL,6.596e-05,50.86614842
31473760,2017-12-26T00:11:44.33,SELL,6.59e-05,28.71483118
31473761,2017-12-26T00:11:44.33,SELL,6.565e-05,100.0
31473762,2017-12-26T00:11:44.33,SELL,6.561e-05,306.40454615
31473763,2017-12-26T00:11:44.33,SELL,6.561e-05,18.51726422
31473764,2017-12-26T00:11:44.33,SELL,6.56e-05,66.92789634
31473765,2017-12-26T00:11:44.33,SELL,6.556e-05,2142.744
31473766,2017-12-26T00:11:44.33,SELL,6.555e-05,1521.74864136
31473770,2017-12-26T00:11:45.207,BUY,6.644e-05,26.52552674
31473772,2017-12-26T00:11:45.537,BUY,6.644e-05,88.39419219
31473773,2017-12-26T00:11:45.537,BUY,6.66e-05,35.84618593
31473780,2017-12-26T00:11:47.003,SELL,6.554e-05,79.89288983
31473781,2017-12-26T00:11:47.003,SELL,6.554e-05,35.9447734
31473782,2017-12-26T00:11:47.003,SELL,6.552e-05,280.48110577
31473783,2017-12-26T00:11:47.003,SELL,6.552e-05,297.78556392
31473784,2017-12-26T00:11:47.02,SELL,6.552e-05,1628.95659153
31473785,2017-12-26T00:11:47.02,SELL,6.552e-05,19.39381894
31473786,2017-12-26T00:11:47.02,SELL,6.552e-05,14.0
31473787,2017-12-26T00:11:47.02,SELL,6.551e-05,28.25162236
31473788,2017-12-26T00:11:47.02,SELL,6.551e-05,267.28554139
31473789,2017-12-26T00:11:47.19,SELL,6.551e-05,732.71445861
31473790,2017-12-26T00:11:47.19,SELL,6.55e-05,267.28554139
31473792,2017-12-26T00:11:47.3,BUY,6.58e-05,265.64580559
31473800,2017-12-26T00:11:49.24,SELL,6.55e-05,32.71445861
31473801,2017-12-26T00:11:49.24,SELL,6.55e-05,13.45499999
31473802,2017-12-26T00:11:49.24,SELL,6.55e-05,50.0
31473803,2017-12-26T00:11:49.24,SELL,6.546e-05,6.2823699
31473804,2017-12-26T00:11:49.3,SELL,6.546e-05,100.85481311
31473805,2017-12-26T00:11:49.3,SELL,6.542e-05,97.26750229
31473806,2017-12-26T00:11:49.3,SELL,6.54e-05,30.0
31473808,2017-12-26T00:11:49.44,SELL,6.538e-05,444.0
31473809,2017-12-26T00:11:49.44,SELL,6.531e-05,34.11716977
31473810,2017-12-26T00:11:49.44,SELL,6.528e-05,30.0
31473811,2017-12-26T00:11:49.44,SELL,6.527e-05,39.74888923
31473812,2017-12-26T00:11:49.44,SELL,6.526e-05,118.65249243
31473814,2017-12-26T00:11:49.707,BUY,6.54e-05,152.76893696
31473820,2017-12-26T00:11:50.38,SELL,6.526e-05,798.44833503
31473821,2017-12-26T00:11:50.38,SELL,6.526e-05,30.64377984
31473822,2017-12-26T00:11:50.38,SELL,6.516e-05,71.33962554
31473823,2017-12-26T00:11:50.38,SELL,6.514e-05,1042.49774927
31473825,2017-12-26T00:11:50.473,BUY,6.519e-05,225.694322
31473828,2017-12-26T00:11:50.77,BUY,6.519e-05,83.60658265
31473829,2017-12-26T00:11:50.77,BUY,6.525e-05,24.17596875
31473831,2017-12-26T00:11:50.83,BUY,6.525e-05,0.12366584
31473832,2017-12-26T00:11:50.83,BUY,6.54e-05,91.28458432
31473833,2017-12-26T00:11:50.83,BUY,6.54e-05,0.04750552
31473835,2017-12-26T00:11:51.05,SELL,6.515e-05,298.46787737
31473840,2017-12-26T00:11:51.847,BUY,6.525e-05,102.40304878
31473841,2017-12-26T00:11:51.847,BUY,6.54e-05,71.00577122
31473843,2017-12-26T00:11:51.957,BUY,6.54e-05,428.94672326
31473844,2017-12-26T00:11:51.957,BUY,6.55e-05,181.13605007
31473845,2017-12-26T00:11:51.957,BUY,6.55e-05,137.72862188
31473851,2017-12-26T00:11:52.347,BUY,6.648e-05,1551.67923257
31473852,2017-12-26T00:11:52.347,BUY,6.649e-05,1151.02397013
31473854,2017-12-26T00:11:52.41,BUY,6.649e-05,169.57613077
31473859,2017-12-26T00:11:52.643,SELL,6.556e-05,258.17033398
31473860,2017-12-26T00:11:52.643,SELL,6.514e-05,1459.07
31473861,2017-12-26T00:11:52.643,SELL,6.512e-05,418.40952907
31473869,2017-12-26T00:11:54.207,BUY,6.648e-05,7450.366
31473870,2017-12-26T00:11:54.207,BUY,6.648e-05,1558.643509
31473874,2017-12-26T00:11:54.6,BUY,6.648e-05,45.03152206
31473876,2017-12-26T00:11:54.643,BUY,6.648e-05,200.0
31473879,2017-12-26T00:11:55.597,BUY,6.646e-05,52.4054338
31473884,2017-12-26T00:11:56.74,BUY,6.519e-05,22.88329519
31473887,2017-12-26T00:11:57.067,SELL,6.518e-05,1878.60214341
31473888,2017-12-26T00:11:57.067,SELL,6.517e-05,1256.085
31473889,2017-12-26T00:11:57.067,SELL,6.517e-05,7077.07
31473890,2017-12-26T00:11:57.067,SELL,6.516e-05,307.17690715
31473891,2017-12-26T00:11:57.067,SELL,6.511e-05,31.0
31473892,2017-12-26T00:11:57.067,SELL,6.511e-05,250.0
31473893,2017-12-26T00:11:57.067,SELL,6.511e-05,188.91418254
31473894,2017-12-26T00:11:57.083,SELL,6.51e-05,628.00056452
31473895,2017-12-26T00:11:57.083,SELL,6.51e-05,1000.0
31473896,2017-12-26T00:11:57.083,SELL,6.51e-05,612.90322581
31473897,2017-12-26T00:11:57.083,SELL,6.507e-05,1000.0
31473898,2017-12-26T00:11:57.083,SELL,6.506e-05,438.98107567
31473912,2017-12-26T00:11:58.863,BUY,6.519e-05,34.28744368
31473926,2017-12-26T00:12:00.38,SELL,6.526e-05,206.04223055
31473927,2017-12-26T00:12:00.38,SELL,6.525e-05,221.53660401
31473932,2017-12-26T00:12:01.223,BUY,6.631e-05,89.55981842
31473941,2017-12-26T00:12:01.833,SELL,6.526e-05,186.69962673
31473946,2017-12-26T00:12:02.41,BUY,6.632e-05,1912.88958709
31473947,2017-12-26T00:12:02.41,BUY,6.633e-05,2000.0
31473948,2017-12-26T00:12:02.41,BUY,6.633e-05,438.98107567
31473949,2017-12-26T00:12:02.41,BUY,6.645e-05,2981.44099728
31473953,2017-12-26T00:12:02.63,SELL,6.527e-05,127.72486281
31473960,2017-12-26T00:12:03.037,SELL,6.536e-05,236.57111308
31473974,2017-12-26T00:12:04.567,SELL,6.537e-05,146.88314191
31473978,2017-12-26T00:12:05.44,BUY,6.63e-05,127.72486281
31473980,2017-12-26T00:12:05.723,SELL,6.537e-05,22.88329519
31473987,2017-12-26T00:12:06.973,SELL,6.538e-05,172.9963508
31473989,2017-12-26T00:12:07.27,BUY,6.619e-05,64.0
31473993,2017-12-26T00:12:08.207,BUY,6.619e-05,245.9508667
31473994,2017-12-26T00:12:08.207,BUY,6.628e-05,10.0150045
31473997,2017-12-26T00:12:08.55,SELL,6.531e-05,498.83086496
31473999,2017-12-26T00:12:08.8,BUY,6.628e-05,12.86829069
31474000,2017-12-26T00:12:08.8,BUY,6.629e-05,2000.0
31474001,2017-12-26T00:12:08.8,BUY,6.631e-05,2546.71720147
31474008,2017-12-26T00:12:09.113,BUY,6.627e-05,121.9667132
31474011,2017-12-26T00:12:09.473,SELL,6.539e-05,33.5758254
31474013,2017-12-26T00:12:09.503,BUY,6.627e-05,434.36948552
31474026,2017-12-26T00:12:10.66,SELL,6.547e-05,222.19725211
31474030,2017-12-26T00:12:11.287,BUY,6.626e-05,33.5758254
31474031,2017-12-26T00:12:11.287,BUY,6.631e-05,741.91855224
31474036,2017-12-26T00:12:11.99,SELL,6.54e-05,122.07442791
31474038,2017-12-26T00:12:11.99,BUY,6.626e-05,102.92036532
31474040,2017-12-26T00:12:11.99,BUY,6.626e-05,162.25123584
31474041,2017-12-26T00:12:12.02,SELL,6.54e-05,567.85251431
31474043,2017-12-26T00:12:12.113,BUY,6.626e-05,245.10456904
31474048,2017-12-26T00:12:12.457,BUY,6.626e-05,117.19270208
31474050,2017-12-26T00:12:12.503,BUY,6.626e-05,197.75521108
31474052,2017-12-26T00:12:12.63,BUY,6.626e-05,110.77610138
31474060,2017-12-26T00:12:13.16,BUY,6.626e-05,171.07309484
31474068,2017-12-26T00:12:13.503,BUY,6.626e-05,421.05263152
31474077,2017-12-26T00:12:14.647,SELL,6.57e-05,371.10287722
31474078,2017-12-26T00:12:14.647,SELL,6.56e-05,7602.89634146
31474079,2017-12-26T00:12:14.647,SELL,6.541e-05,2978.7602967
31474080,2017-12-26T00:12:14.647,SELL,6.54e-05,1639.63664945
31474081,2017-12-26T00:12:14.647,SELL,6.538e-05,500.68667138
31474085,2017-12-26T00:12:15.13,BUY,6.625e-05,121.64216928
31474087,2017-12-26T00:12:15.473,BUY,6.625e-05,203.14880648
31474089,2017-12-26T00:12:15.49,BUY,6.625e-05,75.3920386
31474092,2017-12-26T00:12:16.067,BUY,6.627e-05,133.65410318
31474097,2017-12-26T00:12:16.473,BUY,6.627e-05,36.2100181
31474100,2017-12-26T00:12:16.583,BUY,6.627e-05,132.130606
31474106,2017-12-26T00:12:16.91,BUY,6.627e-05,80.17103152
31474116,2017-12-26T00:12:18.02,SELL,6.549e-05,395.51415431
31474117,2017-12-26T00:12:18.02,SELL,6.547e-05,2927.74990156
31474119,2017-12-26T00:12:18.333,BUY,6.626e-05,76.62835248
31474129,2017-12-26T00:12:21.13,BUY,6.625e-05,80.01066808
31474131,2017-12-26T00:12:21.473,BUY,6.625e-05,56.86958768
31474133,2017-12-26T00:12:22.02,BUY,6.625e-05,754.4892108
31474137,2017-12-26T00:12:22.177,BUY,6.625e-05,253.93600808
31474138,2017-12-26T00:12:22.193,SELL,6.562e-05,15.65909783
31474139,2017-12-26T00:12:22.193,SELL,6.548e-05,396.09713793
31474140,2017-12-26T00:12:22.193,SELL,6.547e-05,288.24376424
31474142,2017-12-26T00:12:22.253,BUY,6.625e-05,141.91586416
31474146,2017-12-26T00:12:23.02,BUY,6.624e-05,152.0527116
31474150,2017-12-26T00:12:23.91,BUY,6.619e-05,120.43260241
31474151,2017-12-26T00:12:23.91,BUY,6.624e-05,61.06286378
31474152,2017-12-26T00:12:23.927,BUY,6.625e-05,116.6789589
31474154,2017-12-26T00:12:24.567,BUY,6.624e-05,578.01858167
31474169,2017-12-26T00:12:27.55,SELL,6.551e-05,89.88363861
31474173,2017-12-26T00:12:28.21,BUY,6.624e-05,194.1251596
31474174,2017-12-26T00:12:28.49,SELL,6.551e-05,161.08494666
31474179,2017-12-26T00:12:29.473,BUY,6.623e-05,89.88363861
31474180,2017-12-26T00:12:29.473,BUY,6.624e-05,701.34875224
31474181,2017-12-26T00:12:29.473,BUY,6.625e-05,449.6171005
31474183,2017-12-26T00:12:29.55,BUY,6.625e-05,1059.38031864
31474186,2017-12-26T00:12:30.3,BUY,6.623e-05,21.83130043
31474191,2017-12-26T00:12:31.24,BUY,6.623e-05,2003.61847496
31474193,2017-12-26T00:12:31.41,SELL,6.624e-05,100.0
31474196,2017-12-26T00:12:31.863,BUY,6.625e-05,27.10394362
31474202,2017-12-26T00:12:32.507,BUY,6.625e-05,28.77697841
31474206,2017-12-26T00:12:33.223,SELL,6.624e-05,3673.80336081
31474215,2017-12-26T00:12:34.16,BUY,6.622e-05,1123.62455922
31474216,2017-12-26T00:12:34.16,SELL,6.556e-05,14.46655582
31474218,2017-12-26T00:12:34.41,BUY,6.622e-05,21.58156642
31474225,2017-12-26T00:12:35.973,SELL,6.557e-05,55.13007109
31474244,2017-12-26T00:12:40.71,SELL,6.558e-05,40.0
31474254,2017-12-26T00:12:42.6,BUY,6.619e-05,55.13007109
31474255,2017-12-26T00:12:42.6,BUY,6.62e-05,13.77979881
31474256,2017-12-26T00:12:42.6,BUY,6.621e-05,1962.57819506
31474258,2017-12-26T00:12:42.803,BUY,6.621e-05,497.14285714
31474262,2017-12-26T00:12:43.083,BUY,6.62e-05,54.46655582
31474263,2017-12-26T00:12:43.083,BUY,6.621e-05,92.71314438
31474264,2017-12-26T00:12:43.083,BUY,6.621e-05,189.09148624
31474268,2017-12-26T00:12:44.507,BUY,6.621e-05,63.15789472
31474278,2017-12-26T00:12:45.553,SELL,6.561e-05,744.84231582
31474282,2017-12-26T00:12:46.613,BUY,6.62e-05,744.84231582
31474283,2017-12-26T00:12:46.613,BUY,6.621e-05,1945.58241345
31474311,2017-12-26T00:12:52.443,BUY,6.619e-05,315.48327876
31474322,2017-12-26T00:12:55.177,BUY,6.619e-05,75.05713724
31474323,2017-12-26T00:12:55.177,BUY,6.621e-05,34.0621144
31474326,2017-12-26T00:12:55.27,BUY,6.621e-05,94.4746636
31474328,2017-12-26T00:12:55.52,BUY,6.621e-05,19.63449629
31474331,2017-12-26T00:12:55.88,BUY,6.621e-05,117.49147747
31474344,2017-12-26T00:12:59.553,SELL,6.58e-05,171.66905206
31474346,2017-12-26T00:12:59.583,BUY,6.621e-05,30.0470693
31474348,2017-12-26T00:12:59.677,BUY,6.621e-05,42.9307384
31474351,2017-12-26T00:13:00.083,BUY,6.62e-05,648.779
31474352,2017-12-26T00:13:00.083,BUY,6.621e-05,211.14704446
31474353,2017-12-26T00:13:00.083,BUY,6.621e-05,1174.51064706
31474360,2017-12-26T00:13:01.21,BUY,6.621e-05,1875.85319291
31474362,2017-12-26T00:13:01.257,BUY,6.621e-05,534.75935824
31474368,2017-12-26T00:13:02.13,SELL,6.619e-05,280.18255731
31474370,2017-12-26T00:13:02.193,BUY,6.621e-05,836.68110855
31474371,2017-12-26T00:13:02.193,BUY,6.621e-05,2250.42179932
31474377,2017-12-26T00:13:02.85,SELL,6.621e-05,1044.18760423
31474388,2017-12-26T00:13:05.053,SELL,6.621e-05,74.7534502
31474389,2017-12-26T00:13:05.147,SELL,6.621e-05,3100.52219321
31474395,2017-12-26T00:13:05.977,BUY,6.623e-05,200.0
31474400,2017-12-26T00:13:07.18,SELL,6.621e-05,587.88109519
31474401,2017-12-26T00:13:07.523,SELL,6.621e-05,5792.76822165
31474406,2017-12-26T00:13:09.023,BUY,6.623e-05,49.80062463
31474411,2017-12-26T00:13:09.477,SELL,6.622e-05,100.0
31474412,2017-12-26T00:13:09.477,SELL,6.621e-05,584.71142078
31474414,2017-12-26T00:13:09.727,SELL,6.621e-05,1989.8163876
31474418,2017-12-26T00:13:10.647,SELL,6.621e-05,578.01858167
31474421,2017-12-26T00:13:11.007,BUY,6.625e-05,61.45211592
31474422,2017-12-26T00:13:11.007,BUY,6.626e-05,81.93615456
31474423,2017-12-26T00:13:11.007,BUY,6.626e-05,570.88580272
31474424,2017-12-26T00:13:11.007,BUY,6.627e-05,422.58323244
31474425,2017-12-26T00:13:11.007,BUY,6.642e-05,86.88690846
31474426,2017-12-26T00:13:11.007,BUY,6.646e-05,1124.32601943
31474428,2017-12-26T00:13:11.38,SELL,6.621e-05,617.33431128
31474429,2017-12-26T00:13:11.49,SELL,6.621e-05,950.04628614
31474452,2017-12-26T00:13:13.93,BUY,6.646e-05,18.27518984
31474472,2017-12-26T00:13:16.147,BUY,6.646e-05,80.72557807
31474480,2017-12-26T00:13:16.74,SELL,6.635e-05,3007.78896809
31474483,2017-12-26T00:13:17.117,BUY,6.646e-05,1464.58169952
31474485,2017-12-26T00:13:17.443,BUY,6.646e-05,33.08974206
31474498,2017-12-26T00:13:21.507,BUY,6.646e-05,1279.00177108
31474499,2017-12-26T00:13:21.507,BUY,6.646e-05,4787.31849387
31474500,2017-12-26T00:13:21.507,BUY,6.646e-05,280.48936636
31474501,2017-12-26T00:13:21.507,BUY,6.649e-05,381.43146955
31474502,2017-12-26T00:13:21.507,BUY,6.649e-05,188.87889705
31474510,2017-12-26T00:13:22.083,SELL,6.65e-05,689.83701664
31474548,2017-12-26T00:13:29.337,BUY,6.663e-05,100.0
31474551,2017-12-26T00:13:31.913,BUY,6.664e-05,653.56178904
31474555,2017-12-26T00:13:33.07,BUY,6.681e-05,40.27404097
31474556,2017-12-26T00:13:33.07,BUY,6.687e-05,29.90877823
31474557,2017-12-26T00:13:33.07,BUY,6.689e-05,25.82565828
31474567,2017-12-26T00:13:36.053,SELL,6.69e-05,123.182052
31474568,2017-12-26T00:13:36.367,SELL,6.69e-05,107.13718301
31474572,2017-12-26T00:13:36.54,SELL,6.69e-05,66.92789634
31474577,2017-12-26T00:13:37.837,BUY,6.691e-05,137.15518672
31474578,2017-12-26T00:13:37.837,BUY,6.7e-05,1000.0
31474579,2017-12-26T00:13:37.837,BUY,6.701e-05,8400.54702534
31474580,2017-12-26T00:13:37.837,BUY,6.701e-05,139.49385137
31474583,2017-12-26T00:13:39.007,SELL,6.701e-05,9942.46944225
31474584,2017-12-26T00:13:39.007,SELL,6.69e-05,802.49587417
31474585,2017-12-26T00:13:39.007,SELL,6.685e-05,709.82010471
31474586,2017-12-26T00:13:39.007,SELL,6.664e-05,1545.21457887
31474602,2017-12-26T00:13:40.977,BUY,6.718e-05,80.0
31474139,2017-12-26T00:12:22.193,SELL,6.548e-05,396.09713793
31474140,2017-12-26T00:12:22.193,SELL,6.547e-05,288.24376424
31474142,2017-12-26T00:12:22.253,BUY,6.625e-05,141.91586416
31474146,2017-12-26T00:12:23.02,BUY,6.624e-05,152.0527116
31474150,2017-12-26T00:12:23.91,BUY,6.619e-05,120.43260241
31474151,2017-12-26T00:12:23.91,BUY,6.624e-05,61.06286378
31474152,2017-12-26T00:12:23.927,BUY,6.625e-05,116.6789589
31474154,2017-12-26T00:12:24.567,BUY,6.624e-05,578.01858167
31474169,2017-12-26T00:12:27.55,SELL,6.551e-05,89.88363861
31474173,2017-12-26T00:12:28.21,BUY,6.624e-05,194.1251596
31474174,2017-12-26T00:12:28.49,SELL,6.551e-05,161.08494666
31474179,2017-12-26T00:12:29.473,BUY,6.623e-05,89.88363861
31474180,2017-12-26T00:12:29.473,BUY,6.624e-05,701.34875224
31474181,2017-12-26T00:12:29.473,BUY,6.625e-05,449.6171005
31474183,2017-12-26T00:12:29.55,BUY,6.625e-05,1059.38031864
31474186,2017-12-26T00:12:30.3,BUY,6.623e-05,21.83130043
31474191,2017-12-26T00:12:31.24,BUY,6.623e-05,2003.61847496
31474193,2017-12-26T00:12:31.41,SELL,6.624e-05,100.0
31474196,2017-12-26T00:12:31.863,BUY,6.625e-05,27.10394362
31474202,2017-12-26T00:12:32.507,BUY,6.625e-05,28.77697841
31474206,2017-12-26T00:12:33.223,SELL,6.624e-05,3673.80336081
31474215,2017-12-26T00:12:34.16,BUY,6.622e-05,1123.62455922
31474216,2017-12-26T00:12:34.16,SELL,6.556e-05,14.46655582
31474218,2017-12-26T00:12:34.41,BUY,6.622e-05,21.58156642
31474225,2017-12-26T00:12:35.973,SELL,6.557e-05,55.13007109
31474244,2017-12-26T00:12:40.71,SELL,6.558e-05,40.0
31474254,2017-12-26T00:12:42.6,BUY,6.619e-05,55.13007109
31474255,2017-12-26T00:12:42.6,BUY,6.62e-05,13.77979881
31474256,2017-12-26T00:12:42.6,BUY,6.621e-05,1962.57819506
31474258,2017-12-26T00:12:42.803,BUY,6.621e-05,497.14285714
31474262,2017-12-26T00:12:43.083,BUY,6.62e-05,54.46655582
31474263,2017-12-26T00:12:43.083,BUY,6.621e-05,92.71314438
31474264,2017-12-26T00:12:43.083,BUY,6.621e-05,189.09148624
31474268,2017-12-26T00:12:44.507,BUY,6.621e-05,63.15789472
31474278,2017-12-26T00:12:45.553,SELL,6.561e-05,744.84231582
31474282,2017-12-26T00:12:46.613,BUY,6.62e-05,744.84231582
31474283,2017-12-26T00:12:46.613,BUY,6.621e-05,1945.58241345
31474311,2017-12-26T00:12:52.443,BUY,6.619e-05,315.48327876
31474322,2017-12-26T00:12:55.177,BUY,6.619e-05,75.05713724
31474323,2017-12-26T00:12:55.177,BUY,6.621e-05,34.0621144
31474326,2017-12-26T00:12:55.27,BUY,6.621e-05,94.4746636
31474328,2017-12-26T00:12:55.52,BUY,6.621e-05,19.63449629
31474331,2017-12-26T00:12:55.88,BUY,6.621e-05,117.49147747
31474344,2017-12-26T00:12:59.553,SELL,6.58e-05,171.66905206
31474346,2017-12-26T00:12:59.583,BUY,6.621e-05,30.0470693
31474348,2017-12-26T00:12:59.677,BUY,6.621e-05,42.9307384
31474351,2017-12-26T00:13:00.083,BUY,6.62e-05,648.779
31474352,2017-12-26T00:13:00.083,BUY,6.621e-05,211.14704446
31474353,2017-12-26T00:13:00.083,BUY,6.621e-05,1174.51064706
31474360,2017-12-26T00:13:01.21,BUY,6.621e-05,1875.85319291
31474362,2017-12-26T00:13:01.257,BUY,6.621e-05,534.75935824
31474368,2017-12-26T00:13:02.13,SELL,6.619e-05,280.18255731
31474370,2017-12-26T00:13:02.193,BUY,6.621e-05,836.68110855
31474371,2017-12-26T00:13:02.193,BUY,6.621e-05,2250.42179932
31474377,2017-12-26T00:13:02.85,SELL,6.621e-05,1044.18760423
31474388,2017-12-26T00:13:05.053,SELL,6.621e-05,74.7534502
31474389,2017-12-26T00:13:05.147,SELL,6.621e-05,3100.52219321
31474395,2017-12-26T00:13:05.977,BUY,6.623e-05,200.0
31474400,2017-12-26T00:13:07.18,SELL,6.621e-05,587.88109519
31474401,2017-12-26T00:13:07.523,SELL,6.621e-05,5792.76822165
31474406,2017-12-26T00:13:09.023,BUY,6.623e-05,49.80062463
31474411,2017-12-26T00:13:09.477,SELL,6.622e-05,100.0
31474412,2017-12-26T00:13:09.477,SELL,6.621e-05,584.71142078
31474414,2017-12-26T00:13:09.727,SELL,6.621e-05,1989.8163876
31474418,2017-12-26T00:13:10.647,SELL,6.621e-05,578.01858167
31474421,2017-12-26T00:13:11.007,BUY,6.625e-05,61.45211592
31474422,2017-12-26T00:13:11.007,BUY,6.626e-05,81.93615456
31474423,2017-12-26T00:13:11.007,BUY,6.626e-05,570.88580272
31474424,2017-12-26T00:13:11.007,BUY,6.627e-05,422.58323244
31474425,2017-12-26T00:13:11.007,BUY,6.642e-05,86.88690846
31474426,2017-12-26T00:13:11.007,BUY,6.646e-05,1124.32601943
31474428,2017-12-26T00:13:11.38,SELL,6.621e-05,617.33431128
31474429,2017-12-26T00:13:11.49,SELL,6.621e-05,950.04628614
31474452,2017-12-26T00:13:13.93,BUY,6.646e-05,18.27518984
31474472,2017-12-26T00:13:16.147,BUY,6.646e-05,80.72557807
31474480,2017-12-26T00:13:16.74,SELL,6.635e-05,3007.78896809
31474483,2017-12-26T00:13:17.117,BUY,6.646e-05,1464.58169952
31474485,2017-12-26T00:13:17.443,BUY,6.646e-05,33.08974206
31474498,2017-12-26T00:13:21.507,BUY,6.646e-05,1279.00177108
31474499,2017-12-26T00:13:21.507,BUY,6.646e-05,4787.31849387
31474500,2017-12-26T00:13:21.507,BUY,6.646e-05,280.48936636
31474501,2017-12-26T00:13:21.507,BUY,6.649e-05,381.43146955
31474502,2017-12-26T00:13:21.507,BUY,6.649e-05,188.87889705
31474510,2017-12-26T00:13:22.083,SELL,6.65e-05,689.83701664
31474548,2017-12-26T00:13:29.337,BUY,6.663e-05,100.0
31474551,2017-12-26T00:13:31.913,BUY,6.664e-05,653.56178904
31474555,2017-12-26T00:13:33.07,BUY,6.681e-05,40.27404097
31474556,2017-12-26T00:13:33.07,BUY,6.687e-05,29.90877823
31474557,2017-12-26T00:13:33.07,BUY,6.689e-05,25.82565828
31474567,2017-12-26T00:13:36.053,SELL,6.69e-05,123.182052
31474568,2017-12-26T00:13:36.367,SELL,6.69e-05,107.13718301
31474572,2017-12-26T00:13:36.54,SELL,6.69e-05,66.92789634
31474577,2017-12-26T00:13:37.837,BUY,6.691e-05,137.15518672
31474578,2017-12-26T00:13:37.837,BUY,6.7e-05,1000.0
31474579,2017-12-26T00:13:37.837,BUY,6.701e-05,8400.54702534
31474580,2017-12-26T00:13:37.837,BUY,6.701e-05,139.49385137
31474583,2017-12-26T00:13:39.007,SELL,6.701e-05,9942.46944225
31474584,2017-12-26T00:13:39.007,SELL,6.69e-05,802.49587417
31474585,2017-12-26T00:13:39.007,SELL,6.685e-05,709.82010471
31474586,2017-12-26T00:13:39.007,SELL,6.664e-05,1545.21457887
31474602,2017-12-26T00:13:40.977,BUY,6.718e-05,80.0
31474605,2017-12-26T00:13:42.443,SELL,6.665e-05,54.839594
31474621,2017-12-26T00:13:46.163,SELL,6.718e-05,404.43130262
31474624,2017-12-26T00:13:47.303,SELL,6.718e-05,487.54446135
31474630,2017-12-26T00:13:48.337,BUY,6.722e-05,96.82990937
31474632,2017-12-26T00:13:48.93,SELL,6.722e-05,15.52208955
31474667,2017-12-26T00:13:54.617,BUY,6.736e-05,665.27205335
31474668,2017-12-26T00:13:54.617,BUY,6.757e-05,35.89053388
31474669,2017-12-26T00:13:54.617,BUY,6.791e-05,2013.43837612
31474703,2017-12-26T00:14:00.197,SELL,6.737e-05,700.0
31474709,2017-12-26T00:14:01.46,BUY,6.757e-05,149.3272806
31474716,2017-12-26T00:14:03.307,BUY,6.757e-05,124.75633528
31474718,2017-12-26T00:14:04.227,BUY,6.757e-05,320.16262228
31474721,2017-12-26T00:14:04.617,SELL,6.737e-05,586.68280945
31474732,2017-12-26T00:14:05.993,BUY,6.757e-05,639.15976184
31474744,2017-12-26T00:14:07.15,BUY,6.758e-05,107.0331343
31474746,2017-12-26T00:14:07.413,SELL,6.789e-05,177.68476592
31474748,2017-12-26T00:14:07.493,BUY,6.798e-05,631.77482235
31474749,2017-12-26T00:14:07.493,BUY,6.798e-05,43.81860568
31474750,2017-12-26T00:14:07.493,BUY,6.8e-05,100.0
31474753,2017-12-26T00:14:07.9,SELL,6.8e-05,178.40962
31474754,2017-12-26T00:14:07.913,SELL,6.8e-05,155.73611439
31474755,2017-12-26T00:14:08.07,SELL,6.8e-05,183.25713693
31474765,2017-12-26T00:14:09.273,SELL,6.8e-05,263.491222
31474769,2017-12-26T00:14:09.727,SELL,6.8e-05,44.76764706
31474770,2017-12-26T00:14:09.76,SELL,6.8e-05,249.12216726
31474777,2017-12-26T00:14:10.727,SELL,6.801e-05,155.31241715
31474779,2017-12-26T00:14:11.383,SELL,6.801e-05,362.21120573
31474793,2017-12-26T00:14:13.853,SELL,6.803e-05,62.71201826
31474794,2017-12-26T00:14:14.01,SELL,6.803e-05,180.94546524
31474795,2017-12-26T00:14:14.103,SELL,6.803e-05,591.05473671
31474796,2017-12-26T00:14:14.197,SELL,6.803e-05,708.14562164
31474804,2017-12-26T00:14:16.197,BUY,6.802e-05,146.64441513
31474809,2017-12-26T00:14:16.523,BUY,6.802e-05,0.37116852
31474810,2017-12-26T00:14:16.54,BUY,6.803e-05,152.76704137
31474813,2017-12-26T00:14:17.26,BUY,6.831e-05,16.10306
31474818,2017-12-26T00:14:18.087,BUY,6.831e-05,15.20377915
31474830,2017-12-26T00:14:20.807,BUY,6.831e-05,11.76180151
31474831,2017-12-26T00:14:20.807,BUY,6.831e-05,256.33471323
31474842,2017-12-26T00:14:22.913,BUY,6.831e-05,2959.65895257
31474843,2017-12-26T00:14:22.913,BUY,6.831e-05,104.0
31474844,2017-12-26T00:14:22.913,BUY,6.884e-05,382.98747352
31474851,2017-12-26T00:14:25.057,BUY,6.885e-05,1310.67924057
31474856,2017-12-26T00:14:26.07,SELL,6.831e-05,120.88793222
31474858,2017-12-26T00:14:26.353,SELL,6.831e-05,653.51656305
31474859,2017-12-26T00:14:26.353,SELL,6.803e-05,1430.48649368
31474860,2017-12-26T00:14:26.353,SELL,6.802e-05,620.85811489
31474861,2017-12-26T00:14:26.353,SELL,6.801e-05,250.0
31474862,2017-12-26T00:14:26.353,SELL,6.8e-05,4473.8213658
31474863,2017-12-26T00:14:26.353,SELL,6.8e-05,4351.20243508
31474864,2017-12-26T00:14:26.353,SELL,6.8e-05,300.04236628
31474869,2017-12-26T00:14:28.633,SELL,6.8e-05,37.3676889
31474879,2017-12-26T00:14:30.963,SELL,6.831e-05,177.61072359
31474880,2017-12-26T00:14:30.977,SELL,6.831e-05,1619.4144999
31474881,2017-12-26T00:14:30.977,SELL,6.8e-05,101.75952087
31474887,2017-12-26T00:14:31.947,BUY,6.8e-05,14.63914507
31474895,2017-12-26T00:14:33.353,BUY,6.8e-05,200.0
31474900,2017-12-26T00:14:33.977,BUY,6.8e-05,21.80947864
31474909,2017-12-26T00:14:37.883,BUY,6.8e-05,2964.66709087
31474916,2017-12-26T00:14:40.087,BUY,6.8e-05,20.97771838
31474918,2017-12-26T00:14:40.4,BUY,6.8e-05,200.09499016
31474923,2017-12-26T00:14:42.947,SELL,6.766e-05,17.93453893
31474925,2017-12-26T00:14:42.963,BUY,6.8e-05,400.927868
31474931,2017-12-26T00:14:45.447,SELL,6.766e-05,45.03152206
31474933,2017-12-26T00:14:45.57,BUY,6.8e-05,1880.99530598
31474934,2017-12-26T00:14:45.57,BUY,6.8e-05,148.55529971
31474935,2017-12-26T00:14:45.57,BUY,6.8e-05,32.71320279
31474936,2017-12-26T00:14:45.62,SELL,6.8e-05,3416.86718755
31474937,2017-12-26T00:14:45.62,SELL,6.766e-05,842.66190279
31474938,2017-12-26T00:14:45.62,SELL,6.765e-05,2001.93780146
31474939,2017-12-26T00:14:45.62,SELL,6.738e-05,35.45046104
31474940,2017-12-26T00:14:45.62,SELL,6.737e-05,54.08310898
31474941,2017-12-26T00:14:45.62,SELL,6.737e-05,950.63628331
31474942,2017-12-26T00:14:45.62,SELL,6.726e-05,2230.15165031
31474943,2017-12-26T00:14:45.62,SELL,6.725e-05,6538.28907285
31474944,2017-12-26T00:14:45.62,SELL,6.722e-05,12202.03223678
31474946,2017-12-26T00:14:46.633,SELL,6.765e-05,17.88927936
31474947,2017-12-26T00:14:46.697,SELL,6.765e-05,19.63449629
31474948,2017-12-26T00:14:46.73,SELL,6.765e-05,22.5123818
31474952,2017-12-26T00:14:48.087,SELL,6.765e-05,8.96384255
31474972,2017-12-26T00:14:53.417,BUY,6.797e-05,135.55645926
31474979,2017-12-26T00:14:55.573,SELL,6.766e-05,214.30251921
31474984,2017-12-26T00:14:56.01,BUY,6.797e-05,2230.15165031
31474985,2017-12-26T00:14:56.01,BUY,6.798e-05,51.42907285
31474992,2017-12-26T00:14:57.527,BUY,6.8e-05,100.31524484
31474993,2017-12-26T00:14:57.527,BUY,6.8e-05,35.24121416
31474995,2017-12-26T00:14:57.54,BUY,6.8e-05,65.10240064
31474996,2017-12-26T00:14:58.243,SELL,6.766e-05,418.02192605
31474997,2017-12-26T00:14:58.98,SELL,6.766e-05,27.24617555
31475021,2017-12-26T00:15:03.84,BUY,6.8e-05,640.9318784
31475028,2017-12-26T00:15:04.463,SELL,6.8e-05,592.6692285
31475039,2017-12-26T00:15:08.51,BUY,6.83e-05,2000.0
31475040,2017-12-26T00:15:08.51,BUY,6.831e-05,712.70436174
31475041,2017-12-26T00:15:08.51,BUY,6.831e-05,2198.77636791
31475042,2017-12-26T00:15:08.51,BUY,6.88e-05,612.90322581
31475043,2017-12-26T00:15:08.51,BUY,6.882e-05,15.6197935
31475044,2017-12-26T00:15:08.51,BUY,6.884e-05,265.40788566
31475047,2017-12-26T00:15:10.027,SELL,6.882e-05,7168.691175
31475056,2017-12-26T00:15:12.95,SELL,6.882e-05,2.8e-07
31475062,2017-12-26T00:15:13.54,BUY,6.882e-05,1426.67508837
31475063,2017-12-26T00:15:13.54,BUY,6.884e-05,33.63894079
31475064,2017-12-26T00:15:13.54,BUY,6.888e-05,856.94961484
31475083,2017-12-26T00:15:17.51,BUY,6.882e-05,145.30659691
31475085,2017-12-26T00:15:17.747,BUY,6.882e-05,98.09966075
31475091,2017-12-26T00:15:18.433,SELL,6.801e-05,425.7624211
31475093,2017-12-26T00:15:18.637,SELL,6.801e-05,966.54288562
31475095,2017-12-26T00:15:18.683,BUY,6.801e-05,1209.40872429
31475097,2017-12-26T00:15:18.73,BUY,6.801e-05,187.84571671
31475099,2017-12-26T00:15:18.807,BUY,6.801e-05,1354.16391628
31475102,2017-12-26T00:15:20.213,SELL,6.8e-05,3000.0
31475103,2017-12-26T00:15:20.213,SELL,6.8e-05,108.64841373
31475104,2017-12-26T00:15:20.213,SELL,6.8e-05,50.0
31475105,2017-12-26T00:15:20.213,SELL,6.799e-05,14.7080453
31475106,2017-12-26T00:15:20.213,SELL,6.77e-05,144.74359297
31475110,2017-12-26T00:15:20.54,BUY,6.876e-05,57.76991898
31475112,2017-12-26T00:15:20.743,BUY,6.876e-05,177.14258381
31475114,2017-12-26T00:15:20.853,BUY,6.876e-05,190.84991831
31475115,2017-12-26T00:15:20.853,BUY,6.877e-05,518.45151569
31475122,2017-12-26T00:15:23.12,BUY,6.875e-05,500.0
31475124,2017-12-26T00:15:23.4,BUY,6.874e-05,329.10965652
31475132,2017-12-26T00:15:25.777,SELL,6.802e-05,41.76868904
31475148,2017-12-26T00:15:27.48,BUY,6.873e-05,362.95105807
31475170,2017-12-26T00:15:29.137,BUY,6.872e-05,795.04409424
31475178,2017-12-26T00:15:30.26,BUY,6.872e-05,1204.95590576
31475179,2017-12-26T00:15:30.26,BUY,6.876e-05,1480.0
31475181,2017-12-26T00:15:30.26,BUY,6.877e-05,534.94499224
31475200,2017-12-26T00:15:32.603,SELL,6.876e-05,5786.70321092
31475201,2017-12-26T00:15:32.84,SELL,6.804e-05,75.0
31475217,2017-12-26T00:15:34.323,SELL,6.807e-05,132.0
31475220,2017-12-26T00:15:34.433,BUY,6.866e-05,17.57348661
31475244,2017-12-26T00:15:37.637,SELL,6.807e-05,1783.046
31475245,2017-12-26T00:15:37.637,SELL,6.807e-05,29.34966719
31475246,2017-12-26T00:15:37.683,SELL,6.805e-05,23.87703327
31475248,2017-12-26T00:15:37.713,BUY,6.806e-05,1811.768
31475253,2017-12-26T00:15:38.497,BUY,6.806e-05,474.443368
31475255,2017-12-26T00:15:39.293,SELL,6.805e-05,261.99664564
31475256,2017-12-26T00:15:39.293,SELL,6.803e-05,276.38312499
31475257,2017-12-26T00:15:39.293,SELL,6.802e-05,279.14717763
31475258,2017-12-26T00:15:39.293,SELL,6.801e-05,994.24105174
31475260,2017-12-26T00:15:39.527,BUY,6.806e-05,3.1e-07
31475276,2017-12-26T00:15:42.463,BUY,6.866e-05,17.47742499
31475278,2017-12-26T00:15:42.9,BUY,6.866e-05,89.53360061
31475281,2017-12-26T00:15:43.137,BUY,6.866e-05,1177.21777573
31475282,2017-12-26T00:15:43.137,BUY,6.866e-05,144.54871163
31475286,2017-12-26T00:15:44.2,SELL,6.866e-05,2714.60096335
31475287,2017-12-26T00:15:44.45,SELL,6.866e-05,29.34966719
31475295,2017-12-26T00:15:45.997,SELL,6.866e-05,2008.00560217
31475297,2017-12-26T00:15:46.37,SELL,6.866e-05,144.5550035
31475301,2017-12-26T00:15:46.45,SELL,6.866e-05,22.35294118
31475307,2017-12-26T00:15:47.9,SELL,6.866e-05,144.5550035
31475318,2017-12-26T00:15:48.793,SELL,6.866e-05,86.94827241
31475332,2017-12-26T00:15:50.73,SELL,6.866e-05,930.23469377
31475341,2017-12-26T00:15:52.433,SELL,6.866e-05,111.97902566
31475345,2017-12-26T00:15:53.543,BUY,6.876e-05,38.224182
31475346,2017-12-26T00:15:53.543,BUY,6.876e-05,87.57881951
31475347,2017-12-26T00:15:53.543,BUY,6.877e-05,1131.5222809
31475348,2017-12-26T00:15:53.543,BUY,6.877e-05,1096.98803131
31475349,2017-12-26T00:15:53.543,BUY,6.882e-05,754.4892108
31475350,2017-12-26T00:15:53.543,BUY,6.89e-05,1240.84949135
31475351,2017-12-26T00:15:53.543,BUY,6.897e-05,2773.41257829
31475352,2017-12-26T00:15:53.543,BUY,6.899e-05,798.53959275
31475353,2017-12-26T00:15:53.543,BUY,6.899e-05,27.09506823
31475354,2017-12-26T00:15:53.543,BUY,6.9e-05,18407.14245982
31475355,2017-12-26T00:15:53.543,BUY,6.9e-05,5000.0
31475358,2017-12-26T00:15:53.84,SELL,6.9e-05,579.80641946
31475360,2017-12-26T00:15:54.403,SELL,6.9e-05,15.0
31475364,2017-12-26T00:15:55.12,SELL,6.9e-05,103.15445371
31475400,2017-12-26T00:15:59.903,SELL,6.901e-05,97.49052659
31475402,2017-12-26T00:15:59.963,BUY,6.91e-05,51.68236879
31475410,2017-12-26T00:16:00.463,SELL,6.91e-05,28.81894917
31475411,2017-12-26T00:16:00.463,SELL,6.901e-05,1347.95875586
31475412,2017-12-26T00:16:00.463,SELL,6.9e-05,3097.05379557
31475413,2017-12-26T00:16:00.463,SELL,6.9e-05,98.30452853
31475414,2017-12-26T00:16:00.463,SELL,6.882e-05,54.15619115
31475418,2017-12-26T00:16:01.933,SELL,6.866e-05,991.79521448
31475423,2017-12-26T00:16:03.2,SELL,6.866e-05,37.41690078
31475437,2017-12-26T00:16:05.2,BUY,6.876e-05,147.43331992
31475444,2017-12-26T00:16:05.747,SELL,6.867e-05,280.0
31475451,2017-12-26T00:16:06.73,BUY,6.876e-05,2516.12320907
31475452,2017-12-26T00:16:06.73,BUY,6.9e-05,385.15188528
31475453,2017-12-26T00:16:06.73,BUY,6.9e-05,103.4521069
31475454,2017-12-26T00:16:06.73,BUY,6.901e-05,97.49052659
31475455,2017-12-26T00:16:06.73,BUY,6.95e-05,67.99001175
31475456,2017-12-26T00:16:06.73,BUY,6.953e-05,46.12141504
31475457,2017-12-26T00:16:06.73,BUY,6.953e-05,125.00758011
31475458,2017-12-26T00:16:06.73,BUY,6.977e-05,146.54910939
31475459,2017-12-26T00:16:06.73,BUY,6.977e-05,3459.27724661
31475467,2017-12-26T00:16:07.323,SELL,6.949e-05,173.45289741
31475470,2017-12-26T00:16:07.543,BUY,6.977e-05,431.642246
31475477,2017-12-26T00:16:09.153,SELL,6.949e-05,1887.488098
31475480,2017-12-26T00:16:09.637,SELL,6.949e-05,89.44037701
31475489,2017-12-26T00:16:10.263,BUY,6.977e-05,90.32367419
31475490,2017-12-26T00:16:10.263,BUY,6.98e-05,2000.0
31475491,2017-12-26T00:16:10.263,BUY,6.981e-05,37.81323636
31475492,2017-12-26T00:16:10.263,BUY,6.986e-05,2490.59238806
31475493,2017-12-26T00:16:10.357,SELL,6.99e-05,461.22102257
31475510,2017-12-26T00:16:13.433,BUY,6.991e-05,31.00942127
31475511,2017-12-26T00:16:13.433,BUY,6.993e-05,30.85440756
31475516,2017-12-26T00:16:14.013,SELL,6.99e-05,144.17531718
31475519,2017-12-26T00:16:14.06,SELL,6.99e-05,3270.83666207
31475520,2017-12-26T00:16:14.06,SELL,6.977e-05,172.65193044
31475522,2017-12-26T00:16:14.09,BUY,6.977e-05,22.22222222
31475527,2017-12-26T00:16:15.013,BUY,6.977e-05,26.14379084
31475531,2017-12-26T00:16:15.263,BUY,6.977e-05,396.32485714
31475543,2017-12-26T00:16:16.717,BUY,6.976e-05,964.00201213
31475545,2017-12-26T00:16:17.013,BUY,6.976e-05,984.08585118
31475548,2017-12-26T00:16:17.497,BUY,6.976e-05,51.91213669
31475549,2017-12-26T00:16:17.497,BUY,6.977e-05,166.68676434
31475552,2017-12-26T00:16:18.403,BUY,6.977e-05,302.59491732
31475575,2017-12-26T00:16:21.03,SELL,6.949e-05,70.51910057
31475576,2017-12-26T00:16:21.073,SELL,6.949e-05,516.17794952
31475602,2017-12-26T00:16:24.42,BUY,6.976e-05,362.95105807
31475603,2017-12-26T00:16:24.42,BUY,6.977e-05,637.04894193
31475613,2017-12-26T00:16:25.73,SELL,6.949e-05,194.11534545
31475622,2017-12-26T00:16:27.23,BUY,6.942e-05,40.13186183
31475636,2017-12-26T00:16:29.03,BUY,6.942e-05,132.0
31475646,2017-12-26T00:16:31.2,BUY,6.937e-05,509.52744774
31475653,2017-12-26T00:16:32.23,SELL,6.888e-05,1673.53189911
31475661,2017-12-26T00:16:33.153,BUY,6.937e-05,875.37852288
31475662,2017-12-26T00:16:33.153,BUY,6.942e-05,829.50427572
31475663,2017-12-26T00:16:33.153,BUY,6.975e-05,1123.96438972
31475676,2017-12-26T00:16:35.183,SELL,6.89e-05,1042.5130624
31475678,2017-12-26T00:16:35.7,BUY,6.889e-05,24.41838092
31475679,2017-12-26T00:16:35.7,BUY,6.975e-05,549.56750939
31475680,2017-12-26T00:16:35.7,BUY,6.977e-05,175.87518457
31475690,2017-12-26T00:16:37.387,SELL,6.887e-05,14.52011035
31475691,2017-12-26T00:16:37.387,SELL,6.887e-05,0.11903472
31475696,2017-12-26T00:16:37.827,BUY,6.937e-05,53.23193916
31475698,2017-12-26T00:16:38.153,BUY,6.937e-05,22.0
31475703,2017-12-26T00:16:38.7,BUY,6.937e-05,191.92104188
31475708,2017-12-26T00:16:39.45,SELL,6.888e-05,89.44037701
31475712,2017-12-26T00:16:40.59,BUY,6.937e-05,375.7351257
31475731,2017-12-26T00:16:44.89,SELL,6.887e-05,180.12608826
31475732,2017-12-26T00:16:45.373,SELL,6.887e-05,758.53167274
31475733,2017-12-26T00:16:45.373,SELL,6.883e-05,3632.1371495
31475734,2017-12-26T00:16:45.373,SELL,6.881e-05,870.53750596
31475735,2017-12-26T00:16:45.373,SELL,6.88e-05,1336.7195238
31475741,2017-12-26T00:16:47.107,BUY,6.936e-05,121.83265348
31475742,2017-12-26T00:16:47.357,SELL,6.888e-05,31.65511019
31475744,2017-12-26T00:16:47.39,BUY,6.936e-05,144.15453366
31475754,2017-12-26T00:16:48.403,BUY,6.935e-05,210.0
31475755,2017-12-26T00:16:48.7,SELL,6.882e-05,150.0
31475766,2017-12-26T00:16:51.06,BUY,6.934e-05,379.28955738
31475783,2017-12-26T00:16:54.983,SELL,6.89e-05,200.0
31475784,2017-12-26T00:16:54.983,SELL,6.882e-05,705.80451801
31475785,2017-12-26T00:16:54.983,SELL,6.881e-05,47.51556655
31475786,2017-12-26T00:16:54.983,SELL,6.88e-05,6379.99157548
31475788,2017-12-26T00:16:55.483,SELL,6.88e-05,962.30079934
31475789,2017-12-26T00:16:55.483,SELL,6.88e-05,1028.00194281
31475790,2017-12-26T00:16:55.483,SELL,6.88e-05,180.0456707
31475793,2017-12-26T00:16:55.967,BUY,6.88e-05,100.0
31475804,2017-12-26T00:16:57.95,BUY,6.88e-05,88.410691
31475808,2017-12-26T00:16:58.233,BUY,6.88e-05,42.84754547
31475810,2017-12-26T00:16:58.327,BUY,6.88e-05,351.23454703
31475816,2017-12-26T00:16:59.653,BUY,6.88e-05,2212.68964882
31475818,2017-12-26T00:16:59.763,BUY,6.88e-05,33.16032295
31475825,2017-12-26T00:17:01.793,BUY,6.88e-05,245.09803921
31475826,2017-12-26T00:17:02.28,SELL,6.868e-05,156.88009159
31475827,2017-12-26T00:17:02.28,SELL,6.867e-05,836.98009557
31475829,2017-12-26T00:17:02.5,BUY,6.88e-05,146.54032613
31475836,2017-12-26T00:17:05.31,BUY,6.88e-05,321.51095732
31475839,2017-12-26T00:17:06.717,BUY,6.88e-05,1646.76126453
31475844,2017-12-26T00:17:08.407,BUY,6.88e-05,28.256359
31475847,2017-12-26T00:17:09.67,SELL,6.868e-05,156.88009159
31475848,2017-12-26T00:17:09.67,SELL,6.867e-05,156.88009159
31475849,2017-12-26T00:17:09.67,SELL,6.866e-05,1359.08100728
31475851,2017-12-26T00:17:09.67,BUY,6.88e-05,876.73026735
31475853,2017-12-26T00:17:10.687,SELL,6.866e-05,97.35921737
31475854,2017-12-26T00:17:10.687,SELL,6.866e-05,32.13855835
31475855,2017-12-26T00:17:10.687,SELL,6.866e-05,172.50771126
31475857,2017-12-26T00:17:11.03,BUY,6.88e-05,1757.26325894
31475858,2017-12-26T00:17:11.123,SELL,6.866e-05,2091.3180406
31475859,2017-12-26T00:17:11.437,SELL,6.866e-05,2807.89932276
31475866,2017-12-26T00:17:13.343,BUY,6.88e-05,119.18604651
31475869,2017-12-26T00:17:13.937,BUY,6.88e-05,17.44186046
31475880,2017-12-26T00:17:16.187,BUY,6.88e-05,368.65833382
31475885,2017-12-26T00:17:16.717,BUY,6.88e-05,1526.78565214
31475886,2017-12-26T00:17:16.78,SELL,6.868e-05,574.34228706
31475887,2017-12-26T00:17:16.78,SELL,6.866e-05,4928.27492538
31475888,2017-12-26T00:17:16.78,SELL,6.866e-05,53.6505651
31475889,2017-12-26T00:17:16.78,SELL,6.866e-05,474.99660389
31475903,2017-12-26T00:17:21.153,SELL,6.866e-05,188.9493272
31475905,2017-12-26T00:17:21.31,BUY,6.868e-05,14.7080453
31475906,2017-12-26T00:17:21.31,BUY,6.88e-05,185.2919547
31475907,2017-12-26T00:17:21.983,SELL,6.866e-05,112.63284635
31475910,2017-12-26T00:17:24.64,BUY,6.88e-05,562.26185988
31475913,2017-12-26T00:17:25.297,BUY,6.88e-05,221.68014941
31475915,2017-12-26T00:17:25.53,BUY,6.88e-05,31.97674418
31475919,2017-12-26T00:17:25.827,BUY,6.88e-05,43.58683539
31475921,2017-12-26T00:17:25.983,BUY,6.88e-05,247.83147458
31475925,2017-12-26T00:17:27.513,BUY,6.88e-05,3292.05358696
31475940,2017-12-26T00:17:31.733,SELL,6.876e-05,285.04944735
31475941,2017-12-26T00:17:31.733,SELL,6.866e-05,48.80371228
31475942,2017-12-26T00:17:31.733,SELL,6.866e-05,1668.75369107
31475943,2017-12-26T00:17:31.733,SELL,6.866e-05,146.15616507
31475945,2017-12-26T00:17:31.937,BUY,6.866e-05,15.54827338
31475953,2017-12-26T00:17:32.953,BUY,6.866e-05,169.85699673
31475970,2017-12-26T00:17:34.89,BUY,6.866e-05,145.3488372
31475982,2017-12-26T00:17:37.03,BUY,6.866e-05,72.6744186
31475988,2017-12-26T00:17:38.53,BUY,6.866e-05,433.03669169
31475993,2017-12-26T00:17:39.47,BUY,6.866e-05,15.98837209
31475995,2017-12-26T00:17:39.703,BUY,6.866e-05,143.760782
31475999,2017-12-26T00:17:40.5,BUY,6.866e-05,29.06976744
31476005,2017-12-26T00:17:41.5,BUY,6.866e-05,180.0
31476011,2017-12-26T00:17:42.953,BUY,6.866e-05,182.394795
31476014,2017-12-26T00:17:43.14,BUY,6.866e-05,444.8012169
31476015,2017-12-26T00:17:43.14,BUY,6.866e-05,483.00202449
31476016,2017-12-26T00:17:43.14,BUY,6.866e-05,100.0
31476021,2017-12-26T00:17:45.75,SELL,6.866e-05,1871.92418423
31476024,2017-12-26T00:17:46.75,BUY,6.866e-05,173.59228294
31476025,2017-12-26T00:17:47.267,SELL,6.851e-05,2560.174
31476026,2017-12-26T00:17:47.267,SELL,6.85e-05,328.53691789
31476041,2017-12-26T00:17:50.67,BUY,6.865e-05,364.11402068
31476046,2017-12-26T00:17:56.047,SELL,6.85e-05,171.46308211
