85834072,2017-12-25T12:59:49.403,SELL,7.108e-05,774.81525356
85834073,2017-12-25T12:59:49.403,SELL,7.108e-05,137.36975942
85834074,2017-12-25T12:59:49.403,SELL,7.108e-05,679.09152274
85834075,2017-12-25T12:59:49.403,SELL,7.108e-05,2237.62007474
85834076,2017-12-25T12:59:49.403,SELL,7.108e-05,71.38285699
85834098,2017-12-25T12:59:55.407,BUY,7.109e-05,551.61357118
85834099,2017-12-25T12:59:55.843,SELL,7.108e-05,10.0
85834100,2017-12-25T12:59:55.843,SELL,7.108e-05,100.0
85834101,2017-12-25T12:59:55.843,SELL,7.107e-05,390.0
85834107,2017-12-25T12:59:56.423,BUY,7.109e-05,847.01234021
85834111,2017-12-25T12:59:57.157,SELL,7.109e-05,1152.98765979
85834118,2017-12-25T12:59:58.377,BUY,7.108e-05,631.33051688
85834121,2017-12-25T12:59:58.86,BUY,7.108e-05,1115.6611
85834128,2017-12-25T13:00:00.94,BUY,7.108e-05,42.0261
85834133,2017-12-25T13:00:03.05,BUY,7.108e-05,10.0
85834134,2017-12-25T13:00:03.11,SELL,7.107e-05,132.837411
85834139,2017-12-25T13:00:03.94,BUY,7.108e-05,42.0261
85834141,2017-12-25T13:00:04.05,BUY,7.108e-05,136.61583837
85834144,2017-12-25T13:00:05.423,BUY,7.108e-05,309.77946293
85834147,2017-12-25T13:00:07.003,BUY,7.108e-05,70.4963
85834149,2017-12-25T13:00:07.38,BUY,7.108e-05,32.78869074
85834150,2017-12-25T13:00:07.677,SELL,7.107e-05,20.07774953
85834154,2017-12-25T13:00:08.973,BUY,7.108e-05,80.11527175
85834158,2017-12-25T13:00:09.363,BUY,7.108e-05,439.0924
85834161,2017-12-25T13:00:10.037,SELL,7.107e-05,1550.7
85834165,2017-12-25T13:00:11.24,BUY,7.108e-05,5.06821933
85834166,2017-12-25T13:00:11.24,BUY,7.108e-05,117.87648067
85834171,2017-12-25T13:00:12.113,BUY,7.108e-05,63.11081526
85834172,2017-12-25T13:00:12.113,BUY,7.108e-05,128.03687643
85834174,2017-12-25T13:00:12.753,BUY,7.108e-05,119.47097355
85834175,2017-12-25T13:00:13.333,SELL,7.107e-05,406.74176743
85834180,2017-12-25T13:00:14.21,SELL,7.107e-05,3994.27939929
85834181,2017-12-25T13:00:14.21,SELL,7.107e-05,163.32051921
85834182,2017-12-25T13:00:14.21,SELL,7.107e-05,40.0
85834183,2017-12-25T13:00:14.21,SELL,7.107e-05,402.36821459
85834185,2017-12-25T13:00:14.88,BUY,7.108e-05,42.5906
85834187,2017-12-25T13:00:15.693,BUY,7.108e-05,520.45671145
85834192,2017-12-25T13:00:16.32,SELL,7.107e-05,412.79898264
85834194,2017-12-25T13:00:17.32,BUY,7.108e-05,101.29445695
85834196,2017-12-25T13:00:17.413,BUY,7.108e-05,402.5121
85834198,2017-12-25T13:00:17.617,BUY,7.108e-05,4954.3
85834199,2017-12-25T13:00:19.193,SELL,7.107e-05,71.38285699
85834202,2017-12-25T13:00:19.38,SELL,7.107e-05,1716.29361752
85834203,2017-12-25T13:00:19.38,SELL,7.107e-05,13.79896053
85834204,2017-12-25T13:00:19.38,SELL,7.107e-05,1000.0
85834205,2017-12-25T13:00:19.38,SELL,7.107e-05,160.0
85834206,2017-12-25T13:00:19.38,SELL,7.107e-05,90.57670536
85834207,2017-12-25T13:00:19.38,SELL,7.107e-05,188.58925602
85834210,2017-12-25T13:00:19.82,BUY,7.107e-05,196.84921532
85834212,2017-12-25T13:00:20.397,BUY,7.107e-05,72.06341581
85834214,2017-12-25T13:00:20.443,BUY,7.107e-05,537.64725825
85834215,2017-12-25T13:00:20.46,BUY,7.108e-05,241.93924175
85834219,2017-12-25T13:00:20.88,SELL,7.105e-05,10.0
85834220,2017-12-25T13:00:20.88,SELL,7.1e-05,310.156686
85834226,2017-12-25T13:00:23.04,SELL,7.107e-05,75.0
85834232,2017-12-25T13:00:26.837,SELL,7.1e-05,24.25263656
85834233,2017-12-25T13:00:28.087,SELL,7.1e-05,626.09747674
85834234,2017-12-25T13:00:28.087,SELL,7.099e-05,11248.94276854
85834235,2017-12-25T13:00:28.087,SELL,7.099e-05,15.0
85834236,2017-12-25T13:00:28.087,SELL,7.095e-05,2513.5648668
85834240,2017-12-25T13:00:29.01,BUY,7.1e-05,486.8884168
85834241,2017-12-25T13:00:29.01,BUY,7.107e-05,2940.2015832
85834253,2017-12-25T13:00:34.65,BUY,7.099e-05,485.0
85834256,2017-12-25T13:00:35.463,BUY,7.099e-05,1290.94753788
85834261,2017-12-25T13:00:38.637,BUY,7.099e-05,769.30211108
85834271,2017-12-25T13:00:41.59,SELL,7.099e-05,455.73103098
85834279,2017-12-25T13:00:42.73,SELL,7.099e-05,132.90812113
85834283,2017-12-25T13:00:43.03,SELL,7.099e-05,220.78749519
85834285,2017-12-25T13:00:43.98,BUY,7.1e-05,225.47699122
85834287,2017-12-25T13:00:44.793,BUY,7.107e-05,35.38388471
85834288,2017-12-25T13:00:45.09,SELL,7.105e-05,466.6307487
85834291,2017-12-25T13:00:46.17,SELL,7.105e-05,1000.0
85834294,2017-12-25T13:00:47.047,BUY,7.107e-05,3134.92379121
85834295,2017-12-25T13:00:47.047,BUY,7.107e-05,100.0
85834308,2017-12-25T13:00:50.967,SELL,7.105e-05,70.77281555
85834310,2017-12-25T13:00:51.25,BUY,7.108e-05,13000.0
85834312,2017-12-25T13:00:51.437,BUY,7.108e-05,150.0
85834315,2017-12-25T13:00:52.267,SELL,7.105e-05,270.34333602
85834317,2017-12-25T13:00:52.313,BUY,7.108e-05,140.68655036
85834320,2017-12-25T13:00:53.28,BUY,7.108e-05,36.2048502
85834323,2017-12-25T13:00:56.22,SELL,7.105e-05,1300.0
85834328,2017-12-25T13:00:58.313,BUY,7.107e-05,394.89266357
85834330,2017-12-25T13:00:58.533,SELL,7.105e-05,80.11527175
85834336,2017-12-25T13:01:04.55,SELL,7.105e-05,25.0
85834337,2017-12-25T13:01:04.673,SELL,7.105e-05,7161.41453134
85834338,2017-12-25T13:01:04.673,SELL,7.105e-05,75.48021429
85834339,2017-12-25T13:01:04.673,SELL,7.105e-05,80.0
85834340,2017-12-25T13:01:04.673,SELL,7.1e-05,235.09086438
85834346,2017-12-25T13:01:06.473,BUY,7.1e-05,166.489448
85834349,2017-12-25T13:01:07.363,BUY,7.1e-05,1017.63835585
85834352,2017-12-25T13:01:07.473,BUY,7.1e-05,500.43188309
85834356,2017-12-25T13:01:07.88,BUY,7.1e-05,5000.0
85834373,2017-12-25T13:01:11.677,BUY,7.1e-05,1268.88019388
85834375,2017-12-25T13:01:12.35,BUY,7.1e-05,14.035458
85834377,2017-12-25T13:01:12.66,BUY,7.1e-05,195.21882266
85834382,2017-12-25T13:01:13.35,SELL,7.099e-05,427.22666557
85834384,2017-12-25T13:01:14.037,BUY,7.1e-05,881.0
85834391,2017-12-25T13:01:15.88,BUY,7.1e-05,618.43
85834393,2017-12-25T13:01:15.897,BUY,7.1e-05,69.1921
85834395,2017-12-25T13:01:18.007,BUY,7.1e-05,316.3237
85834399,2017-12-25T13:01:21.04,SELL,7.099e-05,8.0
85834402,2017-12-25T13:01:22.71,BUY,7.1e-05,252.17870815
85834407,2017-12-25T13:01:24.04,BUY,7.1e-05,14049.29577465
85834409,2017-12-25T13:01:24.053,SELL,7.099e-05,275.71246459
85834411,2017-12-25T13:01:24.07,BUY,7.1e-05,680.1065
85834420,2017-12-25T13:01:26.103,SELL,7.099e-05,609.3074406
85834422,2017-12-25T13:01:26.197,BUY,7.1e-05,857.2366
85834423,2017-12-25T13:01:26.37,SELL,7.099e-05,1398.68393731
85834424,2017-12-25T13:01:26.37,SELL,7.099e-05,37.45128434
85834427,2017-12-25T13:01:29.337,BUY,7.099e-05,394.71
85834428,2017-12-25T13:01:30.76,SELL,7.096e-05,150.0
85834431,2017-12-25T13:01:32.48,BUY,7.099e-05,169.15477835
85834432,2017-12-25T13:01:32.48,BUY,7.099e-05,208.44797532
85834435,2017-12-25T13:01:33.65,SELL,7.096e-05,850.684208
85834436,2017-12-25T13:01:33.65,SELL,7.096e-05,1149.315792
85834444,2017-12-25T13:01:38.323,SELL,7.096e-05,254.23000792
85834445,2017-12-25T13:01:38.323,SELL,7.096e-05,28.16981609
85834446,2017-12-25T13:01:38.323,SELL,7.095e-05,149.84827171
85834452,2017-12-25T13:01:41.42,BUY,7.096e-05,48.38493517
85834454,2017-12-25T13:01:42.09,SELL,7.095e-05,450.00874616
85834457,2017-12-25T13:01:42.467,BUY,7.096e-05,451.61506483
85834458,2017-12-25T13:01:42.467,BUY,7.096e-05,392.96899663
85834459,2017-12-25T13:01:42.467,BUY,7.096e-05,100.0
85834460,2017-12-25T13:01:42.48,BUY,7.096e-05,1640.78029394
85834461,2017-12-25T13:01:42.48,BUY,7.099e-05,56.55202468
85834462,2017-12-25T13:01:42.48,BUY,7.099e-05,100.0
85834463,2017-12-25T13:01:42.48,BUY,7.099e-05,194.9853796
85834464,2017-12-25T13:01:43.14,SELL,7.095e-05,502.01370201
85834465,2017-12-25T13:01:43.14,SELL,7.095e-05,183.09734917
85834466,2017-12-25T13:01:43.14,SELL,7.095e-05,1314.88894882
85834467,2017-12-25T13:01:43.217,SELL,7.095e-05,667.05271671
85834469,2017-12-25T13:01:43.437,BUY,7.099e-05,2.5676085
85834510,2017-12-25T13:01:46.327,SELL,7.099e-05,15.56498431
85834517,2017-12-25T13:01:48.67,SELL,7.099e-05,55.41740719
85834518,2017-12-25T13:01:48.67,SELL,7.099e-05,800.0
85834521,2017-12-25T13:01:48.75,SELL,7.096e-05,200.0
85834525,2017-12-25T13:01:49.953,SELL,7.096e-05,17.02231891
85834544,2017-12-25T13:01:51.72,BUY,7.096e-05,91.09430128
85834545,2017-12-25T13:01:51.72,BUY,7.098e-05,116.56447917
85834566,2017-12-25T13:01:52.72,SELL,7.095e-05,36.20462484
85834569,2017-12-25T13:01:53.14,BUY,7.098e-05,130.55725656
85834570,2017-12-25T13:01:53.14,BUY,7.099e-05,442.30493168
85834571,2017-12-25T13:01:53.14,BUY,7.099e-05,800.0
85834572,2017-12-25T13:01:53.14,BUY,7.099e-05,1170.93895322
85834575,2017-12-25T13:01:53.343,SELL,7.099e-05,130.678377
85834578,2017-12-25T13:01:53.5,SELL,7.099e-05,2291.92712931
85834579,2017-12-25T13:01:53.5,SELL,7.095e-05,262.25540096
85834580,2017-12-25T13:01:53.5,SELL,7.094e-05,1166.04393664
85834581,2017-12-25T13:01:53.5,SELL,7.094e-05,45.56426452
85834582,2017-12-25T13:01:53.5,SELL,7.094e-05,10000.0
85834583,2017-12-25T13:01:53.5,SELL,7.094e-05,11248.94276854
85834584,2017-12-25T13:01:53.5,SELL,7.094e-05,3248.58761647
85834588,2017-12-25T13:01:54.39,BUY,7.1e-05,21.07394366
85834602,2017-12-25T13:01:57.423,BUY,7.096e-05,59.62132075
85834607,2017-12-25T13:01:58.08,SELL,7.099e-05,106.85214136
85834608,2017-12-25T13:01:58.08,SELL,7.094e-05,393.14785864
85834623,2017-12-25T13:01:59.173,BUY,7.1e-05,118.19150633
85834627,2017-12-25T13:01:59.41,BUY,7.1e-05,2181.099
85834639,2017-12-25T13:02:01.817,SELL,7.094e-05,2237.62007474
85834647,2017-12-25T13:02:03.173,SELL,7.094e-05,54.0
85834659,2017-12-25T13:02:05.597,BUY,7.1e-05,200.0
85834671,2017-12-25T13:02:07.753,SELL,7.098e-05,475.45642717
85834673,2017-12-25T13:02:10.317,SELL,7.098e-05,224.54357283
85834689,2017-12-25T13:02:12.1,BUY,7.098e-05,191.31926134
85834690,2017-12-25T13:02:12.1,BUY,7.1e-05,2221.91132416
85834691,2017-12-25T13:02:12.177,SELL,7.094e-05,56.52372416
85834696,2017-12-25T13:02:14.943,BUY,7.098e-05,60.53879396
85834711,2017-12-25T13:02:18.227,BUY,7.098e-05,180.098625
85834715,2017-12-25T13:02:19.93,SELL,7.094e-05,832.47224081
85834733,2017-12-25T13:02:21.96,BUY,7.098e-05,166.08586983
85834737,2017-12-25T13:02:22.743,SELL,7.094e-05,128.70967742
85834743,2017-12-25T13:02:23.71,BUY,7.098e-05,62.9608284
85834767,2017-12-25T13:02:27.15,SELL,7.095e-05,694.20838319
85834768,2017-12-25T13:02:27.15,SELL,7.094e-05,415.04933157
85834776,2017-12-25T13:02:31.04,BUY,7.095e-05,65.58656409
85834777,2017-12-25T13:02:31.04,BUY,7.098e-05,656.53893147
85834778,2017-12-25T13:02:31.29,SELL,7.094e-05,50.0
85834798,2017-12-25T13:02:36.073,SELL,7.095e-05,420.28889042
85834799,2017-12-25T13:02:36.23,SELL,7.095e-05,698.0
85834811,2017-12-25T13:02:41.34,SELL,7.094e-05,35.0
85834813,2017-12-25T13:02:41.45,SELL,7.094e-05,70.0
85834817,2017-12-25T13:02:42.607,SELL,7.094e-05,176.62055443
85834836,2017-12-25T13:02:45.983,SELL,7.094e-05,17.97361513
85834838,2017-12-25T13:02:46.717,SELL,7.094e-05,646.24193503
85834842,2017-12-25T13:02:49.157,BUY,7.095e-05,466.90397078
85834843,2017-12-25T13:02:49.157,BUY,7.095e-05,149.29602922
85834850,2017-12-25T13:02:52.377,BUY,7.095e-05,23.93929704
85834853,2017-12-25T13:02:52.5,SELL,7.094e-05,386.77257116
85834860,2017-12-25T13:02:53.423,SELL,7.094e-05,2500.22356898
85834861,2017-12-25T13:02:53.423,SELL,7.094e-05,67.85994427
85834862,2017-12-25T13:02:53.423,SELL,7.094e-05,7.60048879
85834863,2017-12-25T13:02:53.423,SELL,7.094e-05,164.40777109
85834864,2017-12-25T13:02:53.423,SELL,7.094e-05,500.0
85834865,2017-12-25T13:02:53.423,SELL,7.094e-05,178.13122709
85834866,2017-12-25T13:02:53.423,SELL,7.092e-05,123.8320643
85834867,2017-12-25T13:02:53.423,SELL,7.092e-05,182.27937671
85834868,2017-12-25T13:02:53.423,SELL,7.091e-05,11248.94276854
85834869,2017-12-25T13:02:53.423,SELL,7.09e-05,21.10366714
85834870,2017-12-25T13:02:53.423,SELL,7.09e-05,140.09802009
85834878,2017-12-25T13:03:03.613,BUY,7.094e-05,70.59017745
85834880,2017-12-25T13:03:04.13,SELL,7.094e-05,29.40982255
85834881,2017-12-25T13:03:04.13,SELL,7.09e-05,320.59017745
85834882,2017-12-25T13:03:04.317,SELL,7.09e-05,495.78879103
85834883,2017-12-25T13:03:05.567,SELL,7.09e-05,113.83916569
85834885,2017-12-25T13:03:06.787,SELL,7.09e-05,407.47127387
85834887,2017-12-25T13:03:08.52,BUY,7.095e-05,8.0
85834889,2017-12-25T13:03:10.787,SELL,7.09e-05,1667.11500544
85834890,2017-12-25T13:03:11.833,SELL,7.09e-05,275.01909989
85834894,2017-12-25T13:03:12.223,BUY,7.095e-05,220.42385227
85834910,2017-12-25T13:03:18.71,SELL,7.094e-05,200.0
85834911,2017-12-25T13:03:18.71,SELL,7.09e-05,3049.70903837
85834916,2017-12-25T13:03:21.79,SELL,7.09e-05,197.5529881
85834924,2017-12-25T13:03:24.353,BUY,7.095e-05,6850.85052643
85834929,2017-12-25T13:03:24.807,BUY,7.095e-05,331.76
85834936,2017-12-25T13:03:28.087,SELL,7.09e-05,2827.92665726
85834938,2017-12-25T13:03:28.963,BUY,7.094e-05,101.51331924
85834950,2017-12-25T13:03:32.543,SELL,7.09e-05,493.08870839
85834955,2017-12-25T13:03:33.167,SELL,7.09e-05,2675.94874105
85834975,2017-12-25T13:03:35.027,SELL,7.09e-05,461.12195163
85834996,2017-12-25T13:03:39.217,BUY,7.093e-05,51.19361666
85835002,2017-12-25T13:03:40.06,SELL,7.09e-05,2080.39056133
85835003,2017-12-25T13:03:40.06,SELL,7.09e-05,5287.10657329
85835030,2017-12-25T13:03:44.42,SELL,7.09e-05,3273.90594328
85835031,2017-12-25T13:03:44.42,SELL,7.09e-05,49.77921908
85835032,2017-12-25T13:03:44.42,SELL,7.09e-05,1447.06044711
85835033,2017-12-25T13:03:44.42,SELL,7.09e-05,20.0
85835034,2017-12-25T13:03:44.42,SELL,7.09e-05,200.0
85835044,2017-12-25T13:03:45.873,BUY,7.09e-05,144.71910085
85835055,2017-12-25T13:03:53.33,BUY,7.09e-05,340.72
85835063,2017-12-25T13:03:54.423,SELL,7.089e-05,3000.0
85835066,2017-12-25T13:03:55.703,SELL,7.089e-05,822.64420059
85835070,2017-12-25T13:03:56.69,BUY,7.09e-05,3484.08825952
85835075,2017-12-25T13:03:57.923,BUY,7.09e-05,1438.21519676
85835082,2017-12-25T13:03:59.003,BUY,7.09e-05,190.0
85835088,2017-12-25T13:04:00.347,SELL,7.089e-05,477.21115881
85835090,2017-12-25T13:04:00.66,BUY,7.09e-05,32.6492547
85835095,2017-12-25T13:04:03.253,SELL,7.089e-05,467.90412566
85835097,2017-12-25T13:04:04.033,BUY,7.09e-05,1196.12813717
85835104,2017-12-25T13:04:06.05,SELL,7.089e-05,455.67936429
85835107,2017-12-25T13:04:07.003,BUY,7.09e-05,864.54308015
85835121,2017-12-25T13:04:09.41,BUY,7.09e-05,700.63469676
85835157,2017-12-25T13:04:17.757,BUY,7.09e-05,7.91288195
85835158,2017-12-25T13:04:17.757,BUY,7.09e-05,130.06711805
85835162,2017-12-25T13:04:18.117,BUY,7.09e-05,74.82042425
85835187,2017-12-25T13:04:21.29,BUY,7.09e-05,75.32152045
85835193,2017-12-25T13:04:22.197,BUY,7.09e-05,9.79041326
85835201,2017-12-25T13:04:23.103,BUY,7.09e-05,117.81136248
85835204,2017-12-25T13:04:23.413,SELL,7.089e-05,1137.89049767
85835208,2017-12-25T13:04:24.37,BUY,7.09e-05,371.92554693
85835209,2017-12-25T13:04:24.37,BUY,7.09e-05,500.0
85835210,2017-12-25T13:04:24.37,BUY,7.09e-05,15.0
85835211,2017-12-25T13:04:24.37,BUY,7.09e-05,1026.61697105
85835213,2017-12-25T13:04:24.727,BUY,7.09e-05,14.1023833
85835221,2017-12-25T13:04:25.62,BUY,7.09e-05,9.0
85835227,2017-12-25T13:04:26.103,BUY,7.09e-05,70.51191651
85835234,2017-12-25T13:04:28.12,SELL,7.089e-05,100.0
85835236,2017-12-25T13:04:28.323,BUY,7.09e-05,210.52399295
85835241,2017-12-25T13:04:29.637,BUY,7.09e-05,148.87
85835243,2017-12-25T13:04:31.137,SELL,7.089e-05,100.02600914
85835245,2017-12-25T13:04:32.747,BUY,7.09e-05,6219.34068219
85835246,2017-12-25T13:04:32.747,BUY,7.09e-05,50.0
85835247,2017-12-25T13:04:32.747,BUY,7.09e-05,32305.0881259
85835248,2017-12-25T13:04:34.463,SELL,7.089e-05,471.85127448
85835255,2017-12-25T13:04:35.793,SELL,7.089e-05,461.29515183
85835256,2017-12-25T13:04:35.823,SELL,7.089e-05,2999.85
85835258,2017-12-25T13:04:36.217,SELL,7.089e-05,754.59098607
85835259,2017-12-25T13:04:36.217,SELL,7.089e-05,807.5462537
85835260,2017-12-25T13:04:36.217,SELL,7.089e-05,9.96205459
85835266,2017-12-25T13:04:37.527,BUY,7.09e-05,138.66237087
85835275,2017-12-25T13:04:40.793,BUY,7.089e-05,219.34687341
85835279,2017-12-25T13:04:43.28,BUY,7.089e-05,95.31484322
85835281,2017-12-25T13:04:43.653,BUY,7.09e-05,25.52311001
85835283,2017-12-25T13:04:48.017,SELL,7.089e-05,68.40179664
85835288,2017-12-25T13:04:53.44,BUY,7.089e-05,1288.56549336
85835289,2017-12-25T13:04:53.44,BUY,7.089e-05,118.54411307
85835292,2017-12-25T13:04:53.61,BUY,7.089e-05,564.23744393
85835297,2017-12-25T13:04:55.063,BUY,7.089e-05,621.48493908
85835299,2017-12-25T13:04:55.173,BUY,7.089e-05,28.14233284
85835301,2017-12-25T13:04:55.487,BUY,7.089e-05,683.84255813
85835303,2017-12-25T13:04:57.3,SELL,7.088e-05,68.78656672
85835305,2017-12-25T13:05:02.707,SELL,7.085e-05,471.54747308
85835306,2017-12-25T13:05:04.02,SELL,7.085e-05,419.48597337
85835308,2017-12-25T13:05:05.55,SELL,7.085e-05,10357.90932209
85835309,2017-12-25T13:05:05.55,SELL,7.085e-05,555.29306585
85835310,2017-12-25T13:05:05.55,SELL,7.084e-05,48.34302654
85835311,2017-12-25T13:05:05.55,SELL,7.083e-05,51.35493435
85835312,2017-12-25T13:05:05.55,SELL,7.08e-05,17674.05559897
85835313,2017-12-25T13:05:05.55,SELL,7.08e-05,791.59895233
85835314,2017-12-25T13:05:05.55,SELL,7.08e-05,1981.19381814
85835317,2017-12-25T13:05:06.143,BUY,7.088e-05,201.5117523
85835318,2017-12-25T13:05:06.143,BUY,7.088e-05,391.20944243
85835319,2017-12-25T13:05:06.143,BUY,7.088e-05,71.82188173
85835320,2017-12-25T13:05:06.143,BUY,7.088e-05,29.5048421
85835321,2017-12-25T13:05:06.143,BUY,7.089e-05,2831.6997084
85835323,2017-12-25T13:05:06.753,BUY,7.089e-05,147.46
85835328,2017-12-25T13:05:10.083,SELL,7.08e-05,30.0
85835330,2017-12-25T13:05:10.583,BUY,7.085e-05,53.7461034
85835337,2017-12-25T13:05:14.18,BUY,7.085e-05,7.07127735
85835338,2017-12-25T13:05:14.35,SELL,7.08e-05,2000.0
85835342,2017-12-25T13:05:19.303,BUY,7.085e-05,252.1
85835343,2017-12-25T13:05:20.477,SELL,7.08e-05,9.77241875
85835346,2017-12-25T13:05:21.447,BUY,7.085e-05,281.16693454
85835348,2017-12-25T13:05:22.587,SELL,7.088e-05,43.33128172
85835351,2017-12-25T13:05:23.557,SELL,7.088e-05,1000.0
85835352,2017-12-25T13:05:23.587,SELL,7.088e-05,146.70521736
85835353,2017-12-25T13:05:23.587,SELL,7.081e-05,2329.74030151
85835356,2017-12-25T13:05:25.557,SELL,7.081e-05,699.27753418
85835358,2017-12-25T13:05:26.87,BUY,7.085e-05,75.98397138
85835359,2017-12-25T13:05:26.87,BUY,7.089e-05,65.09955006
85835367,2017-12-25T13:05:30.933,SELL,7.081e-05,499.52383421
85835370,2017-12-25T13:05:32.26,SELL,7.081e-05,462.64304457
85835373,2017-12-25T13:05:32.87,BUY,7.088e-05,141.08352144
85835378,2017-12-25T13:05:35.387,BUY,7.088e-05,44.52208662
85835383,2017-12-25T13:05:36.717,SELL,7.081e-05,300.0
85835389,2017-12-25T13:05:38.84,BUY,7.088e-05,914.38439194
85835390,2017-12-25T13:05:38.84,BUY,7.088e-05,2227.73560806
85835392,2017-12-25T13:05:39.747,SELL,7.081e-05,200.0
85835395,2017-12-25T13:05:40.293,BUY,7.088e-05,283.5672397
85835401,2017-12-25T13:05:42.717,BUY,7.085e-05,1000.0
85835418,2017-12-25T13:05:46.453,BUY,7.085e-05,500.20516689
85835419,2017-12-25T13:05:46.453,BUY,7.088e-05,438.92385069
85835424,2017-12-25T13:05:47.64,BUY,7.088e-05,120.04193146
85835430,2017-12-25T13:05:49.78,SELL,7.088e-05,3056.54699971
85835434,2017-12-25T13:05:50.343,BUY,7.085e-05,101.61357223
85835436,2017-12-25T13:05:51.423,BUY,7.085e-05,1657.51
85835443,2017-12-25T13:05:53.593,BUY,7.085e-05,188.52811513
85835450,2017-12-25T13:05:57.237,SELL,7.082e-05,1773.01366011
85835451,2017-12-25T13:05:57.737,SELL,7.082e-05,130.14816509
85835455,2017-12-25T13:05:59.16,SELL,7.082e-05,503.42895702
85835459,2017-12-25T13:06:00.22,BUY,7.085e-05,1130.18143825
85835460,2017-12-25T13:06:01.69,SELL,7.082e-05,33.80921778
85835461,2017-12-25T13:06:01.69,SELL,7.082e-05,470.8990802
85835462,2017-12-25T13:06:01.753,SELL,7.082e-05,300.64508579
85835463,2017-12-25T13:06:01.753,SELL,7.081e-05,3905.3997976
85835464,2017-12-25T13:06:01.753,SELL,7.081e-05,14052.88114461
85835465,2017-12-25T13:06:01.753,SELL,7.081e-05,1000.0
85835466,2017-12-25T13:06:01.753,SELL,7.08e-05,14294.71172921
85835467,2017-12-25T13:06:01.753,SELL,7.08e-05,11248.94276854
85835468,2017-12-25T13:06:01.753,SELL,7.08e-05,300.0
85835469,2017-12-25T13:06:01.753,SELL,7.08e-05,87.24445758
85835470,2017-12-25T13:06:01.753,SELL,7.08e-05,363.46321716
85835472,2017-12-25T13:06:01.753,SELL,7.08e-05,7.89152119
85835473,2017-12-25T13:06:01.753,SELL,7.08e-05,99.98091843
85835474,2017-12-25T13:06:01.753,SELL,7.08e-05,9.4
85835475,2017-12-25T13:06:01.753,SELL,7.08e-05,103.82284322
85835479,2017-12-25T13:06:03.783,BUY,7.085e-05,69.16314299
85835484,2017-12-25T13:06:04.83,BUY,7.085e-05,100.301003
85835499,2017-12-25T13:06:13.177,BUY,7.085e-05,10.7114492
85835502,2017-12-25T13:06:14.367,BUY,7.085e-05,108.79958469
85835511,2017-12-25T13:06:24.227,BUY,7.085e-05,100.0
85835515,2017-12-25T13:06:25.68,BUY,7.085e-05,60.35764505
85835519,2017-12-25T13:06:27.963,SELL,7.081e-05,260.41962541
85835520,2017-12-25T13:06:27.963,SELL,7.08e-05,228.67799449
85835526,2017-12-25T13:06:29.213,BUY,7.083e-05,620.17
85835530,2017-12-25T13:06:29.947,SELL,7.08e-05,422.81442831
85835531,2017-12-25T13:06:30.34,SELL,7.08e-05,67.0
85835536,2017-12-25T13:06:31.667,BUY,7.083e-05,112.63232181
85835545,2017-12-25T13:06:38.043,BUY,7.083e-05,2.5379475
85835546,2017-12-25T13:06:38.043,BUY,7.085e-05,1705.01927095
85835560,2017-12-25T13:06:41.48,SELL,7.083e-05,20.33700409
85835564,2017-12-25T13:06:41.717,BUY,7.083e-05,14.11233418
85835574,2017-12-25T13:06:46.467,BUY,7.083e-05,10.0
85835576,2017-12-25T13:06:46.623,BUY,7.083e-05,22.29637124
85835579,2017-12-25T13:06:47.093,BUY,7.083e-05,23.86417396
85835580,2017-12-25T13:06:47.093,BUY,7.083e-05,217.83
85835581,2017-12-25T13:06:47.093,BUY,7.083e-05,48.24512534
85835582,2017-12-25T13:06:47.093,BUY,7.085e-05,716.8509845
85835597,2017-12-25T13:06:50.017,SELL,7.083e-05,56.0
85835611,2017-12-25T13:06:53.75,SELL,7.081e-05,617.3415818
85835612,2017-12-25T13:06:53.75,SELL,7.08e-05,1281.5075772
85835613,2017-12-25T13:06:53.75,SELL,7.08e-05,34.36500212
85835619,2017-12-25T13:06:55.157,BUY,7.08e-05,3066.78583888
85835621,2017-12-25T13:06:55.55,SELL,7.081e-05,76.61018744
85835622,2017-12-25T13:06:56.22,SELL,7.081e-05,459.84557012
85835627,2017-12-25T13:06:57.05,BUY,7.083e-05,36.37325686
85835628,2017-12-25T13:06:57.05,BUY,7.085e-05,963.62674314
85835633,2017-12-25T13:06:58.393,SELL,7.081e-05,486.89837778
85835640,2017-12-25T13:07:02.893,SELL,7.083e-05,317.88314051
85835641,2017-12-25T13:07:02.893,SELL,7.083e-05,162.097482
85835643,2017-12-25T13:07:02.987,BUY,7.083e-05,20.01937749
85835644,2017-12-25T13:07:02.987,BUY,7.085e-05,121.32235998
85835647,2017-12-25T13:07:03.613,BUY,7.085e-05,141.7086
85835648,2017-12-25T13:07:04.677,SELL,7.081e-05,749.1
85835649,2017-12-25T13:07:04.817,SELL,7.081e-05,138.18825523
85835657,2017-12-25T13:07:09.13,SELL,7.083e-05,21.12452351
85835659,2017-12-25T13:07:09.443,SELL,7.081e-05,2248.57213594
85835670,2017-12-25T13:07:12.88,SELL,7.081e-05,57.0
85835675,2017-12-25T13:07:13.63,BUY,7.082e-05,547.67974799
85835682,2017-12-25T13:07:14.867,BUY,7.082e-05,443.976223
85835690,2017-12-25T13:07:15.553,BUY,7.082e-05,158.03247211
85835698,2017-12-25T13:07:17.083,BUY,7.082e-05,261.04
85835700,2017-12-25T13:07:17.88,BUY,7.082e-05,98.03235709
85835701,2017-12-25T13:07:24.837,SELL,7.081e-05,470.18355964
85835703,2017-12-25T13:07:25.15,BUY,7.082e-05,20.92064389
85835705,2017-12-25T13:07:26.79,SELL,7.081e-05,509.33976042
85835707,2017-12-25T13:07:27.4,BUY,7.082e-05,67.97127486
85835719,2017-12-25T13:07:30.417,BUY,7.082e-05,2566.04
85835720,2017-12-25T13:07:30.98,SELL,7.081e-05,203.05586285
85835721,2017-12-25T13:07:31.073,SELL,7.081e-05,147.58910248
85835726,2017-12-25T13:07:33.387,BUY,7.082e-05,325.51604837
85835727,2017-12-25T13:07:33.807,SELL,7.081e-05,1391.83134922
85835728,2017-12-25T13:07:33.807,SELL,7.081e-05,1139.81212247
85835733,2017-12-25T13:07:35.027,BUY,7.082e-05,113.84987804
85835737,2017-12-25T13:07:40.747,SELL,7.081e-05,2000.0
85835742,2017-12-25T13:07:41.78,SELL,7.081e-05,1801.76808266
85835743,2017-12-25T13:07:41.78,SELL,7.081e-05,1341.24071565
85835745,2017-12-25T13:07:42.497,BUY,7.082e-05,655.95227294
85835747,2017-12-25T13:07:44.123,BUY,7.082e-05,117.9305281
85835752,2017-12-25T13:07:45.843,SELL,7.081e-05,243.20432906
85835753,2017-12-25T13:07:45.843,SELL,7.081e-05,4.07420991
85835755,2017-12-25T13:07:47.547,BUY,7.082e-05,1676.56
85835761,2017-12-25T13:07:50.623,SELL,7.081e-05,42.93436868
85835762,2017-12-25T13:07:50.623,SELL,7.081e-05,4833.86114249
85835763,2017-12-25T13:07:50.623,SELL,7.081e-05,123.20448883
85835764,2017-12-25T13:07:51.123,SELL,7.081e-05,17.1738048
85835768,2017-12-25T13:07:52.22,SELL,7.081e-05,1691.07678475
85835769,2017-12-25T13:07:52.22,SELL,7.08e-05,74.31769492
85835770,2017-12-25T13:07:52.22,SELL,7.079e-05,200.0
85835771,2017-12-25T13:07:52.22,SELL,7.077e-05,610.79318231
85835775,2017-12-25T13:07:53.547,SELL,7.077e-05,392.95430106
85835778,2017-12-25T13:07:55.017,SELL,7.077e-05,483.00780185
85835780,2017-12-25T13:07:55.047,BUY,7.08e-05,451.16096819
85835781,2017-12-25T13:07:55.047,BUY,7.082e-05,23.06003223
85835782,2017-12-25T13:07:55.047,BUY,7.082e-05,707.54716981
85835783,2017-12-25T13:07:55.047,BUY,7.082e-05,374.0919975
85835784,2017-12-25T13:07:55.047,BUY,7.082e-05,3118.73640324
85835785,2017-12-25T13:07:55.047,BUY,7.082e-05,250.0
85835786,2017-12-25T13:07:55.047,BUY,7.082e-05,1015.0853465
85835787,2017-12-25T13:07:55.047,BUY,7.082e-05,43.99897623
85835792,2017-12-25T13:07:57.407,BUY,7.081e-05,547.94707909
85835793,2017-12-25T13:07:57.407,BUY,7.082e-05,311.00102377
85835794,2017-12-25T13:07:57.407,BUY,7.082e-05,141.05189714
85835800,2017-12-25T13:07:58.86,BUY,7.081e-05,181.41814332
85835801,2017-12-25T13:07:59.563,SELL,7.077e-05,200.0
85835804,2017-12-25T13:07:59.94,BUY,7.081e-05,1640.74217872
85835808,2017-12-25T13:08:01.253,SELL,7.077e-05,9562.18748332
85835809,2017-12-25T13:08:01.253,SELL,7.077e-05,9258.81251668
85835812,2017-12-25T13:08:03.33,BUY,7.081e-05,620.89354416
85835814,2017-12-25T13:08:03.643,BUY,7.081e-05,20.3427482
85835816,2017-12-25T13:08:04.38,BUY,7.081e-05,224.82207492
85835819,2017-12-25T13:08:04.63,BUY,7.081e-05,142.719285
85835820,2017-12-25T13:08:04.66,SELL,7.077e-05,52.52728555
85835827,2017-12-25T13:08:05.33,SELL,7.08e-05,34.01590187
85835828,2017-12-25T13:08:05.33,SELL,7.077e-05,102.04770562
85835830,2017-12-25T13:08:06.27,SELL,7.077e-05,60.35764505
85835838,2017-12-25T13:08:08.927,SELL,7.08e-05,53.8585113
85835839,2017-12-25T13:08:08.927,SELL,7.08e-05,10.0
85835840,2017-12-25T13:08:08.927,SELL,7.077e-05,136.1414887
85835842,2017-12-25T13:08:10.753,BUY,7.081e-05,14.12030499
85835848,2017-12-25T13:08:14.07,SELL,7.077e-05,34.0
85835849,2017-12-25T13:08:16.397,SELL,7.077e-05,30.23635724
85835852,2017-12-25T13:08:17.6,SELL,7.077e-05,34.01590187
85835854,2017-12-25T13:08:18.257,SELL,7.077e-05,1540.80386783
85835855,2017-12-25T13:08:18.257,SELL,7.077e-05,280.0
85835856,2017-12-25T13:08:18.257,SELL,7.077e-05,744.13973517
85835857,2017-12-25T13:08:21.29,SELL,7.077e-05,511.08400194
85835860,2017-12-25T13:08:22.117,SELL,7.077e-05,47.79414865
85835861,2017-12-25T13:08:22.117,SELL,7.077e-05,68.85453972
85835862,2017-12-25T13:08:22.117,SELL,7.077e-05,465.22544084
85835863,2017-12-25T13:08:23.227,SELL,7.076e-05,486.37895975
85835865,2017-12-25T13:08:24.057,BUY,7.077e-05,37.54712908
85835871,2017-12-25T13:08:27.23,BUY,7.077e-05,26.36075353
85835873,2017-12-25T13:08:28.68,BUY,7.077e-05,341.02
85835876,2017-12-25T13:08:29.4,SELL,7.076e-05,181.0
85835878,2017-12-25T13:08:29.76,BUY,7.077e-05,3516.71337411
85835887,2017-12-25T13:08:32.62,SELL,7.076e-05,494.81766119
85835889,2017-12-25T13:08:33.307,BUY,7.077e-05,3325.94046226
85835890,2017-12-25T13:08:33.307,BUY,7.077e-05,80.0
85835891,2017-12-25T13:08:33.307,BUY,7.077e-05,119.34742092
85835892,2017-12-25T13:08:33.307,BUY,7.077e-05,1062.42051717
85835900,2017-12-25T13:08:34.857,BUY,7.08e-05,24.0
85835910,2017-12-25T13:08:38.763,SELL,7.079e-05,179.81625371
85835912,2017-12-25T13:08:38.967,BUY,7.08e-05,14.12229911
85835920,2017-12-25T13:08:41.013,BUY,7.08e-05,100.0
85835924,2017-12-25T13:08:41.42,BUY,7.08e-05,321.34995211
85835925,2017-12-25T13:08:41.42,BUY,7.08e-05,19.15004789
85835928,2017-12-25T13:08:43.78,SELL,7.079e-05,250.0
85835930,2017-12-25T13:08:44.233,SELL,7.079e-05,54.0
85835938,2017-12-25T13:08:46.953,SELL,7.079e-05,9.0
85835939,2017-12-25T13:08:47.343,SELL,7.079e-05,139.52839402
85835940,2017-12-25T13:08:48.233,SELL,7.079e-05,4779.94695192
85835946,2017-12-25T13:08:51.47,SELL,7.077e-05,450.94606851
85835951,2017-12-25T13:08:53.063,BUY,7.079e-05,14.72308887
85835955,2017-12-25T13:08:53.423,BUY,7.079e-05,168.75009004
85835957,2017-12-25T13:08:54.297,SELL,7.077e-05,568.39068223
85835962,2017-12-25T13:08:58.05,BUY,7.077e-05,20.93542461
85835965,2017-12-25T13:09:00.58,BUY,7.077e-05,69.67389316
85835968,2017-12-25T13:09:01.207,BUY,7.079e-05,55.32072569
85835971,2017-12-25T13:09:04.08,SELL,7.077e-05,39.32610684
85835972,2017-12-25T13:09:04.08,SELL,7.076e-05,8521.68640973
85835976,2017-12-25T13:09:04.77,BUY,7.077e-05,11.77639047
85835977,2017-12-25T13:09:05.44,SELL,7.077e-05,183.02752294
85835979,2017-12-25T13:09:05.55,BUY,7.079e-05,2853.80821445
85835980,2017-12-25T13:09:05.55,BUY,7.079e-05,30.87869577
85835981,2017-12-25T13:09:05.55,BUY,7.079e-05,478.60692531
85835982,2017-12-25T13:09:05.55,BUY,7.079e-05,747.11394493
85835983,2017-12-25T13:09:05.567,BUY,7.079e-05,350.0
85835984,2017-12-25T13:09:05.567,BUY,7.079e-05,280.0
85835985,2017-12-25T13:09:05.567,BUY,7.08e-05,120.09297132
85835986,2017-12-25T13:09:05.567,BUY,7.08e-05,250.0
85835987,2017-12-25T13:09:05.567,BUY,7.08e-05,299.5
85835988,2017-12-25T13:09:05.567,BUY,7.08e-05,392.95430105
85835989,2017-12-25T13:09:05.567,BUY,7.08e-05,56.63841808
85835990,2017-12-25T13:09:05.567,BUY,7.08e-05,30.0
85835991,2017-12-25T13:09:05.567,BUY,7.08e-05,203.72508047
85835992,2017-12-25T13:09:05.567,BUY,7.08e-05,222.02281403
85835993,2017-12-25T13:09:05.567,BUY,7.08e-05,7218.75560512
85835997,2017-12-25T13:09:08.083,SELL,7.077e-05,2253.50719193
85835999,2017-12-25T13:09:08.27,BUY,7.077e-05,67.80618731
85836001,2017-12-25T13:09:09.253,BUY,7.077e-05,10.07881709
85836008,2017-12-25T13:09:11.507,SELL,7.076e-05,1565.05973787
85836009,2017-12-25T13:09:11.507,SELL,7.076e-05,38.55092213
85836010,2017-12-25T13:09:11.507,SELL,7.075e-05,335.52331186
85836011,2017-12-25T13:09:11.507,SELL,7.075e-05,94.5871582
85836013,2017-12-25T13:09:11.787,BUY,7.077e-05,10000.0
85836019,2017-12-25T13:09:13.32,BUY,7.077e-05,14.12828482
85836022,2017-12-25T13:09:14.897,BUY,7.077e-05,9.0
85836024,2017-12-25T13:09:15.053,BUY,7.077e-05,15.0
85836029,2017-12-25T13:09:16.1,SELL,7.075e-05,141.84416091
85836031,2017-12-25T13:09:16.477,BUY,7.077e-05,314.66
85836033,2017-12-25T13:09:16.897,BUY,7.077e-05,141.35957715
85836036,2017-12-25T13:09:17.397,BUY,7.077e-05,5693.95018
85836037,2017-12-25T13:09:17.82,SELL,7.075e-05,363.56868089
85836041,2017-12-25T13:09:19.523,SELL,7.074e-05,49.24497031
85836042,2017-12-25T13:09:19.523,SELL,7.074e-05,1089.45502969
85836044,2017-12-25T13:09:20.24,SELL,7.074e-05,517.36161506
85836050,2017-12-25T13:09:23.68,BUY,7.075e-05,140.86070017
85836051,2017-12-25T13:09:23.68,BUY,7.077e-05,2687.64277283
85836055,2017-12-25T13:09:25.087,SELL,7.076e-05,14.13227812
85836056,2017-12-25T13:09:25.087,SELL,7.074e-05,1746.82159566
85836058,2017-12-25T13:09:25.163,BUY,7.077e-05,18699.59367513
85836060,2017-12-25T13:09:27.133,BUY,7.077e-05,18654.28487563
85836064,2017-12-25T13:09:28.23,BUY,7.077e-05,5693.95018
85836079,2017-12-25T13:09:33.807,BUY,7.075e-05,100.0
85836082,2017-12-25T13:09:35.7,BUY,7.075e-05,26.07383648
85836083,2017-12-25T13:09:35.7,BUY,7.075e-05,68.11711307
85836089,2017-12-25T13:09:38.277,BUY,7.075e-05,8.69140867
85836092,2017-12-25T13:09:38.997,BUY,7.075e-05,223.19147826
85836093,2017-12-25T13:09:38.997,BUY,7.077e-05,140.93945482
85836095,2017-12-25T13:09:41.013,BUY,7.077e-05,2050.43150025
85836100,2017-12-25T13:09:42.997,BUY,7.075e-05,242.2914
85836103,2017-12-25T13:09:43.45,BUY,7.075e-05,206.61454286
85836106,2017-12-25T13:09:45.263,BUY,7.077e-05,5693.95018
85836108,2017-12-25T13:09:45.653,SELL,7.075e-05,68.0
85836110,2017-12-25T13:09:46.03,SELL,7.075e-05,258.60394487
85836111,2017-12-25T13:09:46.047,SELL,7.075e-05,480.81504286
85836114,2017-12-25T13:09:46.763,SELL,7.075e-05,275.75641151
85836115,2017-12-25T13:09:46.763,SELL,7.075e-05,12.34086019
85836119,2017-12-25T13:09:48.467,SELL,7.075e-05,31.23585174
85836120,2017-12-25T13:09:48.467,SELL,7.075e-05,20.0
85836122,2017-12-25T13:09:48.547,BUY,7.075e-05,406.52158455
85836123,2017-12-25T13:09:48.547,BUY,7.077e-05,5287.42859545
85836125,2017-12-25T13:09:48.797,BUY,7.077e-05,7047.47774481
85836128,2017-12-25T13:09:49.157,SELL,7.074e-05,400.0
85836129,2017-12-25T13:09:49.623,SELL,7.074e-05,500.0
85836138,2017-12-25T13:09:53.83,BUY,7.076e-05,5693.95018
85836139,2017-12-25T13:09:54.593,SELL,7.075e-05,20.0
85836142,2017-12-25T13:09:55.377,BUY,7.076e-05,281.89910979
85836144,2017-12-25T13:09:56.047,SELL,7.075e-05,3.63026148
85836145,2017-12-25T13:09:56.047,SELL,7.075e-05,42.29681979
85836146,2017-12-25T13:09:56.047,SELL,7.075e-05,153.72291873
85836148,2017-12-25T13:09:57.033,BUY,7.076e-05,4024.15071021
85836149,2017-12-25T13:09:57.033,BUY,7.077e-05,7973.85892868
85836151,2017-12-25T13:09:57.877,BUY,7.077e-05,31182.57602826
85836153,2017-12-25T13:09:57.877,BUY,7.077e-05,30.85852656
85836157,2017-12-25T13:09:58.847,BUY,7.077e-05,11786.08972743
85836158,2017-12-25T13:09:59.237,SELL,7.075e-05,5611.10775335
85836162,2017-12-25T13:10:03.627,BUY,7.075e-05,81.44070288
85836164,2017-12-25T13:10:03.673,BUY,7.075e-05,971.84796572
85836169,2017-12-25T13:10:04.88,BUY,7.075e-05,263.71
85836173,2017-12-25T13:10:05.8,BUY,7.075e-05,702.12014134
85836177,2017-12-25T13:10:08.583,BUY,7.075e-05,306.59074676
85836178,2017-12-25T13:10:09.05,SELL,7.074e-05,768.26397785
85836179,2017-12-25T13:10:09.067,SELL,7.074e-05,12.40020559
85836181,2017-12-25T13:10:10.38,SELL,7.074e-05,200.0
85836187,2017-12-25T13:10:13.177,BUY,7.075e-05,13549.24293506
85836192,2017-12-25T13:10:15.757,BUY,7.075e-05,1409.89399293
85836195,2017-12-25T13:10:16.82,SELL,7.074e-05,523.77641666
85836201,2017-12-25T13:10:17.397,BUY,7.075e-05,64.70539293
85836203,2017-12-25T13:10:17.77,BUY,7.075e-05,275.71689541
85836204,2017-12-25T13:10:17.85,SELL,7.074e-05,440.28261087
85836210,2017-12-25T13:10:19.773,SELL,7.074e-05,15.0
85836212,2017-12-25T13:10:20.193,BUY,7.075e-05,2029.6223
85836215,2017-12-25T13:10:24.773,SELL,7.074e-05,498.91751693
85836219,2017-12-25T13:10:28.667,BUY,7.075e-05,479.706671
85836220,2017-12-25T13:10:29.29,SELL,7.074e-05,804.5320336
85836221,2017-12-25T13:10:29.29,SELL,7.074e-05,1000.0
85836224,2017-12-25T13:10:29.65,BUY,7.074e-05,500.54294836
85836226,2017-12-25T13:10:30.197,BUY,7.074e-05,380.2699
85836228,2017-12-25T13:10:30.307,BUY,7.074e-05,19.97379918
85836230,2017-12-25T13:10:31.743,BUY,7.074e-05,81.84913993
85836233,2017-12-25T13:10:32.713,BUY,7.074e-05,141.34275618
85836236,2017-12-25T13:10:37.307,SELL,7.073e-05,100.0
85836237,2017-12-25T13:10:37.307,SELL,7.073e-05,2846.88744582
85836240,2017-12-25T13:10:37.793,BUY,7.074e-05,222.30739238
85836242,2017-12-25T13:10:40.73,BUY,7.074e-05,141.34275618
85836244,2017-12-25T13:10:42.98,BUY,7.074e-05,290.1
85836248,2017-12-25T13:10:45.03,SELL,7.073e-05,525.71996835
85836250,2017-12-25T13:10:46.34,BUY,7.074e-05,500.0
85836251,2017-12-25T13:10:46.873,SELL,7.073e-05,466.51962021
85836252,2017-12-25T13:10:49.64,SELL,7.073e-05,8139.52666242
85836253,2017-12-25T13:10:49.64,SELL,7.073e-05,400.0
85836257,2017-12-25T13:10:53.623,BUY,7.073e-05,669.2307
85836261,2017-12-25T13:10:56.173,BUY,7.073e-05,67.86370705
85836265,2017-12-25T13:10:58.673,BUY,7.073e-05,70.51463311
85836268,2017-12-25T13:10:59.797,BUY,7.073e-05,206.54133082
85836270,2017-12-25T13:11:00.033,BUY,7.073e-05,1851.33349025
85836272,2017-12-25T13:11:02.487,BUY,7.073e-05,70.3967
85836275,2017-12-25T13:11:03.283,BUY,7.073e-05,1765.6046
85836277,2017-12-25T13:11:03.957,BUY,7.073e-05,92.17788202
85836279,2017-12-25T13:11:04.127,BUY,7.073e-05,36.9132822
85836281,2017-12-25T13:11:04.517,BUY,7.073e-05,179.13994719
85836282,2017-12-25T13:11:04.517,BUY,7.073e-05,43.32453547
85836283,2017-12-25T13:11:04.517,BUY,7.073e-05,92.54681734
85836285,2017-12-25T13:11:05.207,BUY,7.073e-05,14.12177177
85836291,2017-12-25T13:11:10.223,BUY,7.073e-05,31.56733567
85836293,2017-12-25T13:11:12.583,SELL,7.072e-05,99.44505161
85836294,2017-12-25T13:11:12.583,SELL,7.072e-05,788.55494839
85836296,2017-12-25T13:11:13.253,SELL,7.072e-05,471.90028468
85836298,2017-12-25T13:11:13.427,BUY,7.073e-05,0.42644609
85836299,2017-12-25T13:11:13.427,BUY,7.073e-05,70.50773872
85836302,2017-12-25T13:11:14.647,BUY,7.073e-05,242.3378
85836304,2017-12-25T13:11:15.05,SELL,7.072e-05,96.17675036
85836305,2017-12-25T13:11:15.083,SELL,7.072e-05,182.37735344
85836306,2017-12-25T13:11:15.473,SELL,7.072e-05,506.89190532
85836311,2017-12-25T13:11:17.71,SELL,7.072e-05,24.98
85836314,2017-12-25T13:11:18.257,BUY,7.073e-05,522.81100311
85836322,2017-12-25T13:11:24.24,BUY,7.073e-05,763.28093981
85836323,2017-12-25T13:11:24.24,BUY,7.073e-05,18.66235861
85836324,2017-12-25T13:11:24.24,BUY,7.073e-05,206.18670158
85836344,2017-12-25T13:11:34.243,BUY,7.073e-05,101.92519991
85836345,2017-12-25T13:11:34.243,BUY,7.073e-05,321.5621271
85836346,2017-12-25T13:11:34.243,BUY,7.073e-05,309.16182646
85836351,2017-12-25T13:11:37.277,BUY,7.073e-05,50.0
85836353,2017-12-25T13:11:39.12,SELL,7.072e-05,10.0
85836357,2017-12-25T13:11:41.48,SELL,7.072e-05,487.58860697
85836360,2017-12-25T13:11:42.543,BUY,7.073e-05,48.66087905
85836362,2017-12-25T13:11:44.857,BUY,7.073e-05,300.4319
85836363,2017-12-25T13:11:45.153,SELL,7.072e-05,468.10995545
85836378,2017-12-25T13:11:48.467,BUY,7.073e-05,9291.74539449
85836379,2017-12-25T13:11:48.467,BUY,7.073e-05,98.0
85836380,2017-12-25T13:11:48.467,BUY,7.073e-05,800.0
85836381,2017-12-25T13:11:48.467,BUY,7.073e-05,226.77788774
85836382,2017-12-25T13:11:48.467,BUY,7.073e-05,875.4202404
85836387,2017-12-25T13:11:49.857,SELL,7.073e-05,2810.98309974
85836388,2017-12-25T13:11:50.187,SELL,7.072e-05,141.77626927
85836406,2017-12-25T13:11:54.657,SELL,7.072e-05,500.0
85836412,2017-12-25T13:11:55.907,BUY,7.073e-05,84.14045773
85836413,2017-12-25T13:11:55.983,SELL,7.072e-05,289.41978932
85836416,2017-12-25T13:11:57.593,SELL,7.072e-05,2500.0
85836423,2017-12-25T13:11:58.627,BUY,7.073e-05,500.38627226
85836429,2017-12-25T13:12:00.483,SELL,7.072e-05,164.82442087
85836434,2017-12-25T13:12:04.72,BUY,7.073e-05,28.33401586
85836437,2017-12-25T13:12:09.27,SELL,7.072e-05,437.66248042
85836439,2017-12-25T13:12:09.55,BUY,7.073e-05,278.13918811
85836442,2017-12-25T13:12:11.33,SELL,7.072e-05,508.64037129
85836446,2017-12-25T13:12:14.02,BUY,7.073e-05,59.17441656
85836447,2017-12-25T13:12:15.003,SELL,7.072e-05,43.905038
85836448,2017-12-25T13:12:15.13,SELL,7.072e-05,165.29645751
85836449,2017-12-25T13:12:16.537,SELL,7.072e-05,498.36664283
85836452,2017-12-25T13:12:18.693,BUY,7.073e-05,198.45751166
85836454,2017-12-25T13:12:18.91,BUY,7.073e-05,59.08941237
85836457,2017-12-25T13:12:19.74,BUY,7.073e-05,4485.94927216
85836466,2017-12-25T13:12:27.163,SELL,7.072e-05,163.59263979
85836479,2017-12-25T13:12:29.883,BUY,7.073e-05,100.0
85836481,2017-12-25T13:12:30.087,BUY,7.073e-05,26.79062456
85836483,2017-12-25T13:12:31.1,BUY,7.073e-05,4368.55572899
85836484,2017-12-25T13:12:31.1,BUY,7.073e-05,222.7
85836485,2017-12-25T13:12:31.1,BUY,7.073e-05,25.0
85836486,2017-12-25T13:12:31.1,BUY,7.073e-05,567.0
85836487,2017-12-25T13:12:31.1,BUY,7.073e-05,150.0
85836488,2017-12-25T13:12:31.1,BUY,7.073e-05,394.97998102
85836489,2017-12-25T13:12:31.1,BUY,7.073e-05,3591.55481123
85836490,2017-12-25T13:12:31.1,BUY,7.073e-05,4135.0
85836491,2017-12-25T13:12:31.1,BUY,7.074e-05,66.86639653
85836497,2017-12-25T13:12:36.213,BUY,7.074e-05,190.72164193
85836498,2017-12-25T13:12:36.213,BUY,7.074e-05,2834.32287249
85836499,2017-12-25T13:12:36.213,BUY,7.074e-05,659.52403662
85836500,2017-12-25T13:12:36.213,BUY,7.075e-05,2670.04033311
85836504,2017-12-25T13:12:37.15,SELL,7.073e-05,28.2765446
85836505,2017-12-25T13:12:37.15,SELL,7.073e-05,947.28229888
85836506,2017-12-25T13:12:37.15,SELL,7.072e-05,985.90669651
85836511,2017-12-25T13:12:38.463,SELL,7.072e-05,201.0
85836518,2017-12-25T13:12:39.54,SELL,7.072e-05,533.14586134
85836524,2017-12-25T13:12:42.963,SELL,7.072e-05,335.34023528
85836525,2017-12-25T13:12:43.323,SELL,7.072e-05,693.90220517
85836526,2017-12-25T13:12:43.323,SELL,7.072e-05,70.93310276
85836527,2017-12-25T13:12:43.323,SELL,7.072e-05,326.17840957
85836528,2017-12-25T13:12:43.323,SELL,7.072e-05,151.6
85836529,2017-12-25T13:12:43.323,SELL,7.072e-05,22.9782449
85836530,2017-12-25T13:12:43.747,SELL,7.072e-05,477.0217551
85836531,2017-12-25T13:12:43.747,SELL,7.072e-05,141.04920814
85836532,2017-12-25T13:12:43.747,SELL,7.072e-05,4730.0294655
85836534,2017-12-25T13:12:45.67,BUY,7.072e-05,3058.31426577
85836537,2017-12-25T13:12:47.137,BUY,7.072e-05,300.0
85836539,2017-12-25T13:12:48.03,BUY,7.072e-05,188.42207396
85836548,2017-12-25T13:12:51.95,SELL,7.071e-05,751.11435996
85836550,2017-12-25T13:12:52.483,SELL,7.071e-05,16.27290175
85836553,2017-12-25T13:12:54.717,SELL,7.071e-05,184.09836776
85836556,2017-12-25T13:12:56.093,SELL,7.071e-05,50.0
85836566,2017-12-25T13:12:56.827,BUY,7.072e-05,402.96727848
85836568,2017-12-25T13:12:57.22,SELL,7.071e-05,43.56638474
85836569,2017-12-25T13:12:57.233,SELL,7.07e-05,46.77428465
85836570,2017-12-25T13:12:57.233,SELL,7.07e-05,506.66897113
85836571,2017-12-25T13:12:57.233,SELL,7.07e-05,100.0
85836572,2017-12-25T13:12:57.233,SELL,7.07e-05,10.0
85836573,2017-12-25T13:12:57.233,SELL,7.07e-05,10.0
85836574,2017-12-25T13:12:57.233,SELL,7.07e-05,100.21926238
85836575,2017-12-25T13:12:57.233,SELL,7.07e-05,24.31796322
85836576,2017-12-25T13:12:57.233,SELL,7.07e-05,150.0
85836577,2017-12-25T13:12:57.233,SELL,7.07e-05,479.31224888
85836582,2017-12-25T13:13:00.187,BUY,7.072e-05,8.20362837
85836590,2017-12-25T13:13:04.533,BUY,7.072e-05,127.8891
85836591,2017-12-25T13:13:05.97,SELL,7.071e-05,201.9409196
85836592,2017-12-25T13:13:05.97,SELL,7.07e-05,1283.36238231
85836593,2017-12-25T13:13:05.97,SELL,7.069e-05,77.79201797
85836594,2017-12-25T13:13:05.97,SELL,7.069e-05,59.32974961
85836595,2017-12-25T13:13:05.97,SELL,7.069e-05,34.64890826
85836596,2017-12-25T13:13:05.97,SELL,7.069e-05,7.40808495
85836597,2017-12-25T13:13:05.97,SELL,7.069e-05,500.0
85836598,2017-12-25T13:13:05.97,SELL,7.068e-05,15.563266
85836599,2017-12-25T13:13:05.97,SELL,7.068e-05,7056.4516129
85836602,2017-12-25T13:13:06.987,BUY,7.068e-05,170.26889789
85836604,2017-12-25T13:13:08.69,SELL,7.067e-05,478.26031803
85836608,2017-12-25T13:13:09.673,BUY,7.068e-05,980.825
85836617,2017-12-25T13:13:12.08,BUY,7.068e-05,103.8285
85836618,2017-12-25T13:13:12.08,BUY,7.068e-05,100.0
85836624,2017-12-25T13:13:14.003,SELL,7.067e-05,7.07702455
85836627,2017-12-25T13:13:14.66,BUY,7.067e-05,689.70700564
85836633,2017-12-25T13:13:15.63,BUY,7.068e-05,389.43507064
85836636,2017-12-25T13:13:16.02,BUY,7.068e-05,56.41968326
85836638,2017-12-25T13:13:16.787,BUY,7.068e-05,192.23757245
85836646,2017-12-25T13:13:20.6,SELL,7.067e-05,89.98
85836649,2017-12-25T13:13:21.757,SELL,7.067e-05,40.0
85836651,2017-12-25T13:13:22.303,BUY,7.068e-05,317.5416
85836652,2017-12-25T13:13:24.037,SELL,7.067e-05,320.46710859
85836655,2017-12-25T13:13:25.38,BUY,7.068e-05,173.0138152
85836657,2017-12-25T13:13:26.757,BUY,7.068e-05,19803.0977651
85836658,2017-12-25T13:13:26.757,BUY,7.068e-05,100.0
85836659,2017-12-25T13:13:26.757,BUY,7.068e-05,104.00556833
85836660,2017-12-25T13:13:26.757,BUY,7.07e-05,1500.0
85836661,2017-12-25T13:13:26.757,BUY,7.07e-05,8000.0
85836662,2017-12-25T13:13:26.757,BUY,7.071e-05,201.890364
85836663,2017-12-25T13:13:26.757,BUY,7.072e-05,18185.56069219
85836664,2017-12-25T13:13:26.757,BUY,7.072e-05,694.44444444
85836665,2017-12-25T13:13:26.757,BUY,7.072e-05,454.30018446
85836666,2017-12-25T13:13:26.757,BUY,7.073e-05,200.06148954
85836667,2017-12-25T13:13:26.757,BUY,7.074e-05,701.05298228
85836668,2017-12-25T13:13:26.757,BUY,7.075e-05,450.28056419
85836669,2017-12-25T13:13:26.757,BUY,7.075e-05,30.1540682
85836670,2017-12-25T13:13:26.757,BUY,7.077e-05,400.0
85836671,2017-12-25T13:13:26.757,BUY,7.079e-05,423.0
85836678,2017-12-25T13:13:29.82,SELL,7.08e-05,1813.63636364
85836691,2017-12-25T13:13:33.663,BUY,7.084e-05,32.36771711
85836694,2017-12-25T13:13:34.493,SELL,7.084e-05,249.89034741
85836695,2017-12-25T13:13:34.493,SELL,7.084e-05,0.10965259
85836703,2017-12-25T13:13:36.93,SELL,7.084e-05,388.29222526
85836704,2017-12-25T13:13:36.93,SELL,7.084e-05,8.08469791
85836712,2017-12-25T13:13:40.417,SELL,7.081e-05,28.37617156
85836715,2017-12-25T13:13:41.84,SELL,7.08e-05,527.92733489
85836720,2017-12-25T13:13:43.23,SELL,7.08e-05,806.76185726
85836721,2017-12-25T13:13:43.307,SELL,7.08e-05,410.07466031
85836729,2017-12-25T13:13:46.23,SELL,7.08e-05,100.75757474
85836731,2017-12-25T13:13:46.637,SELL,7.08e-05,1241.68020395
85836735,2017-12-25T13:13:50.543,SELL,7.081e-05,25.0
85836736,2017-12-25T13:13:50.763,SELL,7.081e-05,70.66966488
85836737,2017-12-25T13:13:51.09,SELL,7.081e-05,4.33033512
85836738,2017-12-25T13:13:51.09,SELL,7.08e-05,28263.4234315
85836741,2017-12-25T13:13:52.653,SELL,7.081e-05,6894.15266901
85836743,2017-12-25T13:13:55.983,SELL,7.081e-05,12601.74680625
85836744,2017-12-25T13:13:56.623,SELL,7.081e-05,1163.01099999
85836747,2017-12-25T13:13:57.89,SELL,7.081e-05,2705.3829193
85836748,2017-12-25T13:13:58.39,SELL,7.081e-05,6000.0
85836751,2017-12-25T13:14:00.03,BUY,7.084e-05,140.48543632
85836752,2017-12-25T13:14:00.03,BUY,7.084e-05,200.0
85836753,2017-12-25T13:14:00.03,BUY,7.084e-05,44.83512692
85836755,2017-12-25T13:14:00.343,SELL,7.081e-05,3244.05
85836757,2017-12-25T13:14:02.187,SELL,7.081e-05,128.37866756
85836758,2017-12-25T13:14:02.47,SELL,7.081e-05,52.330735
85836763,2017-12-25T13:14:03.39,BUY,7.084e-05,105.08234936
85836765,2017-12-25T13:14:03.767,BUY,7.084e-05,150.08252372
85836766,2017-12-25T13:14:03.767,BUY,7.084e-05,908.71297134
85836771,2017-12-25T13:14:05.267,BUY,7.084e-05,60.0
85836773,2017-12-25T13:14:05.593,SELL,7.082e-05,700.0385831
85836777,2017-12-25T13:14:06.53,SELL,7.082e-05,299.9614169
85836778,2017-12-25T13:14:06.53,SELL,7.081e-05,196.0385831
85836780,2017-12-25T13:14:08.14,BUY,7.084e-05,1423.24
85836781,2017-12-25T13:14:08.44,SELL,7.081e-05,13330.506
85836785,2017-12-25T13:14:09.033,BUY,7.084e-05,57.04728967
85836792,2017-12-25T13:14:10.847,BUY,7.084e-05,550.99973899
85836793,2017-12-25T13:14:10.847,BUY,7.084e-05,449.00026101
85836796,2017-12-25T13:14:11.377,BUY,7.084e-05,15.0
85836797,2017-12-25T13:14:11.457,SELL,7.082e-05,491.70986681
85836798,2017-12-25T13:14:11.457,SELL,7.081e-05,411.40557627
85836802,2017-12-25T13:14:14.627,SELL,7.081e-05,97.89908333
85836805,2017-12-25T13:14:15.817,BUY,7.082e-05,250.0
85836809,2017-12-25T13:14:17.143,BUY,7.082e-05,445.24864061
85836810,2017-12-25T13:14:18.207,SELL,7.081e-05,41.44162858
85836814,2017-12-25T13:14:18.723,BUY,7.082e-05,10.0
85836818,2017-12-25T13:14:19.833,BUY,7.082e-05,12.0
85836823,2017-12-25T13:14:22.757,BUY,7.084e-05,399.97609684
85836828,2017-12-25T13:14:24.85,BUY,7.084e-05,8.08469791
85836830,2017-12-25T13:14:25.24,BUY,7.084e-05,561.99380929
85836832,2017-12-25T13:14:25.757,BUY,7.084e-05,110.10193319
85836834,2017-12-25T13:14:26.473,SELL,7.082e-05,15.0
85836835,2017-12-25T13:14:26.473,SELL,7.081e-05,379.89311164
85836837,2017-12-25T13:14:27.303,SELL,7.082e-05,14.82864428
85836838,2017-12-25T13:14:27.303,SELL,7.081e-05,8672.30378613
85836844,2017-12-25T13:14:30.977,SELL,7.081e-05,429.43288392
85836845,2017-12-25T13:14:30.977,SELL,7.081e-05,163.92647106
85836846,2017-12-25T13:14:30.977,SELL,7.081e-05,154.3298242
85836848,2017-12-25T13:14:32.087,BUY,7.082e-05,9.0
85836852,2017-12-25T13:14:34.49,SELL,7.081e-05,2845.6701758
85836853,2017-12-25T13:14:34.49,SELL,7.08e-05,7788.3687591
85836858,2017-12-25T13:14:35.757,SELL,7.081e-05,30.0
85836859,2017-12-25T13:14:35.757,SELL,7.081e-05,1010.19224015
85836860,2017-12-25T13:14:35.757,SELL,7.08e-05,5299.86548607
85836862,2017-12-25T13:14:39.68,SELL,7.08e-05,2499.65620581
85836863,2017-12-25T13:14:39.68,SELL,7.08e-05,3870.55050212
85836864,2017-12-25T13:14:39.68,SELL,7.08e-05,291.46596784
85836865,2017-12-25T13:14:39.68,SELL,7.08e-05,3206.98620679
85836866,2017-12-25T13:14:39.68,SELL,7.08e-05,218.59947588
85836867,2017-12-25T13:14:39.68,SELL,7.08e-05,451.45968576
85836868,2017-12-25T13:14:39.68,SELL,7.08e-05,95.3208907
85836877,2017-12-25T13:14:45.48,SELL,7.08e-05,500.03529362
85836879,2017-12-25T13:14:46.65,BUY,7.08e-05,1089.22
85836882,2017-12-25T13:14:47.45,BUY,7.08e-05,137.78590247
85836885,2017-12-25T13:14:48.103,BUY,7.08e-05,10.0
85836893,2017-12-25T13:14:51.76,BUY,7.08e-05,282.5800819
85836894,2017-12-25T13:14:51.76,BUY,7.08e-05,577.58630061
85836897,2017-12-25T13:14:53.277,BUY,7.08e-05,914.77803717
85836898,2017-12-25T13:14:53.277,BUY,7.08e-05,531.79630339
85836899,2017-12-25T13:14:53.277,BUY,7.08e-05,301.395375
85836908,2017-12-25T13:14:57.153,BUY,7.082e-05,10.0
85836913,2017-12-25T13:14:58.67,SELL,7.08e-05,2223.10556234
85836914,2017-12-25T13:14:58.67,SELL,7.08e-05,92.0
85836915,2017-12-25T13:14:58.67,SELL,7.08e-05,20361.93989085
85836922,2017-12-25T13:15:00.39,SELL,7.08e-05,44.0
85836927,2017-12-25T13:15:02.577,SELL,7.08e-05,6790.3760001
85836929,2017-12-25T13:15:02.717,BUY,7.082e-05,611.2976525
85836930,2017-12-25T13:15:03.56,SELL,7.08e-05,32.55348498
85836932,2017-12-25T13:15:04.78,BUY,7.082e-05,1179.07246576
85836935,2017-12-25T13:15:07.233,SELL,7.08e-05,62.35541927
85836938,2017-12-25T13:15:07.907,BUY,7.082e-05,10.0
85836939,2017-12-25T13:15:13.313,SELL,7.08e-05,9.0
85836941,2017-12-25T13:15:14.563,BUY,7.082e-05,122.6815137
85836943,2017-12-25T13:15:15.16,BUY,7.082e-05,17.45
85836944,2017-12-25T13:15:16.487,SELL,7.08e-05,307.56158521
85836946,2017-12-25T13:15:17.143,BUY,7.082e-05,10.0
85836948,2017-12-25T13:15:19.143,SELL,7.08e-05,3000.0
85836951,2017-12-25T13:15:21.88,SELL,7.08e-05,104.00556833
85836955,2017-12-25T13:15:26.1,SELL,7.08e-05,69288.20805126
85836956,2017-12-25T13:15:26.1,SELL,7.08e-05,142.24030319
85836957,2017-12-25T13:15:26.1,SELL,7.08e-05,55.0
85836958,2017-12-25T13:15:26.1,SELL,7.08e-05,110.81266949
85836960,2017-12-25T13:15:28.253,BUY,7.08e-05,134.0981676
85836961,2017-12-25T13:15:28.253,BUY,7.082e-05,1074.60116865
85836969,2017-12-25T13:15:31.32,BUY,7.082e-05,241.80555148
85836970,2017-12-25T13:15:31.32,BUY,7.082e-05,199.85
85836971,2017-12-25T13:15:31.32,BUY,7.082e-05,17.23048335
85836972,2017-12-25T13:15:31.32,BUY,7.082e-05,242.54011597
85836974,2017-12-25T13:15:32.757,BUY,7.082e-05,141.20304998
85836977,2017-12-25T13:15:33.943,BUY,7.08e-05,152.245278
85836978,2017-12-25T13:15:35.257,SELL,7.073e-05,216.0
85836979,2017-12-25T13:15:35.257,SELL,7.073e-05,683.19242622
85836980,2017-12-25T13:15:35.257,SELL,7.073e-05,764.54010144
85836982,2017-12-25T13:15:35.49,BUY,7.073e-05,10.0
85836985,2017-12-25T13:15:36.163,BUY,7.073e-05,141.20304998
85836987,2017-12-25T13:15:36.38,BUY,7.073e-05,9.3418411
85836990,2017-12-25T13:15:37.133,BUY,7.073e-05,2791.93800969
85836991,2017-12-25T13:15:37.133,BUY,7.08e-05,52.734722
85836997,2017-12-25T13:15:38.1,BUY,7.082e-05,141.20304998
85837001,2017-12-25T13:15:39.257,BUY,7.082e-05,646.37895302
85837002,2017-12-25T13:15:39.257,BUY,7.082e-05,101.93710761
85837003,2017-12-25T13:15:39.257,BUY,7.082e-05,70.24647887
85837004,2017-12-25T13:15:39.257,BUY,7.082e-05,143.00504637
85837005,2017-12-25T13:15:39.257,BUY,7.082e-05,200.0
85837006,2017-12-25T13:15:39.273,BUY,7.082e-05,842.49043878
85837019,2017-12-25T13:15:42.4,BUY,7.082e-05,141.20304998
85837021,2017-12-25T13:15:43.87,BUY,7.082e-05,10.0
85837024,2017-12-25T13:15:44.29,BUY,7.082e-05,79.51561483
85837028,2017-12-25T13:15:46.603,SELL,7.08e-05,15.96342219
85837035,2017-12-25T13:15:50.683,BUY,7.082e-05,57.06340017
85837039,2017-12-25T13:15:53.81,BUY,7.082e-05,83.0299287
85837040,2017-12-25T13:15:54.527,SELL,7.08e-05,7.48715371
85837044,2017-12-25T13:15:56.683,BUY,7.082e-05,701.4261508
85837046,2017-12-25T13:15:57.06,BUY,7.082e-05,874.02124454
85837048,2017-12-25T13:15:57.323,BUY,7.082e-05,20.0
85837051,2017-12-25T13:15:58.06,BUY,7.082e-05,73.24202203
85837058,2017-12-25T13:16:08.763,SELL,7.08e-05,1420.73778664
85837066,2017-12-25T13:16:11.267,BUY,7.082e-05,10.0
85837068,2017-12-25T13:16:11.313,BUY,7.082e-05,987.92219712
85837070,2017-12-25T13:16:12.517,SELL,7.08e-05,173.44893841
85837078,2017-12-25T13:16:18.94,BUY,7.082e-05,70.0
85837079,2017-12-25T13:16:19.643,SELL,7.08e-05,286.21214227
85837083,2017-12-25T13:16:22.377,BUY,7.082e-05,415.568
85837084,2017-12-25T13:16:22.627,SELL,7.08e-05,3601.172194
85837087,2017-12-25T13:16:23.52,BUY,7.082e-05,33.88873199
85837089,2017-12-25T13:16:23.94,BUY,7.082e-05,13.36186619
85837092,2017-12-25T13:16:27.55,SELL,7.08e-05,30.0
85837093,2017-12-25T13:16:28.363,SELL,7.08e-05,15.0
85837097,2017-12-25T13:16:31.207,BUY,7.081e-05,57.25889518
85837098,2017-12-25T13:16:31.207,BUY,7.082e-05,753.49000555
85837102,2017-12-25T13:16:33.147,BUY,7.082e-05,620.0
85837106,2017-12-25T13:16:36.46,SELL,7.08e-05,3387.42275235
85837108,2017-12-25T13:16:36.82,BUY,7.082e-05,10.0
85837109,2017-12-25T13:16:37.68,SELL,7.08e-05,1440.84934277
85837114,2017-12-25T13:16:39.447,BUY,7.082e-05,34.23792714
85837132,2017-12-25T13:16:48.23,BUY,7.082e-05,93.69375206
85837135,2017-12-25T13:16:52.277,BUY,7.082e-05,231.39675974
85837137,2017-12-25T13:16:54.293,BUY,7.082e-05,166.49178921
85837143,2017-12-25T13:17:01.233,BUY,7.082e-05,83.40867683
85837158,2017-12-25T13:17:04.437,BUY,7.082e-05,2144.60649816
85837159,2017-12-25T13:17:04.437,BUY,7.082e-05,671.11350184
85837163,2017-12-25T13:17:06.92,SELL,7.081e-05,140.0
85837165,2017-12-25T13:17:07.547,SELL,7.081e-05,50.0
85837180,2017-12-25T13:17:17.487,SELL,7.081e-05,139.02668011
85837181,2017-12-25T13:17:19.55,SELL,7.081e-05,93.58312077
85837182,2017-12-25T13:17:19.55,SELL,7.081e-05,100.0
85837184,2017-12-25T13:17:20.41,BUY,7.081e-05,48.16452201
85837186,2017-12-25T13:17:20.8,BUY,7.081e-05,610.01931722
85837191,2017-12-25T13:17:24.347,SELL,7.081e-05,48.34113667
85837192,2017-12-25T13:17:24.347,SELL,7.081e-05,13.9
85837193,2017-12-25T13:17:24.347,SELL,7.08e-05,507.76114333
85837196,2017-12-25T13:17:26.3,SELL,7.08e-05,500.0
85837198,2017-12-25T13:17:26.427,BUY,7.082e-05,333.03306904
85837206,2017-12-25T13:17:28.973,BUY,7.082e-05,495.85342912
85837207,2017-12-25T13:17:28.973,BUY,7.082e-05,1526.85914922
85837208,2017-12-25T13:17:28.973,BUY,7.082e-05,100.0
85837209,2017-12-25T13:17:28.973,BUY,7.082e-05,700.0
85837210,2017-12-25T13:17:28.973,BUY,7.082e-05,214.36742107
85837211,2017-12-25T13:17:28.973,BUY,7.082e-05,550.0
85837212,2017-12-25T13:17:28.973,BUY,7.082e-05,500.0
85837213,2017-12-25T13:17:28.973,BUY,7.082e-05,347.04869787
85837214,2017-12-25T13:17:28.973,BUY,7.082e-05,539.80538118
85837215,2017-12-25T13:17:28.973,BUY,7.082e-05,760.83295154
85837216,2017-12-25T13:17:29.207,SELL,7.081e-05,13.48139352
85837217,2017-12-25T13:17:29.207,SELL,7.08e-05,1112.42945089
85837229,2017-12-25T13:17:32.193,BUY,7.081e-05,2973.09702019
85837234,2017-12-25T13:17:34.757,BUY,7.082e-05,650.1862322
85837235,2017-12-25T13:17:34.757,BUY,7.082e-05,1417.94365974
85837236,2017-12-25T13:17:34.757,BUY,7.082e-05,199.578447
85837237,2017-12-25T13:17:34.757,BUY,7.082e-05,174.0
85837238,2017-12-25T13:17:34.757,BUY,7.084e-05,374.40166106
85837243,2017-12-25T13:17:36.287,SELL,7.082e-05,404.3221597
85837249,2017-12-25T13:17:37.803,BUY,7.082e-05,115.7563451
85837254,2017-12-25T13:17:40.147,BUY,7.082e-05,701.4261508
85837255,2017-12-25T13:17:40.99,SELL,7.08e-05,611.09838979
85837257,2017-12-25T13:17:41.803,BUY,7.082e-05,10.0
85837259,2017-12-25T13:17:42.07,BUY,7.082e-05,168.4953444
85837260,2017-12-25T13:17:42.07,BUY,7.082e-05,2852.37580508
85837261,2017-12-25T13:17:42.07,BUY,7.084e-05,2081.91212887
85837262,2017-12-25T13:17:42.07,BUY,7.084e-05,653.70328854
85837263,2017-12-25T13:17:42.07,BUY,7.084e-05,206.54133082
85837264,2017-12-25T13:17:42.07,BUY,7.085e-05,750.37802387
85837265,2017-12-25T13:17:42.07,BUY,7.085e-05,117.6735202
85837266,2017-12-25T13:17:42.07,BUY,7.085e-05,100.34762
85837267,2017-12-25T13:17:42.07,BUY,7.089e-05,286.98702747
85837269,2017-12-25T13:17:42.49,SELL,7.089e-05,1338.5668277
85837273,2017-12-25T13:17:43.413,SELL,7.089e-05,2500.0
85837286,2017-12-25T13:17:46.4,BUY,7.09e-05,113.17466408
85837289,2017-12-25T13:17:47.71,SELL,7.089e-05,19.25059888
85837314,2017-12-25T13:17:51.337,BUY,7.09e-05,5107.33870891
85837315,2017-12-25T13:17:51.337,BUY,7.09e-05,79.25680422
85837316,2017-12-25T13:17:51.337,BUY,7.09e-05,100.0
85837364,2017-12-25T13:17:59.107,SELL,7.09e-05,10.0
85837365,2017-12-25T13:17:59.107,SELL,7.09e-05,990.0
85837366,2017-12-25T13:17:59.123,SELL,7.09e-05,355.48536118
85837376,2017-12-25T13:18:00.277,BUY,7.094e-05,848.97099021
85837377,2017-12-25T13:18:00.277,BUY,7.095e-05,423.54970924
85837378,2017-12-25T13:18:00.277,BUY,7.098e-05,483.72987669
85837379,2017-12-25T13:18:00.293,BUY,7.098e-05,1000.0
85837380,2017-12-25T13:18:00.293,BUY,7.099e-05,4000.0
85837381,2017-12-25T13:18:00.293,BUY,7.1e-05,422.90748963
85837382,2017-12-25T13:18:00.293,BUY,7.1e-05,109.3504043
85837383,2017-12-25T13:18:00.293,BUY,7.1e-05,1000.0
85837384,2017-12-25T13:18:00.293,BUY,7.1e-05,5000.0
85837385,2017-12-25T13:18:00.293,BUY,7.1e-05,34.41973222
85837386,2017-12-25T13:18:00.293,BUY,7.1e-05,70.97746998
85837387,2017-12-25T13:18:00.293,BUY,7.1e-05,116.37454268
85837407,2017-12-25T13:18:04.997,BUY,7.1e-05,29808.91642923
85837410,2017-12-25T13:18:05.137,BUY,7.1e-05,15.68661972
85837413,2017-12-25T13:18:05.95,BUY,7.1e-05,8.63887324
85837416,2017-12-25T13:18:06.717,SELL,7.094e-05,373.66147704
85837419,2017-12-25T13:18:07.64,SELL,7.094e-05,80.0
85837430,2017-12-25T13:18:16,SELL,7.094e-05,340.0
85837435,2017-12-25T13:18:18.72,SELL,7.094e-05,350.0
85837440,2017-12-25T13:18:19.64,BUY,7.1e-05,50.38353513
85837441,2017-12-25T13:18:19.64,BUY,7.104e-05,163.2558375
85837442,2017-12-25T13:18:19.64,BUY,7.108e-05,165.0
85837443,2017-12-25T13:18:19.64,BUY,7.108e-05,27.63802107
85837444,2017-12-25T13:18:19.64,BUY,7.108e-05,600.0
85837445,2017-12-25T13:18:19.64,BUY,7.111e-05,1484.36220945
85837446,2017-12-25T13:18:19.64,BUY,7.115e-05,4248.93472854
85837449,2017-12-25T13:18:20.547,SELL,7.095e-05,300.0
85837450,2017-12-25T13:18:20.547,SELL,7.094e-05,4700.0
85837457,2017-12-25T13:18:21.69,SELL,7.094e-05,4055.88248422
85837470,2017-12-25T13:18:24.22,SELL,7.094e-05,1080.0
85837477,2017-12-25T13:18:24.66,SELL,7.094e-05,500.0
85837485,2017-12-25T13:18:26.94,BUY,7.099e-05,14.08649105
85837496,2017-12-25T13:18:33.457,SELL,7.096e-05,300.0
85837498,2017-12-25T13:18:33.8,BUY,7.099e-05,726.0
85837502,2017-12-25T13:18:35.6,BUY,7.099e-05,26.74589907
85837509,2017-12-25T13:18:37.193,SELL,7.096e-05,295.09413793
85837514,2017-12-25T13:18:37.693,BUY,7.099e-05,1039.95669437
85837515,2017-12-25T13:18:37.693,BUY,7.099e-05,223.86828359
85837516,2017-12-25T13:18:37.693,BUY,7.099e-05,61.26781614
85837531,2017-12-25T13:18:39.803,SELL,7.1e-05,1391.44033188
85837545,2017-12-25T13:18:45.023,BUY,7.114e-05,8.71664167
85837546,2017-12-25T13:18:45.023,BUY,7.115e-05,18.86409065
85837547,2017-12-25T13:18:45.023,BUY,7.116e-05,227.44904403
85837548,2017-12-25T13:18:45.023,BUY,7.12e-05,9.79119664
85837562,2017-12-25T13:18:47.913,SELL,7.1e-05,8617.14729374
85837563,2017-12-25T13:18:47.913,SELL,7.1e-05,355.02932808
85837564,2017-12-25T13:18:47.913,SELL,7.1e-05,20.0
85837567,2017-12-25T13:18:48.727,BUY,7.1e-05,11.38366197
85837580,2017-12-25T13:18:55.9,BUY,7.1e-05,55.64946787
85837582,2017-12-25T13:18:56.54,SELL,7.096e-05,81.60349228
85837583,2017-12-25T13:18:56.54,SELL,7.095e-05,50.0
85837584,2017-12-25T13:18:56.54,SELL,7.095e-05,20.0
85837585,2017-12-25T13:18:56.54,SELL,7.094e-05,1848.39650772
85837587,2017-12-25T13:18:56.633,BUY,7.1e-05,93.94288925
85837592,2017-12-25T13:19:00.713,BUY,7.1e-05,15.68661972
85837595,2017-12-25T13:19:01.65,BUY,7.1e-05,8.63887324
85837597,2017-12-25T13:19:01.87,BUY,7.1e-05,209.8757332
85837610,2017-12-25T13:19:14.077,BUY,7.1e-05,10.0
85837623,2017-12-25T13:19:24.75,BUY,7.1e-05,579.79134006
85837625,2017-12-25T13:19:25.25,BUY,7.1e-05,1543.42508351
85837626,2017-12-25T13:19:25.25,BUY,7.1e-05,700.2590394
85837627,2017-12-25T13:19:25.25,BUY,7.1e-05,911.75146089
85837628,2017-12-25T13:19:25.44,SELL,7.095e-05,32.06521457
85837641,2017-12-25T13:19:29.33,BUY,7.1e-05,347.07077376
85837652,2017-12-25T13:19:32.503,SELL,7.099e-05,81.07640668
85837656,2017-12-25T13:19:34.44,BUY,7.1e-05,741.17776535
85837657,2017-12-25T13:19:34.44,BUY,7.1e-05,272.70287261
85837658,2017-12-25T13:19:34.44,BUY,7.1e-05,247.70936204
85837662,2017-12-25T13:19:35.13,BUY,7.1e-05,540.67631672
85837663,2017-12-25T13:19:35.13,BUY,7.1e-05,55.27115238
85837664,2017-12-25T13:19:35.783,SELL,7.1e-05,2121.43233689
85837665,2017-12-25T13:19:35.783,SELL,7.099e-05,376.79801331
85837667,2017-12-25T13:19:36.067,BUY,7.099e-05,198.4942139
85837687,2017-12-25T13:19:39.817,BUY,7.099e-05,510.2616427
85837688,2017-12-25T13:19:39.817,BUY,7.099e-05,141.56968493
85837689,2017-12-25T13:19:39.817,BUY,7.1e-05,1000.0
85837696,2017-12-25T13:19:40.723,BUY,7.119e-05,11.67648182
85837715,2017-12-25T13:19:45.88,SELL,7.1e-05,150.0
85837716,2017-12-25T13:19:45.99,SELL,7.1e-05,561.06383428
85837720,2017-12-25T13:19:46.77,BUY,7.117e-05,11.35647042
85837734,2017-12-25T13:19:54.82,SELL,7.1e-05,5037.772095
85837737,2017-12-25T13:19:57.807,SELL,7.101e-05,50.0
85837738,2017-12-25T13:19:59.04,SELL,7.101e-05,20.0
85837745,2017-12-25T13:20:00.947,SELL,7.101e-05,50.63367105
85837747,2017-12-25T13:20:02.73,SELL,7.101e-05,20.0
85837755,2017-12-25T13:20:03.337,SELL,7.101e-05,9.0
85837756,2017-12-25T13:20:03.76,SELL,7.101e-05,569.41492629
85837757,2017-12-25T13:20:03.76,SELL,7.1e-05,2629.33274309
85837758,2017-12-25T13:20:03.76,SELL,7.1e-05,3273.84642042
85837759,2017-12-25T13:20:03.76,SELL,7.1e-05,1000.0
85837760,2017-12-25T13:20:03.76,SELL,7.1e-05,195.0
85837761,2017-12-25T13:20:03.76,SELL,7.096e-05,704.0
85837762,2017-12-25T13:20:03.76,SELL,7.095e-05,906.6360962
85837765,2017-12-25T13:20:05.557,SELL,7.095e-05,149.56195991
85837767,2017-12-25T13:20:05.603,BUY,7.1e-05,153.67914483
85837771,2017-12-25T13:20:06.603,BUY,7.1e-05,108.52961684
85837776,2017-12-25T13:20:08.807,BUY,7.1e-05,94.7543
85837786,2017-12-25T13:20:10.23,SELL,7.095e-05,100.0
85837806,2017-12-25T13:20:14.137,SELL,7.095e-05,1411.73672932
85837807,2017-12-25T13:20:14.137,SELL,7.095e-05,17.3917369
85837821,2017-12-25T13:20:17.89,SELL,7.095e-05,8.67065153
85837830,2017-12-25T13:20:19.95,BUY,7.1e-05,95.76545801
85837831,2017-12-25T13:20:19.95,BUY,7.1e-05,469.23454199
85837832,2017-12-25T13:20:21.763,SELL,7.095e-05,3490.08621117
85837833,2017-12-25T13:20:21.763,SELL,7.095e-05,700.0
85837834,2017-12-25T13:20:21.763,SELL,7.095e-05,355.83179915
85837835,2017-12-25T13:20:21.763,SELL,7.095e-05,31.00943905
85837836,2017-12-25T13:20:21.763,SELL,7.094e-05,9385.73522463
85837859,2017-12-25T13:20:26.437,BUY,7.1e-05,30.76545801
85837860,2017-12-25T13:20:26.437,BUY,7.1e-05,1280.36454199
85837881,2017-12-25T13:20:31.08,BUY,7.1e-05,497.28758273
85837882,2017-12-25T13:20:31.11,SELL,7.095e-05,1414.0
85837909,2017-12-25T13:20:35.097,BUY,7.1e-05,30.25542843
85837915,2017-12-25T13:20:36.58,BUY,7.1e-05,34.36339945
85837916,2017-12-25T13:20:36.58,BUY,7.1e-05,106.48167097
85837919,2017-12-25T13:20:36.627,BUY,7.1e-05,93.75632903
85837920,2017-12-25T13:20:36.627,BUY,7.1e-05,47.08874139
85837933,2017-12-25T13:20:39.893,BUY,7.1e-05,3253.15065157
85837934,2017-12-25T13:20:39.893,BUY,7.1e-05,147.2265419
85837948,2017-12-25T13:20:41.393,SELL,7.1e-05,451.69277246
85837949,2017-12-25T13:20:41.393,SELL,7.095e-05,37.98467186
85837950,2017-12-25T13:20:41.393,SELL,7.095e-05,42.97957434
85837951,2017-12-25T13:20:41.393,SELL,7.094e-05,6467.34298134
85837992,2017-12-25T13:20:48.427,BUY,7.101e-05,553.45547123
85837994,2017-12-25T13:20:48.753,BUY,7.101e-05,100.93992462
85838004,2017-12-25T13:20:50.1,BUY,7.101e-05,103.87338843
85838011,2017-12-25T13:20:50.693,SELL,7.095e-05,2600.0
85838014,2017-12-25T13:20:50.77,SELL,7.095e-05,100.42863726
85838029,2017-12-25T13:20:52.82,SELL,7.095e-05,3975.90522215
85838030,2017-12-25T13:20:52.82,SELL,7.094e-05,13062.83073885
85838037,2017-12-25T13:20:53.697,BUY,7.101e-05,40.0
85838054,2017-12-25T13:20:58.307,SELL,7.1e-05,15.0
85838055,2017-12-25T13:20:58.307,SELL,7.094e-05,981.01895164
85838083,2017-12-25T13:21:02.243,SELL,7.096e-05,316.18571132
85838084,2017-12-25T13:21:02.243,SELL,7.094e-05,1304.70536115
85838087,2017-12-25T13:21:04.01,BUY,7.101e-05,383.70008344
85838100,2017-12-25T13:21:07.543,BUY,7.1e-05,500.0
85838103,2017-12-25T13:21:07.603,BUY,7.101e-05,19.05464019
85838109,2017-12-25T13:21:10.06,SELL,7.1e-05,764.43661972
85838110,2017-12-25T13:21:10.06,SELL,7.094e-05,1992.77856756
85838113,2017-12-25T13:21:10.653,SELL,7.094e-05,2000.0
85838125,2017-12-25T13:21:15.98,BUY,7.095e-05,94.487576
85838127,2017-12-25T13:21:16.107,SELL,7.1e-05,346.78830041
85838128,2017-12-25T13:21:16.107,SELL,7.094e-05,11653.21169959
85838136,2017-12-25T13:21:20.263,SELL,7.094e-05,134.07445846
85838153,2017-12-25T13:21:26.623,SELL,7.094e-05,14285.714285
85838160,2017-12-25T13:21:27.72,SELL,7.094e-05,282.72547356
85838162,2017-12-25T13:21:28.813,SELL,7.094e-05,146.980887
85838168,2017-12-25T13:21:33.61,SELL,7.095e-05,21.51183
85838169,2017-12-25T13:21:33.61,SELL,7.094e-05,4978.48817
85838173,2017-12-25T13:21:35.5,SELL,7.094e-05,3525.90450207
85838184,2017-12-25T13:21:40.08,SELL,7.094e-05,489.039
85838187,2017-12-25T13:21:41.957,BUY,7.1e-05,10.0
85838200,2017-12-25T13:21:43.83,SELL,7.094e-05,159.0
85838203,2017-12-25T13:21:44.223,BUY,7.1e-05,150.0
85838215,2017-12-25T13:21:48.723,BUY,7.098e-05,19.06269372
85838216,2017-12-25T13:21:50.257,SELL,7.094e-05,7.21119263
85838217,2017-12-25T13:21:52.037,SELL,7.094e-05,1075.304193
85838218,2017-12-25T13:21:52.163,SELL,7.094e-05,1415.0
85838220,2017-12-25T13:21:52.867,SELL,7.095e-05,7.82624444
85838224,2017-12-25T13:21:56.32,SELL,7.095e-05,97.43890666
85838227,2017-12-25T13:21:57.99,BUY,7.098e-05,200.0
85838232,2017-12-25T13:21:58.773,BUY,7.098e-05,1.36115855
85838234,2017-12-25T13:22:00.6,BUY,7.1e-05,70.0327
85838238,2017-12-25T13:22:02.697,SELL,7.099e-05,657.0
85838240,2017-12-25T13:22:02.71,BUY,7.1e-05,42.15703718
85838244,2017-12-25T13:22:05.883,SELL,7.099e-05,0.29374145
85838249,2017-12-25T13:22:09.823,SELL,7.095e-05,287.66852799
85838251,2017-12-25T13:22:11.073,BUY,7.099e-05,147.64537627
85838257,2017-12-25T13:22:15.247,SELL,7.099e-05,38.450392
85838258,2017-12-25T13:22:15.37,SELL,7.099e-05,297.22614247
85838259,2017-12-25T13:22:15.37,SELL,7.095e-05,173.21083568
85838261,2017-12-25T13:22:15.857,BUY,7.1e-05,110.50431444
85838267,2017-12-25T13:22:18.793,SELL,7.099e-05,100.0
85838268,2017-12-25T13:22:18.793,SELL,7.099e-05,140.51274827
85838280,2017-12-25T13:22:25.467,BUY,7.099e-05,69.1151296
85838286,2017-12-25T13:22:27.123,SELL,7.095e-05,2645.64984992
85838287,2017-12-25T13:22:27.123,SELL,7.095e-05,58.31417336
85838288,2017-12-25T13:22:27.123,SELL,7.094e-05,1344.50651072
85838290,2017-12-25T13:22:27.7,BUY,7.099e-05,16.49040719
85838291,2017-12-25T13:22:27.7,BUY,7.099e-05,33.50959281
85838300,2017-12-25T13:22:30.92,SELL,7.094e-05,73.72083085
85838302,2017-12-25T13:22:33.373,SELL,7.094e-05,62.00787402
85838303,2017-12-25T13:22:33.72,SELL,7.094e-05,141.20304998
85838311,2017-12-25T13:22:38.783,SELL,7.094e-05,2025.51047458
85838313,2017-12-25T13:22:38.97,BUY,7.095e-05,81.031069
85838314,2017-12-25T13:22:39.343,SELL,7.095e-05,1342.722241
85838322,2017-12-25T13:22:41.453,SELL,7.095e-05,335.93399599
85838329,2017-12-25T13:22:44.313,SELL,7.097e-05,29.31844441
85838330,2017-12-25T13:22:44.313,SELL,7.095e-05,50.53155559
85838331,2017-12-25T13:22:44.737,SELL,7.095e-05,1428.23236098
85838332,2017-12-25T13:22:44.737,SELL,7.095e-05,8.0
85838333,2017-12-25T13:22:44.737,SELL,7.095e-05,304.72426004
85838334,2017-12-25T13:22:44.737,SELL,7.095e-05,1038.01284038
85838346,2017-12-25T13:22:50.363,BUY,7.095e-05,8.23480108
85838351,2017-12-25T13:22:52.037,BUY,7.095e-05,212.79573752
85838354,2017-12-25T13:22:52.597,SELL,7.095e-05,230.27563393
85838356,2017-12-25T13:22:55.113,SELL,7.095e-05,45.14786851
85838357,2017-12-25T13:22:55.113,SELL,7.094e-05,354.85213149
85838358,2017-12-25T13:22:56.77,SELL,7.094e-05,9323.1929729
85838359,2017-12-25T13:22:56.77,SELL,7.094e-05,291.87659924
85838360,2017-12-25T13:22:56.77,SELL,7.094e-05,798.01293628
85838361,2017-12-25T13:22:56.77,SELL,7.094e-05,142.76150615
85838362,2017-12-25T13:22:56.77,SELL,7.094e-05,100.0
85838363,2017-12-25T13:22:56.77,SELL,7.094e-05,40.0
85838364,2017-12-25T13:22:56.77,SELL,7.094e-05,157.90169346
85838365,2017-12-25T13:22:56.77,SELL,7.094e-05,37.99002634
85838366,2017-12-25T13:22:56.77,SELL,7.094e-05,600.0
85838367,2017-12-25T13:22:56.77,SELL,7.094e-05,790.97404463
85838368,2017-12-25T13:22:57.41,SELL,7.094e-05,1662.75995065
85838369,2017-12-25T13:22:57.41,SELL,7.094e-05,100.0
85838370,2017-12-25T13:22:57.41,SELL,7.094e-05,140.61178461
85838371,2017-12-25T13:22:57.41,SELL,7.094e-05,177.45375952
85838372,2017-12-25T13:22:57.41,SELL,7.094e-05,417.07361143
85838374,2017-12-25T13:22:57.74,BUY,7.094e-05,1405.93653277
85838376,2017-12-25T13:22:57.973,BUY,7.094e-05,50.0
85838380,2017-12-25T13:22:59.427,BUY,7.094e-05,844.934
85838388,2017-12-25T13:23:01.897,BUY,7.094e-05,844.934
85838389,2017-12-25T13:23:02.1,SELL,7.093e-05,8.23480108
85838399,2017-12-25T13:23:08.43,SELL,7.093e-05,348.38893204
85838400,2017-12-25T13:23:08.43,SELL,7.093e-05,8.0
85838401,2017-12-25T13:23:08.43,SELL,7.093e-05,100.0
85838405,2017-12-25T13:23:09.93,BUY,7.093e-05,23.41692416
85838414,2017-12-25T13:23:15.213,BUY,7.093e-05,90.0
85838417,2017-12-25T13:23:16.197,BUY,7.093e-05,113.5427665
85838420,2017-12-25T13:23:16.527,BUY,7.093e-05,851.72950647
85838421,2017-12-25T13:23:16.527,BUY,7.093e-05,21.51183
85838422,2017-12-25T13:23:16.527,BUY,7.093e-05,1962.64329038
85838426,2017-12-25T13:23:18.683,BUY,7.093e-05,1497.59
85838427,2017-12-25T13:23:18.98,SELL,7.09e-05,14.06911142
85838428,2017-12-25T13:23:18.98,SELL,7.09e-05,459.19517145
85838429,2017-12-25T13:23:18.98,SELL,7.09e-05,88.63540197
85838430,2017-12-25T13:23:18.98,SELL,7.09e-05,549.14178791
85838432,2017-12-25T13:23:20.62,BUY,7.093e-05,109.70402838
85838435,2017-12-25T13:23:24.7,SELL,7.09e-05,508.46891272
85838436,2017-12-25T13:23:24.7,SELL,7.09e-05,49.16241972
85838438,2017-12-25T13:23:25.62,BUY,7.09e-05,437.45852956
85838439,2017-12-25T13:23:25.62,BUY,7.093e-05,301.43131055
85838440,2017-12-25T13:23:26.387,SELL,7.089e-05,47.68147835
85838441,2017-12-25T13:23:26.387,SELL,7.088e-05,2.31852165
85838454,2017-12-25T13:23:31.107,BUY,7.09e-05,15.0
85838456,2017-12-25T13:23:31.92,BUY,7.089e-05,50.0
85838457,2017-12-25T13:23:31.92,BUY,7.089e-05,290.44
85838459,2017-12-25T13:23:32.39,SELL,7.088e-05,51.60403725
85838465,2017-12-25T13:23:35.653,BUY,7.087e-05,9.39008885
85838469,2017-12-25T13:23:36.2,SELL,7.082e-05,107.98020857
85838479,2017-12-25T13:23:39.263,BUY,7.088e-05,948.39596275
85838480,2017-12-25T13:23:39.263,BUY,7.088e-05,6754.43097349
85838492,2017-12-25T13:23:42.687,BUY,7.089e-05,59.56
85838493,2017-12-25T13:23:42.687,BUY,7.091e-05,641.17353082
85838495,2017-12-25T13:23:43.267,SELL,7.088e-05,1431.674932
85838504,2017-12-25T13:23:46.737,SELL,7.088e-05,443.36619066
85838505,2017-12-25T13:23:46.953,SELL,7.088e-05,218.360502
85838508,2017-12-25T13:23:48.173,SELL,7.088e-05,2158.11895117
85838512,2017-12-25T13:23:50.19,BUY,7.089e-05,583.95497684
85838513,2017-12-25T13:23:50.19,BUY,7.09e-05,73.00392316
85838514,2017-12-25T13:23:50.563,SELL,7.088e-05,1538.69446381
85838520,2017-12-25T13:23:53.94,BUY,7.09e-05,22.91788253
85838522,2017-12-25T13:23:54.423,BUY,7.09e-05,9.54203103
85838528,2017-12-25T13:23:57.66,SELL,7.089e-05,103.48154075
85838532,2017-12-25T13:23:59.41,BUY,7.09e-05,98.69115867
85838537,2017-12-25T13:24:00.69,BUY,7.09e-05,377.93497684
85838538,2017-12-25T13:24:00.69,BUY,7.09e-05,1984.61157329
85838539,2017-12-25T13:24:00.69,BUY,7.091e-05,276.81464987
85838542,2017-12-25T13:24:01.6,SELL,7.089e-05,82.98602594
85838548,2017-12-25T13:24:04.083,SELL,7.089e-05,53.56463832
85838550,2017-12-25T13:24:06.053,BUY,7.09e-05,2362.54655013
85838551,2017-12-25T13:24:06.053,BUY,7.09e-05,20.0
85838554,2017-12-25T13:24:06.63,SELL,7.09e-05,2158.39155474
85838556,2017-12-25T13:24:07.287,SELL,7.09e-05,73.12167516
85838559,2017-12-25T13:24:08.257,BUY,7.091e-05,80.98982981
85838565,2017-12-25T13:24:09.68,BUY,7.091e-05,162.8945425
85838566,2017-12-25T13:24:09.68,BUY,7.091e-05,83.64225412
85838567,2017-12-25T13:24:09.68,BUY,7.094e-05,453.99909395
85838568,2017-12-25T13:24:10.13,SELL,7.09e-05,3160.644
85838570,2017-12-25T13:24:10.803,SELL,7.09e-05,471.25908
85838571,2017-12-25T13:24:11.757,SELL,7.09e-05,1662.91168386
85838575,2017-12-25T13:24:13.867,SELL,7.09e-05,100.0
85838576,2017-12-25T13:24:14.117,SELL,7.09e-05,79.0878582
85838577,2017-12-25T13:24:14.32,SELL,7.09e-05,1617.888887
85838593,2017-12-25T13:24:18.993,SELL,7.09e-05,212.110122
85838596,2017-12-25T13:24:20.743,SELL,7.091e-05,634.28201461
85838597,2017-12-25T13:24:20.743,SELL,7.09e-05,13624.85126839
85838599,2017-12-25T13:24:21.307,BUY,7.094e-05,14.06117846
85838602,2017-12-25T13:24:21.57,BUY,7.094e-05,14.0964195
85838618,2017-12-25T13:24:32.183,SELL,7.09e-05,800.0
85838633,2017-12-25T13:24:36.903,SELL,7.091e-05,50.0
85838644,2017-12-25T13:24:38.107,SELL,7.091e-05,466.4821767
85838645,2017-12-25T13:24:38.107,SELL,7.091e-05,2969.36533296
85838646,2017-12-25T13:24:38.107,SELL,7.09e-05,6564.15249034
85838651,2017-12-25T13:24:38.873,BUY,7.094e-05,107.26007542
85838652,2017-12-25T13:24:41.013,SELL,7.091e-05,3500.0
85838653,2017-12-25T13:24:41.247,SELL,7.091e-05,41.1596448
85838654,2017-12-25T13:24:41.31,SELL,7.091e-05,500.0
85838670,2017-12-25T13:24:47.78,BUY,7.094e-05,8.0
85838671,2017-12-25T13:24:48.75,SELL,7.091e-05,290.0
85838676,2017-12-25T13:24:51.86,BUY,7.094e-05,293.13198125
85838679,2017-12-25T13:24:54.987,BUY,7.094e-05,700.23963913
85838688,2017-12-25T13:24:57.94,BUY,7.094e-05,523.0
85838691,2017-12-25T13:24:58.517,BUY,7.094e-05,218.88642797
85838694,2017-12-25T13:25:02.613,BUY,7.094e-05,278.76764378
85838705,2017-12-25T13:25:09.707,SELL,7.093e-05,51.99667221
85838706,2017-12-25T13:25:09.707,SELL,7.092e-05,45.57352184
85838708,2017-12-25T13:25:10.66,BUY,7.094e-05,4902.66034038
85838718,2017-12-25T13:25:14.74,BUY,7.094e-05,100.0
85838721,2017-12-25T13:25:17.053,BUY,7.093e-05,435.77059606
85838743,2017-12-25T13:25:22.32,BUY,7.094e-05,16.40542005
85838747,2017-12-25T13:25:26.04,BUY,7.093e-05,52.19907659
85838750,2017-12-25T13:25:27.493,SELL,7.092e-05,500.0
85838751,2017-12-25T13:25:27.977,SELL,7.092e-05,100.0
85838753,2017-12-25T13:25:29.213,SELL,7.092e-05,72.0
85838754,2017-12-25T13:25:31.307,SELL,7.092e-05,691.12686522
85838755,2017-12-25T13:25:31.307,SELL,7.092e-05,218.66793816
85838757,2017-12-25T13:25:31.93,BUY,7.092e-05,40.20519662
85838758,2017-12-25T13:25:31.93,BUY,7.093e-05,100.77887218
85838780,2017-12-25T13:25:40.12,SELL,7.092e-05,258.20671108
85838781,2017-12-25T13:25:40.12,SELL,7.092e-05,291.79328892
85838786,2017-12-25T13:25:43.17,SELL,7.092e-05,50.0
85838788,2017-12-25T13:25:43.277,BUY,7.093e-05,250.0
85838794,2017-12-25T13:25:45.543,BUY,7.093e-05,115.49901311
85838796,2017-12-25T13:25:45.7,BUY,7.093e-05,123.85886197
85838797,2017-12-25T13:25:45.7,BUY,7.093e-05,383.01313256
85838798,2017-12-25T13:25:45.7,BUY,7.093e-05,1373.19232311
85838803,2017-12-25T13:25:46.92,BUY,7.093e-05,299.4217
85838805,2017-12-25T13:25:47.513,BUY,7.093e-05,151.18777043
85838806,2017-12-25T13:25:47.513,BUY,7.093e-05,1831.07361143
85838807,2017-12-25T13:25:47.513,BUY,7.093e-05,20.07467396
85838821,2017-12-25T13:25:55.373,SELL,7.093e-05,53.79402641
85838822,2017-12-25T13:25:55.373,SELL,7.093e-05,72.20597359
85838829,2017-12-25T13:25:59.64,SELL,7.093e-05,0.71562766
85838830,2017-12-25T13:25:59.64,SELL,7.093e-05,84.51959679
85838833,2017-12-25T13:26:02.22,BUY,7.093e-05,58.0
85838835,2017-12-25T13:26:03.203,BUY,7.093e-05,100.52720609
85838837,2017-12-25T13:26:03.487,BUY,7.093e-05,236.70112629
85838838,2017-12-25T13:26:03.487,BUY,7.093e-05,33.0
85838839,2017-12-25T13:26:03.487,BUY,7.093e-05,33.13949944
85838842,2017-12-25T13:26:04.063,SELL,7.093e-05,9.15937427
85838843,2017-12-25T13:26:04.063,SELL,7.092e-05,168.84062573
85838845,2017-12-25T13:26:04.907,BUY,7.093e-05,12.98324852
85838847,2017-12-25T13:26:04.94,BUY,7.093e-05,136.9574313
85838848,2017-12-25T13:26:04.94,BUY,7.094e-05,572.41127329
85838850,2017-12-25T13:26:06.55,BUY,7.094e-05,28.12277876
85838853,2017-12-25T13:26:08.11,SELL,7.092e-05,50.0
85838854,2017-12-25T13:26:09.52,SELL,7.092e-05,176.50518908
85838855,2017-12-25T13:26:09.52,SELL,7.092e-05,313.726891
85838856,2017-12-25T13:26:09.52,SELL,7.092e-05,53.43247815
85838857,2017-12-25T13:26:09.533,SELL,7.091e-05,217.17476506
85838861,2017-12-25T13:26:10.363,BUY,7.093e-05,25.71326343
85838869,2017-12-25T13:26:16.05,BUY,7.093e-05,62.20398513
85838870,2017-12-25T13:26:16.05,BUY,7.093e-05,750.31810976
85838873,2017-12-25T13:26:18.6,SELL,7.093e-05,297.9823067
85838876,2017-12-25T13:26:19.46,SELL,7.093e-05,160.80759051
85838877,2017-12-25T13:26:19.46,SELL,7.092e-05,250.0
85838879,2017-12-25T13:26:19.473,BUY,7.092e-05,18.23925656
85838883,2017-12-25T13:26:20.24,BUY,7.092e-05,689.55430434
85838889,2017-12-25T13:26:22.21,SELL,7.093e-05,136.72720931
85838891,2017-12-25T13:26:22.927,SELL,7.093e-05,84.68898059
85838892,2017-12-25T13:26:22.927,SELL,7.093e-05,350.0
85838905,2017-12-25T13:26:29.18,BUY,7.092e-05,500.0
85838909,2017-12-25T13:26:31.62,SELL,7.091e-05,56.01572371
85838914,2017-12-25T13:26:33.493,SELL,7.091e-05,176.27320552
85838915,2017-12-25T13:26:33.493,SELL,7.091e-05,28.92219458
85838916,2017-12-25T13:26:33.493,SELL,7.091e-05,984.97533317
85838917,2017-12-25T13:26:33.493,SELL,7.091e-05,460.0
85838918,2017-12-25T13:26:33.493,SELL,7.09e-05,33869.12509773
85838922,2017-12-25T13:26:35.29,BUY,7.092e-05,199.1426099
85838928,2017-12-25T13:26:38.15,SELL,7.09e-05,3089.5735079
85838935,2017-12-25T13:26:42.917,BUY,7.091e-05,449.47
85838938,2017-12-25T13:26:46.247,SELL,7.09e-05,2554.92989538
85838942,2017-12-25T13:26:50.387,SELL,7.09e-05,10515.17231997
85838945,2017-12-25T13:26:52.45,SELL,7.09e-05,4059.63536388
85838955,2017-12-25T13:26:55,SELL,7.09e-05,10.9032533
85838956,2017-12-25T13:26:55.42,SELL,7.09e-05,95.22443229
85838964,2017-12-25T13:26:57.547,SELL,7.09e-05,2118.03464502
85838973,2017-12-25T13:26:58.483,BUY,7.091e-05,10.0
85838984,2017-12-25T13:27:08.283,SELL,7.09e-05,110.0
85838985,2017-12-25T13:27:10.987,SELL,7.09e-05,400.38627226
85838989,2017-12-25T13:27:13.58,BUY,7.091e-05,63.53
85838990,2017-12-25T13:27:13.58,BUY,7.091e-05,10.0
85838991,2017-12-25T13:27:13.923,SELL,7.091e-05,208.51780708
85838995,2017-12-25T13:27:16.207,BUY,7.091e-05,38.14467005
85839003,2017-12-25T13:27:20.537,SELL,7.09e-05,50.0
85839013,2017-12-25T13:27:24.397,BUY,7.091e-05,10.57678748
85839019,2017-12-25T13:27:26.52,BUY,7.091e-05,112.16269054
85839025,2017-12-25T13:27:30.07,SELL,7.091e-05,100.0
85839031,2017-12-25T13:27:34.257,SELL,7.091e-05,287.83730946
85839032,2017-12-25T13:27:34.257,SELL,7.091e-05,10.0
85839033,2017-12-25T13:27:34.257,SELL,7.09e-05,202.16269054
85839034,2017-12-25T13:27:35.117,SELL,7.09e-05,10.0
85839041,2017-12-25T13:27:36.023,SELL,7.091e-05,12.26231491
85839042,2017-12-25T13:27:36.023,SELL,7.09e-05,261.48072488
85839044,2017-12-25T13:27:36.54,BUY,7.092e-05,51.01681945
85839045,2017-12-25T13:27:36.54,BUY,7.092e-05,1303.23068033
85839047,2017-12-25T13:27:36.947,BUY,7.092e-05,637.47669377
85839048,2017-12-25T13:27:36.947,BUY,7.092e-05,894.03093279
85839062,2017-12-25T13:27:38.743,BUY,7.093e-05,410.47660557
85839065,2017-12-25T13:27:39.57,BUY,7.093e-05,1768.73654083
85839075,2017-12-25T13:27:43.15,SELL,7.092e-05,410.47660557
85839078,2017-12-25T13:27:43.463,BUY,7.093e-05,11954.43975082
85839079,2017-12-25T13:27:43.463,BUY,7.094e-05,283.11795291
85839080,2017-12-25T13:27:43.463,BUY,7.094e-05,1500.0
85839081,2017-12-25T13:27:43.463,BUY,7.094e-05,100.0
85839082,2017-12-25T13:27:43.463,BUY,7.094e-05,3990.0
85839083,2017-12-25T13:27:43.463,BUY,7.094e-05,6847.32350273
85839089,2017-12-25T13:27:46.557,SELL,7.093e-05,284.59343795
85839102,2017-12-25T13:27:52.7,SELL,7.093e-05,27.82462123
85839103,2017-12-25T13:27:53.73,SELL,7.093e-05,1413.36528972
85839114,2017-12-25T13:28:02.263,SELL,7.093e-05,200.0
85839118,2017-12-25T13:28:06.157,SELL,7.093e-05,376.63808633
85839120,2017-12-25T13:28:07.47,BUY,7.094e-05,2491.07443896
85839123,2017-12-25T13:28:10.25,SELL,7.093e-05,1413.36528972
85839124,2017-12-25T13:28:10.737,SELL,7.093e-05,1711.05992017
85839135,2017-12-25T13:28:13.237,SELL,7.093e-05,500.0
85839154,2017-12-25T13:28:18.063,SELL,7.093e-05,10.78773825
85839167,2017-12-25T13:28:20.423,SELL,7.093e-05,50.0
85839182,2017-12-25T13:28:22.94,BUY,7.094e-05,80.28448754
85839202,2017-12-25T13:28:25.66,BUY,7.094e-05,70.30040844
85839219,2017-12-25T13:28:32.49,SELL,7.093e-05,0.76876093
85839220,2017-12-25T13:28:32.49,SELL,7.093e-05,33.44817147
85839221,2017-12-25T13:28:32.49,SELL,7.093e-05,911.06774161
85839222,2017-12-25T13:28:32.49,SELL,7.093e-05,300.25156774
85839223,2017-12-25T13:28:32.49,SELL,7.093e-05,10.0
85839224,2017-12-25T13:28:32.49,SELL,7.093e-05,60.0
85839225,2017-12-25T13:28:32.49,SELL,7.093e-05,97.82904797
85839228,2017-12-25T13:28:33.663,SELL,7.093e-05,2122.84177752
85839237,2017-12-25T13:28:35.663,SELL,7.093e-05,2522.78790953
85839238,2017-12-25T13:28:35.663,SELL,7.093e-05,200.0
85839239,2017-12-25T13:28:35.663,SELL,7.093e-05,97.69761621
85839262,2017-12-25T13:28:42.337,SELL,7.093e-05,1871.14490459
85839263,2017-12-25T13:28:42.337,SELL,7.093e-05,66.8
85839264,2017-12-25T13:28:42.337,SELL,7.092e-05,262.05509541
85839269,2017-12-25T13:28:44.68,BUY,7.093e-05,72.93454311
85839270,2017-12-25T13:28:44.68,BUY,7.094e-05,8064.19954802
85839273,2017-12-25T13:28:47.743,BUY,7.093e-05,14.19913922
85839275,2017-12-25T13:28:47.9,BUY,7.093e-05,99.84928592
85839279,2017-12-25T13:28:48.73,BUY,7.093e-05,50.0
85839289,2017-12-25T13:28:58.653,BUY,7.093e-05,55.95157486
85839290,2017-12-25T13:28:58.653,BUY,7.093e-05,163.77992514
85839295,2017-12-25T13:29:00.763,BUY,7.093e-05,61.524
85839297,2017-12-25T13:29:02.09,SELL,7.092e-05,300.0
85839299,2017-12-25T13:29:02.31,BUY,7.093e-05,250.0
85839306,2017-12-25T13:29:03.637,BUY,7.093e-05,25.67001638
85839312,2017-12-25T13:29:06.123,BUY,7.093e-05,82.02605848
85839313,2017-12-25T13:29:06.123,BUY,7.093e-05,270.0
85839314,2017-12-25T13:29:06.123,BUY,7.093e-05,118.19685756
85839315,2017-12-25T13:29:06.123,BUY,7.093e-05,1857.05124312
85839317,2017-12-25T13:29:06.95,BUY,7.093e-05,3069.60838194
85839318,2017-12-25T13:29:06.95,BUY,7.093e-05,1413.36528972
85839319,2017-12-25T13:29:06.95,BUY,7.094e-05,2870.04292696
85839322,2017-12-25T13:29:09.81,BUY,7.093e-05,39.40687873
85839328,2017-12-25T13:29:12.89,SELL,7.092e-05,118.40301419
85839329,2017-12-25T13:29:12.89,SELL,7.092e-05,70.32571912
85839330,2017-12-25T13:29:12.89,SELL,7.092e-05,1410.03948111
85839331,2017-12-25T13:29:12.907,SELL,7.092e-05,140.0
85839332,2017-12-25T13:29:12.907,SELL,7.092e-05,812.28879296
85839337,2017-12-25T13:29:17.39,BUY,7.092e-05,368.43850134
85839339,2017-12-25T13:29:18.547,BUY,7.092e-05,3415.46188328
85839347,2017-12-25T13:29:22.14,SELL,7.092e-05,262.08318523
85839348,2017-12-25T13:29:22.14,SELL,7.092e-05,150.0
85839349,2017-12-25T13:29:22.14,SELL,7.092e-05,1001.28210449
85839350,2017-12-25T13:29:22.203,SELL,7.092e-05,300.0
85839352,2017-12-25T13:29:24.05,SELL,7.092e-05,470.7509845
85839357,2017-12-25T13:29:30.83,BUY,7.093e-05,109.59312127
85839358,2017-12-25T13:29:30.83,BUY,7.093e-05,79.48804537
85839359,2017-12-25T13:29:30.97,SELL,7.092e-05,986.04590979
85839360,2017-12-25T13:29:30.97,SELL,7.092e-05,186.24848442
85839373,2017-12-25T13:29:36.13,BUY,7.092e-05,3249.56826188
85839374,2017-12-25T13:29:36.833,SELL,7.091e-05,100.0
85839381,2017-12-25T13:29:39.13,SELL,7.091e-05,1149.18478011
85839384,2017-12-25T13:29:40.46,BUY,7.092e-05,1418.46005403
85839396,2017-12-25T13:29:49.68,BUY,7.092e-05,93.78131557
85839398,2017-12-25T13:29:52.35,BUY,7.092e-05,49.57686801
85839399,2017-12-25T13:29:52.367,BUY,7.092e-05,1000.0
85839400,2017-12-25T13:29:52.367,BUY,7.092e-05,140.0
85839401,2017-12-25T13:29:52.367,BUY,7.092e-05,44.76854226
85839402,2017-12-25T13:29:52.367,BUY,7.092e-05,113.35929927
85839403,2017-12-25T13:29:53.243,SELL,7.092e-05,1038.01284038
85839410,2017-12-25T13:29:57.667,SELL,7.092e-05,7360.68907711
85839412,2017-12-25T13:29:58.12,SELL,7.092e-05,467.44714637
85839413,2017-12-25T13:29:58.12,SELL,7.091e-05,558.97028899
85839414,2017-12-25T13:29:58.12,SELL,7.091e-05,328.80376851
85839415,2017-12-25T13:29:58.12,SELL,7.091e-05,57.77879613
85839419,2017-12-25T13:29:58.557,SELL,7.091e-05,274.32930619
85839420,2017-12-25T13:29:58.557,SELL,7.091e-05,279.19247038
85839422,2017-12-25T13:29:59.23,BUY,7.091e-05,418.32618915
85839423,2017-12-25T13:29:59.23,BUY,7.093e-05,301.05461085
85839427,2017-12-25T13:30:03.98,SELL,7.09e-05,36.01692525
85839428,2017-12-25T13:30:03.98,SELL,7.09e-05,6829.69963352
85839429,2017-12-25T13:30:04.73,SELL,7.09e-05,300.0
85839433,2017-12-25T13:30:09.793,SELL,7.09e-05,600.23812654
85839437,2017-12-25T13:30:12.043,BUY,7.092e-05,49.31950515
85839441,2017-12-25T13:30:13.637,SELL,7.09e-05,67.24535192
85839445,2017-12-25T13:30:14.217,BUY,7.092e-05,50.68049485
85839450,2017-12-25T13:30:17.53,SELL,7.09e-05,1797.569084
85839453,2017-12-25T13:30:19.827,SELL,7.09e-05,1000.0
85839459,2017-12-25T13:30:26.843,SELL,7.091e-05,8.99227249
85839461,2017-12-25T13:30:28.267,SELL,7.091e-05,1233.1746939
85839475,2017-12-25T13:30:35.487,SELL,7.091e-05,39.58691349
85839476,2017-12-25T13:30:36.33,SELL,7.091e-05,2396.30988047
85839477,2017-12-25T13:30:36.33,SELL,7.09e-05,345.34692353
85839479,2017-12-25T13:30:37.127,SELL,7.091e-05,14.06712734
85839480,2017-12-25T13:30:37.127,SELL,7.09e-05,3129.01230503
85839481,2017-12-25T13:30:37.127,SELL,7.09e-05,110.56195899
85839482,2017-12-25T13:30:37.127,SELL,7.09e-05,862.85691537
85839483,2017-12-25T13:30:37.127,SELL,7.09e-05,150.0
85839484,2017-12-25T13:30:37.127,SELL,7.09e-05,4061.43900846
85839485,2017-12-25T13:30:37.127,SELL,7.09e-05,42.20733427
85839486,2017-12-25T13:30:37.127,SELL,7.09e-05,28.13850423
85839487,2017-12-25T13:30:37.127,SELL,7.09e-05,178.1503927
85839488,2017-12-25T13:30:37.127,SELL,7.09e-05,47.52461425
85839489,2017-12-25T13:30:37.127,SELL,7.09e-05,385.01883936
85839490,2017-12-25T13:30:37.597,SELL,7.09e-05,360.96737432
85839491,2017-12-25T13:30:37.597,SELL,7.09e-05,1055.03262568
85839497,2017-12-25T13:30:41.16,BUY,7.091e-05,100.0
85839505,2017-12-25T13:30:45.347,SELL,7.091e-05,148.33848316
85839506,2017-12-25T13:30:45.66,SELL,7.091e-05,310.85264468
85839507,2017-12-25T13:30:45.677,SELL,7.09e-05,1105.14735532
85839511,2017-12-25T13:30:48.13,BUY,7.092e-05,33.52877288
85839515,2017-12-25T13:30:49.13,BUY,7.092e-05,200.0
85839519,2017-12-25T13:30:51.053,BUY,7.092e-05,266.47122712
85839520,2017-12-25T13:30:51.053,BUY,7.092e-05,100.0
85839521,2017-12-25T13:30:51.053,BUY,7.092e-05,240.0
85839529,2017-12-25T13:30:53.93,BUY,7.093e-05,141.00394811
85839533,2017-12-25T13:30:55.88,SELL,7.092e-05,9.3418411
85839539,2017-12-25T13:30:59.913,SELL,7.092e-05,47.13573421
85839543,2017-12-25T13:31:03.227,SELL,7.092e-05,266.78411288
85839551,2017-12-25T13:31:08.383,BUY,7.092e-05,383.55492492
85839552,2017-12-25T13:31:09.197,SELL,7.091e-05,1680.0
85839557,2017-12-25T13:31:14.323,BUY,7.092e-05,2852.0036
85839558,2017-12-25T13:31:15.137,SELL,7.091e-05,155.68340545
85839559,2017-12-25T13:31:16.01,SELL,7.091e-05,200.0
85839560,2017-12-25T13:31:17.293,SELL,7.091e-05,13.1463611
85839562,2017-12-25T13:31:17.903,BUY,7.092e-05,9.37690355
85839564,2017-12-25T13:31:18.7,BUY,7.092e-05,1631.06238851
85839565,2017-12-25T13:31:18.7,BUY,7.092e-05,1231.676641
85839566,2017-12-25T13:31:18.7,BUY,7.093e-05,3890.03363245
85839567,2017-12-25T13:31:18.7,BUY,7.093e-05,258.96090579
85839568,2017-12-25T13:31:18.7,BUY,7.093e-05,2000.0
85839569,2017-12-25T13:31:18.7,BUY,7.093e-05,244.58113736
85839570,2017-12-25T13:31:18.7,BUY,7.093e-05,170.26889789
85839571,2017-12-25T13:31:18.7,BUY,7.093e-05,420.8203125
85839572,2017-12-25T13:31:18.7,BUY,7.093e-05,2479.09302219
85839573,2017-12-25T13:31:18.7,BUY,7.093e-05,13.657
85839574,2017-12-25T13:31:18.7,BUY,7.093e-05,11.21927515
85839575,2017-12-25T13:31:18.7,BUY,7.093e-05,10000.0
85839576,2017-12-25T13:31:18.713,SELL,7.093e-05,110.48155043
85839579,2017-12-25T13:31:20.37,SELL,7.093e-05,403.30782661
85839581,2017-12-25T13:31:21.247,SELL,7.093e-05,130.0
85839583,2017-12-25T13:31:22.06,SELL,7.093e-05,66.8
85839590,2017-12-25T13:31:23.433,SELL,7.093e-05,691.617
85839595,2017-12-25T13:31:23.98,BUY,7.094e-05,42.18353538
85839597,2017-12-25T13:31:24.31,SELL,7.093e-05,2146.31697522
85839599,2017-12-25T13:31:24.403,SELL,7.093e-05,689.486
85839601,2017-12-25T13:31:24.873,BUY,7.094e-05,196.1255
85839602,2017-12-25T13:31:24.95,SELL,7.093e-05,689.486
85839604,2017-12-25T13:31:25.45,SELL,7.093e-05,689.486
85839612,2017-12-25T13:31:29.45,SELL,7.093e-05,141.37639261
85839613,2017-12-25T13:31:31.17,SELL,7.093e-05,18904.56761674
85839614,2017-12-25T13:31:32.327,SELL,7.093e-05,150.0
85839616,2017-12-25T13:31:34.39,SELL,7.093e-05,200.0
85839621,2017-12-25T13:31:37.25,SELL,7.093e-05,70.43024872
85839622,2017-12-25T13:31:38.953,SELL,7.093e-05,120.0
85839627,2017-12-25T13:31:42.75,SELL,7.093e-05,361.04529395
85839630,2017-12-25T13:31:44.313,BUY,7.094e-05,406.9513152
85839631,2017-12-25T13:31:47.643,SELL,7.093e-05,1003.3635
85839632,2017-12-25T13:31:48.737,SELL,7.093e-05,9.48560857
85839633,2017-12-25T13:31:48.753,SELL,7.093e-05,6826.779898
85839636,2017-12-25T13:31:50.033,SELL,7.093e-05,1268.64280521
85839650,2017-12-25T13:31:56.41,BUY,7.094e-05,2000.0
85839653,2017-12-25T13:31:58.38,BUY,7.094e-05,1316.8028
85839655,2017-12-25T13:32:00.63,BUY,7.094e-05,345.25676981
85839656,2017-12-25T13:32:00.99,SELL,7.093e-05,1899.85
85839659,2017-12-25T13:32:03.07,BUY,7.094e-05,45.32128736
85839660,2017-12-25T13:32:03.223,SELL,7.093e-05,354.71382815
85839662,2017-12-25T13:32:03.71,SELL,7.093e-05,1717.85504457
85839666,2017-12-25T13:32:04.943,BUY,7.094e-05,281.92839018
85839668,2017-12-25T13:32:06.18,BUY,7.094e-05,55.06814535
85839669,2017-12-25T13:32:06.96,SELL,7.093e-05,5234.348214
85839673,2017-12-25T13:32:07.727,BUY,7.094e-05,9.18618759
85839674,2017-12-25T13:32:08.727,SELL,7.093e-05,2000.0
85839676,2017-12-25T13:32:10.29,BUY,7.094e-05,1085.65365385
85839677,2017-12-25T13:32:10.29,BUY,7.094e-05,38.14467005
85839678,2017-12-25T13:32:10.29,BUY,7.094e-05,499.0
85839679,2017-12-25T13:32:10.29,BUY,7.094e-05,691.617
85839680,2017-12-25T13:32:10.29,BUY,7.094e-05,272.8257761
85839682,2017-12-25T13:32:10.74,SELL,7.093e-05,410.75964446
85839683,2017-12-25T13:32:10.79,SELL,7.093e-05,459.19517145
85839687,2017-12-25T13:32:14.867,SELL,7.093e-05,38.554408
85839693,2017-12-25T13:32:19.853,SELL,7.093e-05,20959.869
85839698,2017-12-25T13:32:19.98,BUY,7.094e-05,8.45855653
85839701,2017-12-25T13:32:21.493,SELL,7.093e-05,165.9
85839702,2017-12-25T13:32:22.917,SELL,7.093e-05,25.0
85839716,2017-12-25T13:32:33.793,BUY,7.094e-05,79.03823749
85839718,2017-12-25T13:32:37.607,SELL,7.093e-05,8290.074452
85839721,2017-12-25T13:32:39.717,BUY,7.094e-05,7.43555117
85839723,2017-12-25T13:32:39.983,BUY,7.094e-05,43.02172223
85839733,2017-12-25T13:32:43.763,SELL,7.093e-05,1419.83430847
85839734,2017-12-25T13:32:43.763,SELL,7.093e-05,703.15804314
85839735,2017-12-25T13:32:43.763,SELL,7.093e-05,316.18036538
85839736,2017-12-25T13:32:43.763,SELL,7.093e-05,682.13667452
85839737,2017-12-25T13:32:45.187,SELL,7.093e-05,244.03244221
85839738,2017-12-25T13:32:45.187,SELL,7.093e-05,139.24735654
85839739,2017-12-25T13:32:45.187,SELL,7.093e-05,500.0
85839740,2017-12-25T13:32:45.187,SELL,7.093e-05,7.06083181
85839741,2017-12-25T13:32:45.187,SELL,7.093e-05,37.71655344
85839744,2017-12-25T13:32:46.97,BUY,7.094e-05,134.35379225
85839756,2017-12-25T13:32:52.547,BUY,7.094e-05,146.48336423
85839757,2017-12-25T13:32:52.547,BUY,7.094e-05,97.98062858
85839759,2017-12-25T13:32:55.237,BUY,7.094e-05,70.41374154
85839762,2017-12-25T13:32:57.91,SELL,7.093e-05,2e-07
85839764,2017-12-25T13:32:58.393,BUY,7.093e-05,29.41635557
85839765,2017-12-25T13:32:58.393,BUY,7.094e-05,520.2507687
85839771,2017-12-25T13:33:03.8,BUY,7.093e-05,100.0
85839774,2017-12-25T13:33:07.097,SELL,7.092e-05,353.47661485
85839775,2017-12-25T13:33:07.097,SELL,7.09e-05,58.38160684
85839776,2017-12-25T13:33:07.097,SELL,7.089e-05,59.96779499
85839777,2017-12-25T13:33:07.097,SELL,7.089e-05,946.63403735
85839780,2017-12-25T13:33:07.893,BUY,7.093e-05,100.0
85839781,2017-12-25T13:33:07.893,BUY,7.093e-05,15.0
85839782,2017-12-25T13:33:07.893,BUY,7.094e-05,350.83347442
85839784,2017-12-25T13:33:09.49,BUY,7.092e-05,100.0
85839785,2017-12-25T13:33:09.49,BUY,7.093e-05,1558.52795144
85839794,2017-12-25T13:33:12.537,BUY,7.093e-05,106.94681935
85839798,2017-12-25T13:33:12.863,BUY,7.093e-05,2790.7270458
85839809,2017-12-25T13:33:14.833,BUY,7.094e-05,1417.07982521
85839810,2017-12-25T13:33:14.833,BUY,7.094e-05,708.57633492
85839813,2017-12-25T13:33:16.723,SELL,7.093e-05,686.0
85839816,2017-12-25T13:33:17.867,SELL,7.093e-05,1058.67540516
85839817,2017-12-25T13:33:18.13,SELL,7.093e-05,200.0
85839818,2017-12-25T13:33:18.21,SELL,7.093e-05,340.98014
85839824,2017-12-25T13:33:21.867,BUY,7.094e-05,106.94681935
85839826,2017-12-25T13:33:23.21,SELL,7.093e-05,1379.17175593
85839827,2017-12-25T13:33:23.21,SELL,7.093e-05,448.74407197
85839828,2017-12-25T13:33:23.21,SELL,7.093e-05,2279.6721721
85839829,2017-12-25T13:33:23.32,SELL,7.093e-05,410.0
85839833,2017-12-25T13:33:23.773,BUY,7.094e-05,100.0
85839844,2017-12-25T13:33:25.51,BUY,7.094e-05,98.88998373
85839845,2017-12-25T13:33:25.51,BUY,7.094e-05,257.549
85839846,2017-12-25T13:33:25.51,BUY,7.094e-05,769.83139629
85839847,2017-12-25T13:33:25.51,BUY,7.094e-05,4000.0
85839848,2017-12-25T13:33:25.51,BUY,7.094e-05,151.94303449
85839849,2017-12-25T13:33:25.51,BUY,7.094e-05,17.28943739
85839861,2017-12-25T13:33:26.413,SELL,7.094e-05,560.83223622
85839863,2017-12-25T13:33:26.477,SELL,7.094e-05,374.12690515
85839883,2017-12-25T13:33:28.523,SELL,7.094e-05,50.0
85839891,2017-12-25T13:33:29.493,SELL,7.094e-05,58.01661101
85839894,2017-12-25T13:33:29.82,BUY,7.097e-05,27.66424731
85839899,2017-12-25T13:33:31.54,SELL,7.094e-05,200.0
85839907,2017-12-25T13:33:33.027,BUY,7.097e-05,50.151003
85839917,2017-12-25T13:33:36.557,SELL,7.094e-05,724.56930674
85839929,2017-12-25T13:33:39.683,SELL,7.094e-05,10991.206
85839930,2017-12-25T13:33:39.73,SELL,7.094e-05,522.18551103
85839931,2017-12-25T13:33:39.73,SELL,7.094e-05,152.27047012
85839932,2017-12-25T13:33:39.73,SELL,7.093e-05,2146.27212643
85839945,2017-12-25T13:33:40.65,BUY,7.097e-05,615.29274969
85839946,2017-12-25T13:33:40.65,BUY,7.097e-05,528.90513738
85839978,2017-12-25T13:33:49.733,BUY,7.098e-05,8.4537898
85839981,2017-12-25T13:33:52.89,SELL,7.097e-05,200.0
85839982,2017-12-25T13:33:54.297,SELL,7.097e-05,1415.0
85839996,2017-12-25T13:33:59.813,BUY,7.098e-05,11.14447488
85839997,2017-12-25T13:33:59.92,SELL,7.098e-05,86.0
85839998,2017-12-25T13:34:00.187,SELL,7.098e-05,43.74028139
85839999,2017-12-25T13:34:00.187,SELL,7.097e-05,15.35581441
85840000,2017-12-25T13:34:00.437,SELL,7.094e-05,70.48209755
85840001,2017-12-25T13:34:00.437,SELL,7.093e-05,4966.9650602
85840002,2017-12-25T13:34:01.22,SELL,7.093e-05,187.6757174
85840003,2017-12-25T13:34:01.22,SELL,7.093e-05,34.95556293
85840028,2017-12-25T13:34:05.97,SELL,7.093e-05,121.5381661
85840029,2017-12-25T13:34:05.97,SELL,7.093e-05,160.4618339
85840033,2017-12-25T13:34:07.44,BUY,7.097e-05,150.0
85840037,2017-12-25T13:34:08.893,BUY,7.097e-05,14290.9039042
85840038,2017-12-25T13:34:08.91,BUY,7.097e-05,285.96816795
85840039,2017-12-25T13:34:08.91,BUY,7.097e-05,3105.69077309
85840040,2017-12-25T13:34:08.91,BUY,7.097e-05,161.67191534
85840042,2017-12-25T13:34:10.22,SELL,7.097e-05,1000.0
85840048,2017-12-25T13:34:12.923,SELL,7.097e-05,200.0
85840053,2017-12-25T13:34:16.143,SELL,7.097e-05,995.76523942
85840054,2017-12-25T13:34:16.143,SELL,7.097e-05,1000.0
85840055,2017-12-25T13:34:16.143,SELL,7.093e-05,453.72738996
85840056,2017-12-25T13:34:16.143,SELL,7.093e-05,125.07147862
85840059,2017-12-25T13:34:17.363,BUY,7.097e-05,132.49068515
85840064,2017-12-25T13:34:20.707,BUY,7.097e-05,187.96262012
85840066,2017-12-25T13:34:21.863,BUY,7.096e-05,75.18341764
85840069,2017-12-25T13:34:22.363,BUY,7.096e-05,743.58958236
85840070,2017-12-25T13:34:22.363,BUY,7.097e-05,2666.56475562
85840078,2017-12-25T13:34:25.74,SELL,7.093e-05,816.769
85840080,2017-12-25T13:34:28.333,SELL,7.093e-05,811.416
85840084,2017-12-25T13:34:28.973,BUY,7.094e-05,816.769
85840085,2017-12-25T13:34:28.973,BUY,7.097e-05,579.88616979
85840086,2017-12-25T13:34:29.13,SELL,7.093e-05,811.416
85840092,2017-12-25T13:34:32.413,SELL,7.093e-05,106.0
85840093,2017-12-25T13:34:33.18,SELL,7.093e-05,181.759115
85840098,2017-12-25T13:34:33.977,SELL,7.093e-05,230.0
85840101,2017-12-25T13:34:34.15,BUY,7.097e-05,20040.0
85840103,2017-12-25T13:34:35.447,SELL,7.093e-05,4713.881945
85840105,2017-12-25T13:34:38.557,SELL,7.093e-05,438.0
85840107,2017-12-25T13:34:39.087,BUY,7.097e-05,15.45422535
85840108,2017-12-25T13:34:39.68,SELL,7.093e-05,417.53946251
85840110,2017-12-25T13:34:39.743,BUY,7.097e-05,53.557047
85840114,2017-12-25T13:34:43.54,SELL,7.093e-05,2000.0
85840118,2017-12-25T13:34:45.087,BUY,7.097e-05,60.71228864
85840121,2017-12-25T13:34:45.777,BUY,7.097e-05,1220.76954998
85840163,2017-12-25T13:35:00.077,BUY,7.097e-05,6062.603643
85840164,2017-12-25T13:35:00.077,BUY,7.097e-05,818.773
85840165,2017-12-25T13:35:00.077,BUY,7.097e-05,990.0
85840166,2017-12-25T13:35:00.077,BUY,7.098e-05,2000.0
85840167,2017-12-25T13:35:00.077,BUY,7.098e-05,500.0
85840168,2017-12-25T13:35:00.077,BUY,7.098e-05,137.08917868
85840169,2017-12-25T13:35:00.077,BUY,7.098e-05,818.455
85840170,2017-12-25T13:35:00.077,BUY,7.099e-05,950.99965365
85840171,2017-12-25T13:35:00.077,BUY,7.099e-05,89.54116638
85840172,2017-12-25T13:35:00.683,SELL,7.099e-05,101.9634308
85840189,2017-12-25T13:35:08.11,SELL,7.099e-05,25.48
85840192,2017-12-25T13:35:10.563,BUY,7.1e-05,70.40796616
85840193,2017-12-25T13:35:10.563,BUY,7.1e-05,62.61810784
85840194,2017-12-25T13:35:10.563,BUY,7.1e-05,50.0
85840195,2017-12-25T13:35:10.563,BUY,7.1e-05,4294.12475929
85840198,2017-12-25T13:35:12.813,SELL,7.099e-05,200.0
85840203,2017-12-25T13:35:14.017,BUY,7.1e-05,3.53450716
85840204,2017-12-25T13:35:14.017,BUY,7.1e-05,76.56524345
85840206,2017-12-25T13:35:14.063,BUY,7.1e-05,200.0
85840220,2017-12-25T13:35:19.923,BUY,7.1e-05,2238.26010407
85840222,2017-12-25T13:35:19.97,BUY,7.1e-05,66.25750682
85840233,2017-12-25T13:35:23.283,BUY,7.1e-05,1937.21995048
85840234,2017-12-25T13:35:23.283,BUY,7.1e-05,1000.0
85840235,2017-12-25T13:35:23.283,BUY,7.1e-05,13.1480379
85840238,2017-12-25T13:35:23.817,BUY,7.1e-05,53.01980677
85840247,2017-12-25T13:35:25.27,SELL,7.1e-05,50.0
85840266,2017-12-25T13:35:29.19,BUY,7.101e-05,140.84507042
