42420651,2017-12-20T08:08:34.43,BUY,5.13e-05,1949.31773879
42420654,2017-12-20T08:08:36.493,BUY,5.13e-05,832.45945419
42420660,2017-12-20T08:08:40.18,BUY,5.13e-05,505.1260737
42420669,2017-12-20T08:08:49.9,BUY,5.121e-05,50.90697393
42420670,2017-12-20T08:08:49.9,BUY,5.13e-05,32.7401667
42420682,2017-12-20T08:09:03.273,BUY,5.13e-05,58.47953216
42420684,2017-12-20T08:09:05.243,SELL,5.115e-05,108.88888889
42420685,2017-12-20T08:09:05.243,SELL,5.115e-05,288.43636006
42420696,2017-12-20T08:09:20.197,SELL,5.115e-05,24.31626017
42420697,2017-12-20T08:09:20.197,SELL,5.115e-05,195.01466276
42420698,2017-12-20T08:09:20.197,SELL,5.115e-05,39.00293255
42420707,2017-12-20T08:09:22.04,BUY,5.115e-05,19.55034213
42420716,2017-12-20T08:09:26.443,BUY,5.115e-05,318.98992516
42420717,2017-12-20T08:09:26.443,BUY,5.13e-05,760.35582244
42420719,2017-12-20T08:09:28.413,SELL,5.113e-05,298.91912576
42420721,2017-12-20T08:09:30.553,BUY,5.113e-05,3606.07673297
42420722,2017-12-20T08:09:30.553,BUY,5.13e-05,1032.92326703
42420742,2017-12-20T08:09:42.82,BUY,5.13e-05,500.0
42420747,2017-12-20T08:09:43.85,BUY,5.13e-05,4966.99816776
42420765,2017-12-20T08:09:55.99,SELL,5.116e-05,763.32799744
42420766,2017-12-20T08:09:55.99,SELL,5.116e-05,236.67200256
42420773,2017-12-20T08:10:04.21,BUY,5.13e-05,589.65517241
42420779,2017-12-20T08:10:10.82,BUY,5.13e-05,175.51319648
42420786,2017-12-20T08:10:16.913,BUY,5.13e-05,2433.2774302
42420790,2017-12-20T08:10:17.663,BUY,5.13e-05,200.0
42420794,2017-12-20T08:10:22.13,BUY,5.129e-05,29.23976608
42420799,2017-12-20T08:10:25.24,BUY,5.129e-05,10.76023392
42420800,2017-12-20T08:10:25.24,BUY,5.129e-05,1566.59579122
42420801,2017-12-20T08:10:28.1,SELL,5.12e-05,5000.0
42420806,2017-12-20T08:10:32.52,BUY,5.12e-05,58.0
42420809,2017-12-20T08:10:33.43,SELL,5.117e-05,5003.83631501
42420810,2017-12-20T08:10:33.43,SELL,5.116e-05,665.12257276
42420811,2017-12-20T08:10:33.43,SELL,5.115e-05,92.0
42420817,2017-12-20T08:10:35.77,BUY,5.115e-05,58.0
42420819,2017-12-20T08:10:35.867,BUY,5.115e-05,58.0
42420821,2017-12-20T08:10:36.083,BUY,5.115e-05,1038.44776465
42420823,2017-12-20T08:10:36.867,BUY,5.115e-05,75.01
42420825,2017-12-20T08:10:37.803,BUY,5.115e-05,16.6552792
42420827,2017-12-20T08:10:38.333,BUY,5.115e-05,11687.88146592
42420830,2017-12-20T08:10:39.52,BUY,5.115e-05,1305.04660246
42420841,2017-12-20T08:10:45.553,BUY,5.12e-05,58.0
42420847,2017-12-20T08:10:47.93,BUY,5.12e-05,58.0
42420849,2017-12-20T08:10:50.85,SELL,5.115e-05,1200.0
42420850,2017-12-20T08:10:51.443,SELL,5.115e-05,506.46577283
42420866,2017-12-20T08:10:58.07,BUY,5.12e-05,220.703125
42420872,2017-12-20T08:11:02.24,BUY,5.12e-05,120.43192799
42420874,2017-12-20T08:11:04.35,BUY,5.12e-05,19.53125
42420878,2017-12-20T08:11:06.333,SELL,5.115e-05,1988.48762471
42420879,2017-12-20T08:11:06.333,SELL,5.115e-05,58.0
42420880,2017-12-20T08:11:06.333,SELL,5.115e-05,58.0
42420881,2017-12-20T08:11:06.333,SELL,5.115e-05,1812.35162338
42420883,2017-12-20T08:11:07.57,BUY,5.115e-05,1396.84966129
42420888,2017-12-20T08:11:12.913,BUY,5.115e-05,58.0
42420890,2017-12-20T08:11:13.35,BUY,5.115e-05,58.0
42420895,2017-12-20T08:11:14.803,BUY,5.115e-05,58.0
42420897,2017-12-20T08:11:14.913,BUY,5.115e-05,986.09554252
42420898,2017-12-20T08:11:16.9,SELL,5.113e-05,276.81944613
42420900,2017-12-20T08:11:17.447,BUY,5.115e-05,29.296875
42420903,2017-12-20T08:11:18.053,BUY,5.115e-05,58.0
42420906,2017-12-20T08:11:18.54,BUY,5.115e-05,19.55034213
42420908,2017-12-20T08:11:19.633,BUY,5.115e-05,384.822239
42420910,2017-12-20T08:11:20.617,BUY,5.115e-05,58.0
42420912,2017-12-20T08:11:21.227,BUY,5.115e-05,58.0
42420915,2017-12-20T08:11:23.4,BUY,5.115e-05,58.0
42420917,2017-12-20T08:11:24.337,BUY,5.115e-05,58.0
42420919,2017-12-20T08:11:25.477,BUY,5.115e-05,58.65102639
42420922,2017-12-20T08:11:27.32,BUY,5.115e-05,58.0
42420927,2017-12-20T08:11:29.663,BUY,5.115e-05,58.0
42420933,2017-12-20T08:11:31.79,BUY,5.115e-05,58.0
42420937,2017-12-20T08:11:34.07,BUY,5.115e-05,58.0
42420940,2017-12-20T08:11:36.587,BUY,5.115e-05,58.0
42420947,2017-12-20T08:11:41.867,BUY,5.114e-05,58.0
42420949,2017-12-20T08:11:41.883,BUY,5.114e-05,58.0
42420953,2017-12-20T08:11:45.553,BUY,5.114e-05,19.74584555
42420957,2017-12-20T08:11:48.21,BUY,5.114e-05,1209.50434018
42420977,2017-12-20T08:11:59.443,BUY,5.114e-05,585.04398827
42420979,2017-12-20T08:12:01.6,SELL,5.113e-05,20.0
42420981,2017-12-20T08:12:02.507,BUY,5.114e-05,19.55416503
42420983,2017-12-20T08:12:03.29,BUY,5.114e-05,19.55416503
42420985,2017-12-20T08:12:04.43,BUY,5.114e-05,91.44779233
42420988,2017-12-20T08:12:05.523,BUY,5.114e-05,21.50958154
42420992,2017-12-20T08:12:06.523,BUY,5.114e-05,248.36840438
42420994,2017-12-20T08:12:06.68,BUY,5.114e-05,76.98056609
42420997,2017-12-20T08:12:07.507,BUY,5.114e-05,17.59874853
42421006,2017-12-20T08:12:12.79,SELL,5.113e-05,1489.4623443
42421007,2017-12-20T08:12:12.79,SELL,5.113e-05,92.29927333
42421008,2017-12-20T08:12:12.79,SELL,5.113e-05,107.83261784
42421009,2017-12-20T08:12:12.79,SELL,5.113e-05,989.15824071
42421010,2017-12-20T08:12:12.79,SELL,5.112e-05,3001.32640913
42421018,2017-12-20T08:12:23.663,BUY,5.114e-05,2116.11077897
42421031,2017-12-20T08:12:31.65,BUY,5.114e-05,458.5816241
42421032,2017-12-20T08:12:31.65,BUY,5.114e-05,111.28258982
42421034,2017-12-20T08:12:37.117,BUY,5.114e-05,369.71741018
42421035,2017-12-20T08:12:37.133,BUY,5.114e-05,29.35128191
42421036,2017-12-20T08:12:37.133,BUY,5.114e-05,698.01436099
42421048,2017-12-20T08:12:47.867,BUY,5.115e-05,96.223431
42421052,2017-12-20T08:12:49.6,BUY,5.115e-05,11774.18974557
42421065,2017-12-20T08:13:08.43,BUY,5.115e-05,97.75171065
42421073,2017-12-20T08:13:20.79,BUY,5.115e-05,485.73017836
42421075,2017-12-20T08:13:22.883,SELL,5.115e-05,364.93202244
42421088,2017-12-20T08:13:25.883,BUY,5.115e-05,50.0
42421094,2017-12-20T08:13:27.617,SELL,5.114e-05,20.11115435
42421100,2017-12-20T08:13:29.4,BUY,5.115e-05,42.79508703
42421103,2017-12-20T08:13:30.32,BUY,5.115e-05,195.57989439
42421105,2017-12-20T08:13:30.85,BUY,5.115e-05,38.81987577
42421107,2017-12-20T08:13:31.587,BUY,5.115e-05,74.08851627
42421114,2017-12-20T08:13:36.93,BUY,5.115e-05,19.55798944
42421119,2017-12-20T08:13:46.507,SELL,5.114e-05,2012.07232708
42421120,2017-12-20T08:13:46.507,SELL,5.112e-05,717.54617088
42421121,2017-12-20T08:13:46.507,SELL,5.112e-05,4481.53994929
42421122,2017-12-20T08:13:46.507,SELL,5.112e-05,100.0
42421123,2017-12-20T08:13:46.507,SELL,5.111e-05,12.99376299
42421124,2017-12-20T08:13:46.507,SELL,5.11e-05,217.36502416
42421125,2017-12-20T08:13:46.507,SELL,5.108e-05,1957.71339076
42421131,2017-12-20T08:13:58.04,BUY,5.108e-05,41.68023992
42421145,2017-12-20T08:14:04.21,SELL,5.106e-05,196.28857561
42421146,2017-12-20T08:14:04.21,SELL,5.106e-05,700.0
42421154,2017-12-20T08:14:06.913,BUY,5.106e-05,2268.3687848
42421155,2017-12-20T08:14:06.913,BUY,5.108e-05,291.11124484
42421162,2017-12-20T08:14:09.053,BUY,5.114e-05,20.12944857
42421168,2017-12-20T08:14:10.74,SELL,5.112e-05,188.21131019
42421173,2017-12-20T08:14:16.71,SELL,5.112e-05,205.01335929
42421184,2017-12-20T08:14:23.477,BUY,5.114e-05,141.75258399
42421187,2017-12-20T08:14:24.897,BUY,5.114e-05,17.55475166
42421189,2017-12-20T08:14:25.553,BUY,5.114e-05,127.10207274
42421193,2017-12-20T08:14:28.74,BUY,5.114e-05,66.60298676
42421195,2017-12-20T08:14:40.943,SELL,5.112e-05,6109.59389974
42421196,2017-12-20T08:14:40.943,SELL,5.112e-05,72.59453087
42421205,2017-12-20T08:14:50.897,BUY,5.11e-05,48.88541259
42421208,2017-12-20T08:14:55.93,BUY,5.11e-05,97.77082518
42421226,2017-12-20T08:15:06.07,BUY,5.11e-05,4461.27274845
42421227,2017-12-20T08:15:06.07,BUY,5.114e-05,133.29885029
42421241,2017-12-20T08:15:21.07,BUY,5.11e-05,79.13316
42421248,2017-12-20T08:15:27.647,BUY,5.11e-05,663.35002359
42421249,2017-12-20T08:15:27.647,BUY,5.11e-05,300.0
42421250,2017-12-20T08:15:27.647,BUY,5.113e-05,50.0
42421251,2017-12-20T08:15:27.647,BUY,5.114e-05,3490.14466167
42421258,2017-12-20T08:15:35.883,SELL,5.111e-05,30.13323599
42421259,2017-12-20T08:15:35.883,SELL,5.11e-05,27.86676401
42421266,2017-12-20T08:15:40.337,BUY,5.113e-05,50.0
42421267,2017-12-20T08:15:40.337,BUY,5.114e-05,1459.45117325
42421270,2017-12-20T08:15:42.117,BUY,5.114e-05,4888.54125928
42421274,2017-12-20T08:15:43.383,BUY,5.114e-05,729.50377283
42421279,2017-12-20T08:15:49.163,BUY,5.114e-05,5833.33333333
42421282,2017-12-20T08:15:50.04,BUY,5.114e-05,51.57345198
42421288,2017-12-20T08:15:56.633,BUY,5.114e-05,2000.0
42421291,2017-12-20T08:15:56.96,BUY,5.114e-05,14.6798685
42421295,2017-12-20T08:16:00.227,BUY,5.114e-05,369.00202808
42421298,2017-12-20T08:16:04.337,BUY,5.114e-05,657.32975707
42421299,2017-12-20T08:16:04.337,BUY,5.114e-05,100.0
42421300,2017-12-20T08:16:04.337,BUY,5.114e-05,45.17588614
42421301,2017-12-20T08:16:04.337,BUY,5.114e-05,16.0
42421313,2017-12-20T08:16:12.477,SELL,5.114e-05,1323.0
42421315,2017-12-20T08:16:13.697,SELL,5.114e-05,98.01525225
42421317,2017-12-20T08:16:14.553,BUY,5.127e-05,587.68369059
42421319,2017-12-20T08:16:15.617,BUY,5.127e-05,412.31630941
42421320,2017-12-20T08:16:15.617,BUY,5.129e-05,1129.42465794
42421321,2017-12-20T08:16:15.617,BUY,5.142e-05,240.56761665
42421327,2017-12-20T08:16:17.43,SELL,5.15e-05,160.0
42421332,2017-12-20T08:16:20.007,SELL,5.15e-05,8.21937846
42421346,2017-12-20T08:16:26.413,BUY,5.127e-05,111.8214355
42421353,2017-12-20T08:16:30.053,SELL,5.115e-05,1910.0
42421354,2017-12-20T08:16:30.053,SELL,5.114e-05,90.0
42421358,2017-12-20T08:16:31.46,BUY,5.161e-05,58.42729607
42421363,2017-12-20T08:16:32.867,BUY,5.127e-05,960.77430419
42421364,2017-12-20T08:16:32.867,BUY,5.159e-05,162.42583028
42421372,2017-12-20T08:16:37.35,SELL,5.114e-05,5570.06878434
42421373,2017-12-20T08:16:37.35,SELL,5.114e-05,103.60170757
42421374,2017-12-20T08:16:37.35,SELL,5.114e-05,219.57913195
42421375,2017-12-20T08:16:37.35,SELL,5.114e-05,15.0
42421376,2017-12-20T08:16:37.35,SELL,5.114e-05,97.77082518
42421377,2017-12-20T08:16:37.35,SELL,5.114e-05,58.51583887
42421378,2017-12-20T08:16:37.35,SELL,5.114e-05,3496.41842041
42421386,2017-12-20T08:16:39.803,BUY,5.115e-05,514.57612079
42421390,2017-12-20T08:16:40.29,BUY,5.115e-05,108.18960548
42421396,2017-12-20T08:16:42.023,BUY,5.115e-05,15.60366686
42421400,2017-12-20T08:16:44.587,SELL,5.114e-05,651.06198327
42421401,2017-12-20T08:16:44.587,SELL,5.114e-05,25.35541642
42421402,2017-12-20T08:16:44.587,SELL,5.114e-05,44.59754017
42421403,2017-12-20T08:16:44.587,SELL,5.114e-05,364.5922347
42421408,2017-12-20T08:16:47.24,SELL,5.11e-05,3016.42137796
42421409,2017-12-20T08:16:47.24,SELL,5.11e-05,97.52639812
42421410,2017-12-20T08:16:47.24,SELL,5.11e-05,1094.21291855
42421414,2017-12-20T08:16:53.663,BUY,5.114e-05,1038.89885
42421416,2017-12-20T08:16:54.07,BUY,5.114e-05,58.42729607
42421421,2017-12-20T08:16:56.507,BUY,5.114e-05,100.0
42421430,2017-12-20T08:17:00.523,BUY,5.114e-05,7278.02138769
42421431,2017-12-20T08:17:00.523,BUY,5.115e-05,14108.12676231
42421433,2017-12-20T08:17:00.71,BUY,5.115e-05,3899.627919
42421450,2017-12-20T08:17:15.303,SELL,5.11e-05,1303.60341739
42421454,2017-12-20T08:17:22.397,BUY,5.114e-05,743.90666602
42421456,2017-12-20T08:17:23.647,BUY,5.114e-05,16.89049668
42421458,2017-12-20T08:17:24.367,SELL,5.11e-05,104.28379533
42421459,2017-12-20T08:17:24.367,SELL,5.11e-05,890.44375362
42421460,2017-12-20T08:17:24.367,SELL,5.11e-05,51.0
42421464,2017-12-20T08:17:28.553,BUY,5.11e-05,1000.0
42421465,2017-12-20T08:17:34.1,SELL,5.104e-05,43.2313
42421466,2017-12-20T08:17:34.1,SELL,5.104e-05,575.5334615
42421469,2017-12-20T08:17:37.02,BUY,5.104e-05,493.89558429
42421470,2017-12-20T08:17:37.02,BUY,5.11e-05,954.27245105
42421471,2017-12-20T08:17:37.02,BUY,5.11e-05,75.27725255
42421472,2017-12-20T08:17:37.02,BUY,5.11e-05,2620.06162571
42421473,2017-12-20T08:17:37.02,BUY,5.114e-05,4940.98729608
42421484,2017-12-20T08:17:43.443,BUY,5.114e-05,258.214731
42421494,2017-12-20T08:17:53.27,BUY,5.114e-05,2015.0
42421496,2017-12-20T08:17:55.99,BUY,5.114e-05,100.0
42421498,2017-12-20T08:17:57.16,BUY,5.114e-05,88.80189228
42421500,2017-12-20T08:17:59.617,SELL,5.104e-05,55.49922708
42421501,2017-12-20T08:17:59.617,SELL,5.101e-05,58.66496765
42421502,2017-12-20T08:17:59.617,SELL,5.101e-05,100.0
42421503,2017-12-20T08:17:59.617,SELL,5.101e-05,275.24057979
42421504,2017-12-20T08:17:59.617,SELL,5.101e-05,328.30744155
42421505,2017-12-20T08:17:59.617,SELL,5.101e-05,8743.24249225
42421508,2017-12-20T08:18:03.85,SELL,5.101e-05,9560.95470832
42421509,2017-12-20T08:18:04.38,SELL,5.101e-05,14.27498765
42421512,2017-12-20T08:18:05.88,BUY,5.114e-05,100.0
42421516,2017-12-20T08:18:07.833,BUY,5.114e-05,106.13224487
42421517,2017-12-20T08:18:08.913,SELL,5.101e-05,6455.36135177
42421518,2017-12-20T08:18:08.913,SELL,5.101e-05,3105.59335655
42421520,2017-12-20T08:18:09.68,BUY,5.114e-05,379.23422351
42421523,2017-12-20T08:18:11.96,BUY,5.114e-05,100.0
42421527,2017-12-20T08:18:14.37,BUY,5.114e-05,711.78715788
42421528,2017-12-20T08:18:14.37,BUY,5.114e-05,488.21284212
42421529,2017-12-20T08:18:15.853,SELL,5.112e-05,9320.39053383
42421530,2017-12-20T08:18:15.853,SELL,5.101e-05,240.56417449
42421532,2017-12-20T08:18:16.383,BUY,5.114e-05,100.0
42421538,2017-12-20T08:18:28.227,BUY,5.114e-05,622.10184897
42421539,2017-12-20T08:18:28.227,BUY,5.114e-05,197.89815103
42421540,2017-12-20T08:18:28.273,SELL,5.101e-05,99.25373134
42421542,2017-12-20T08:18:29.273,BUY,5.114e-05,149.49411432
42421543,2017-12-20T08:18:29.68,SELL,5.101e-05,319.41511743
42421544,2017-12-20T08:18:29.68,SELL,5.101e-05,1899.32089986
42421545,2017-12-20T08:18:29.68,SELL,5.1e-05,100.22069703
42421546,2017-12-20T08:18:29.68,SELL,5.1e-05,200.46992206
42421547,2017-12-20T08:18:29.68,SELL,5.1e-05,1200.0
42421548,2017-12-20T08:18:29.68,SELL,5.1e-05,18.00101764
42421549,2017-12-20T08:18:29.68,SELL,5.1e-05,2000.0
42421550,2017-12-20T08:18:29.68,SELL,5.1e-05,500.0
42421551,2017-12-20T08:18:29.68,SELL,5.1e-05,987.41840441
42421552,2017-12-20T08:18:29.68,SELL,5.1e-05,50.0
42421553,2017-12-20T08:18:29.68,SELL,5.1e-05,2286.10864989
42421555,2017-12-20T08:18:30.807,BUY,5.101e-05,260.0
42421556,2017-12-20T08:18:30.807,BUY,5.114e-05,971.39199322
42421560,2017-12-20T08:18:34.337,SELL,5.1e-05,647.71487952
42421561,2017-12-20T08:18:34.337,SELL,5.1e-05,101.62652193
42421562,2017-12-20T08:18:34.337,SELL,5.1e-05,5476.47058824
42421563,2017-12-20T08:18:34.337,SELL,5.1e-05,3335.14271863
42421578,2017-12-20T08:18:49.51,BUY,5.114e-05,2450.0
42421580,2017-12-20T08:18:49.993,BUY,5.114e-05,100.0
42421584,2017-12-20T08:18:53.1,BUY,5.114e-05,3038.46270128
42421589,2017-12-20T08:18:55.68,BUY,5.114e-05,250.0
42421597,2017-12-20T08:18:59.15,BUY,5.114e-05,100.0
42421599,2017-12-20T08:19:00.15,SELL,5.104e-05,20.0
42421600,2017-12-20T08:19:00.15,SELL,5.101e-05,9540.95470832
42421602,2017-12-20T08:19:01.133,BUY,5.114e-05,22.17864995
42421606,2017-12-20T08:19:04.757,BUY,5.114e-05,100.0
42421609,2017-12-20T08:19:05.82,BUY,5.114e-05,97.52639812
42421610,2017-12-20T08:19:05.96,SELL,5.101e-05,3738.44229168
42421611,2017-12-20T08:19:05.96,SELL,5.1e-05,2787.43080079
42421612,2017-12-20T08:19:05.977,SELL,5.1e-05,924.62030294
42421616,2017-12-20T08:19:06.367,BUY,5.1e-05,2010.461313
42421619,2017-12-20T08:19:07.04,BUY,5.1e-05,99.99999991
42421620,2017-12-20T08:19:07.04,BUY,5.114e-05,1564.61909841
42421621,2017-12-20T08:19:07.04,BUY,5.115e-05,452.91593235
42421627,2017-12-20T08:19:08.54,BUY,5.115e-05,100.0
42421632,2017-12-20T08:19:11.007,BUY,5.115e-05,185.4516717
42421649,2017-12-20T08:19:16.15,BUY,5.1e-05,72.96944613
42421656,2017-12-20T08:19:28.85,BUY,5.1e-05,22.83075874
42421657,2017-12-20T08:19:28.85,BUY,5.1e-05,438.85189736
42421660,2017-12-20T08:19:29.71,BUY,5.1e-05,39.21568627
42421662,2017-12-20T08:19:29.74,BUY,5.1e-05,19.60784313
42421670,2017-12-20T08:19:35.07,BUY,5.1e-05,2280.98726
42421672,2017-12-20T08:19:35.273,BUY,5.1e-05,188.62901029
42421676,2017-12-20T08:19:38.46,BUY,5.1e-05,100.0
42421679,2017-12-20T08:19:42.383,BUY,5.1e-05,3709.36804411
42421683,2017-12-20T08:19:43.99,BUY,5.1e-05,100.0
42421691,2017-12-20T08:19:51.6,BUY,5.099e-05,50.0
42421692,2017-12-20T08:19:51.6,BUY,5.1e-05,2684.29496716
42421693,2017-12-20T08:19:51.6,BUY,5.1e-05,50.0
42421694,2017-12-20T08:19:51.6,BUY,5.1e-05,100.0
42421695,2017-12-20T08:19:51.71,SELL,5.1e-05,50.0
42421704,2017-12-20T08:19:56.117,BUY,5.114e-05,50.0
42421705,2017-12-20T08:19:56.117,BUY,5.115e-05,205.581486
42421707,2017-12-20T08:19:56.413,SELL,5.1e-05,300.0
42421720,2017-12-20T08:19:58.693,SELL,5.1e-05,460.0
42421722,2017-12-20T08:19:59.35,BUY,5.115e-05,4273.1462
42421725,2017-12-20T08:19:59.773,SELL,5.1e-05,1305.70503284
42421736,2017-12-20T08:20:04.477,BUY,5.1e-05,100.0
42421740,2017-12-20T08:20:05.35,BUY,5.1e-05,809.318241
42421742,2017-12-20T08:20:05.367,BUY,5.1e-05,5000.0
42421745,2017-12-20T08:20:06.13,BUY,5.1e-05,2345.93143448
42421758,2017-12-20T08:20:08.943,BUY,5.114e-05,55.0
42421759,2017-12-20T08:20:08.943,BUY,5.115e-05,754.31824
42421766,2017-12-20T08:20:12.38,BUY,5.115e-05,3.4e-07
42421770,2017-12-20T08:20:13.443,SELL,5.115e-05,18.25786867
42421771,2017-12-20T08:20:13.443,SELL,5.1e-05,9149.62457745
42421772,2017-12-20T08:20:13.443,SELL,5.1e-05,393.0722622
42421788,2017-12-20T08:20:19.727,SELL,5.116e-05,7280.324
42421789,2017-12-20T08:20:19.727,SELL,5.101e-05,2280.63070832
42421795,2017-12-20T08:20:23.083,SELL,5.101e-05,3792.12564819
42421796,2017-12-20T08:20:23.083,SELL,5.101e-05,24.78697103
42421797,2017-12-20T08:20:23.083,SELL,5.1e-05,2002.19392694
42421798,2017-12-20T08:20:23.083,SELL,5.1e-05,58.0
42421799,2017-12-20T08:20:23.083,SELL,5.1e-05,58.0
42421801,2017-12-20T08:20:24.537,BUY,5.1e-05,1310.821049
42421806,2017-12-20T08:20:25.6,BUY,5.1e-05,58.0
42421808,2017-12-20T08:20:25.6,BUY,5.1e-05,2257.02711316
42421817,2017-12-20T08:20:31.21,SELL,5.1e-05,1312.50868684
42421818,2017-12-20T08:20:31.21,SELL,5.1e-05,58.0
42421821,2017-12-20T08:20:32.99,BUY,5.1e-05,2242.15247
42421826,2017-12-20T08:20:35.287,BUY,5.1e-05,688.82616986
42421829,2017-12-20T08:20:36.927,BUY,5.1e-05,4079.4118
42421832,2017-12-20T08:20:38.677,BUY,5.1e-05,1180.05558162
42421833,2017-12-20T08:20:38.677,BUY,5.137e-05,55.0
42421834,2017-12-20T08:20:38.677,BUY,5.138e-05,93.67770083
42421835,2017-12-20T08:20:38.677,BUY,5.154e-05,55.0
42421836,2017-12-20T08:20:38.677,BUY,5.154e-05,55.0
42421837,2017-12-20T08:20:38.677,BUY,5.155e-05,25.35541642
42421838,2017-12-20T08:20:38.677,BUY,5.156e-05,77.0
42421839,2017-12-20T08:20:38.677,BUY,5.156e-05,1000.0
42421840,2017-12-20T08:20:38.677,BUY,5.156e-05,1494.01600113
42421843,2017-12-20T08:20:42.21,SELL,5.098e-05,35.5709595
42421844,2017-12-20T08:20:42.21,SELL,5.098e-05,232.07660653
42421849,2017-12-20T08:20:45.71,SELL,5.1e-05,5000.0
42421852,2017-12-20T08:20:47.13,BUY,5.1e-05,1013.845563
42421859,2017-12-20T08:20:50.833,BUY,5.1e-05,3547.10914532
42421863,2017-12-20T08:20:51.257,BUY,5.158e-05,112.84941883
42421864,2017-12-20T08:20:51.257,BUY,5.159e-05,887.15058117
42421884,2017-12-20T08:20:59.52,SELL,5.142e-05,87.77570613
42421885,2017-12-20T08:20:59.52,SELL,5.101e-05,6129.627
42421886,2017-12-20T08:20:59.52,SELL,5.1e-05,1452.89085468
42421887,2017-12-20T08:20:59.52,SELL,5.1e-05,1890.66114751
42421890,2017-12-20T08:21:04.77,SELL,5.1e-05,678.05764374
42421891,2017-12-20T08:21:04.77,SELL,5.1e-05,224.7576065
42421897,2017-12-20T08:21:08.787,BUY,5.154e-05,300.0
42421905,2017-12-20T08:21:11.287,BUY,5.154e-05,1016.79654559
42421939,2017-12-20T08:21:35.817,BUY,5.151e-05,374.01892836
42421965,2017-12-20T08:21:56.693,BUY,5.15e-05,23.33406377
42421988,2017-12-20T08:22:16.677,BUY,5.14e-05,33.0
42421989,2017-12-20T08:22:16.677,BUY,5.141e-05,167.28898627
42422005,2017-12-20T08:22:34.893,SELL,5.11e-05,56.83777582
42422015,2017-12-20T08:22:43.067,BUY,5.14e-05,82.72640497
42422031,2017-12-20T08:22:51.94,SELL,5.116e-05,800.0
42422039,2017-12-20T08:23:00.067,SELL,5.117e-05,26.09302607
42422053,2017-12-20T08:23:05.457,BUY,5.138e-05,50.0
42422054,2017-12-20T08:23:05.457,BUY,5.139e-05,1276.93012281
42422055,2017-12-20T08:23:05.457,BUY,5.14e-05,5587.71867819
42422061,2017-12-20T08:23:10.317,SELL,5.117e-05,46.03152318
42422063,2017-12-20T08:23:12.08,BUY,5.132e-05,1000.0
42422064,2017-12-20T08:23:12.08,BUY,5.14e-05,732.03550583
42422073,2017-12-20T08:23:16.643,SELL,5.117e-05,62.52869588
42422078,2017-12-20T08:23:20.097,BUY,5.117e-05,80.0
42422080,2017-12-20T08:23:20.44,BUY,5.117e-05,2302.95355935
42422081,2017-12-20T08:23:20.44,BUY,5.139e-05,50.0
42422082,2017-12-20T08:23:20.44,BUY,5.14e-05,3665.88239165
42422088,2017-12-20T08:23:21.69,SELL,5.118e-05,16391.71964335
42422089,2017-12-20T08:23:21.91,SELL,5.118e-05,363.41357772
42422093,2017-12-20T08:23:22.8,BUY,5.14e-05,19.45525291
42422099,2017-12-20T08:23:24.33,BUY,5.14e-05,1332.12037696
42422112,2017-12-20T08:23:30.237,SELL,5.119e-05,611.02603902
42422130,2017-12-20T08:23:39.44,BUY,5.132e-05,77.87341777
42422136,2017-12-20T08:23:43.16,BUY,5.132e-05,1284.667667
42422139,2017-12-20T08:23:44.127,BUY,5.132e-05,1.4e-07
42422150,2017-12-20T08:23:51.3,SELL,5.132e-05,100.0
42422152,2017-12-20T08:23:51.377,SELL,5.132e-05,16.0
42422161,2017-12-20T08:23:54.347,SELL,5.132e-05,50.0
42422171,2017-12-20T08:23:58.783,BUY,5.14e-05,10269.10214
42422175,2017-12-20T08:24:01.94,SELL,5.132e-05,321.13951661
42422176,2017-12-20T08:24:01.94,SELL,5.132e-05,445.82406027
42422177,2017-12-20T08:24:01.94,SELL,5.119e-05,730.14474947
42422178,2017-12-20T08:24:01.94,SELL,5.119e-05,3045.86278004
42422179,2017-12-20T08:24:01.94,SELL,5.119e-05,1283.03578775
42422180,2017-12-20T08:24:01.94,SELL,5.119e-05,1948.62277789
42422181,2017-12-20T08:24:01.94,SELL,5.119e-05,62.52869588
42422182,2017-12-20T08:24:01.94,SELL,5.117e-05,2162.84163209
42422192,2017-12-20T08:24:12.597,BUY,5.132e-05,1000.0
42422204,2017-12-20T08:24:25.25,BUY,5.132e-05,1500.0
42422205,2017-12-20T08:24:25.25,BUY,5.132e-05,250.0
42422206,2017-12-20T08:24:25.25,BUY,5.14e-05,1814.050546
42422214,2017-12-20T08:24:30.5,SELL,5.132e-05,58.0
42422218,2017-12-20T08:24:34.407,BUY,5.132e-05,185.14294335
42422241,2017-12-20T08:24:47.27,BUY,5.132e-05,3.72614202
42422242,2017-12-20T08:24:48.753,SELL,5.132e-05,17.70799698
42422244,2017-12-20T08:24:49.47,BUY,5.132e-05,85.101927
42422248,2017-12-20T08:24:53.003,BUY,5.132e-05,84.69007602
42422252,2017-12-20T08:24:53.533,BUY,5.14e-05,252.391027
42422273,2017-12-20T08:25:06.893,BUY,5.14e-05,194.55252918
42422294,2017-12-20T08:25:17.74,BUY,5.139e-05,694.840069
42422317,2017-12-20T08:25:33.27,SELL,5.132e-05,600.0
42422325,2017-12-20T08:25:39.1,BUY,5.139e-05,500.0
42422359,2017-12-20T08:25:59.867,BUY,5.139e-05,155.82386984
42422360,2017-12-20T08:25:59.867,BUY,5.139e-05,562.5
42422361,2017-12-20T08:25:59.867,BUY,5.139e-05,82.42625661
42422362,2017-12-20T08:25:59.867,BUY,5.14e-05,15342.57413545
42422363,2017-12-20T08:25:59.867,BUY,5.14e-05,50.0
42422364,2017-12-20T08:25:59.867,BUY,5.142e-05,3334.0124371
42422372,2017-12-20T08:26:04.63,SELL,5.117e-05,105.143625
42422376,2017-12-20T08:26:08.85,BUY,5.139e-05,100.0
42422377,2017-12-20T08:26:08.85,BUY,5.142e-05,52.71797169
42422386,2017-12-20T08:26:12.617,BUY,5.141e-05,150.0
42422387,2017-12-20T08:26:12.617,BUY,5.142e-05,351.50100299
42422400,2017-12-20T08:26:21.617,SELL,5.139e-05,20.12944857
42422405,2017-12-20T08:26:23.52,BUY,5.142e-05,82.73138608
42422427,2017-12-20T08:26:33.57,BUY,5.142e-05,4912.6958
42422433,2017-12-20T08:26:38.85,BUY,5.142e-05,41.36622866
42422441,2017-12-20T08:26:45.367,BUY,5.142e-05,500.0
42422445,2017-12-20T08:26:46.787,BUY,5.142e-05,3416.62392503
42422450,2017-12-20T08:26:49.927,BUY,5.142e-05,5390.57907374
42422451,2017-12-20T08:26:49.927,BUY,5.142e-05,3432.55652126
42422453,2017-12-20T08:26:52.257,SELL,5.132e-05,50.0
42422461,2017-12-20T08:26:57.897,BUY,5.142e-05,1819.88863986
42422462,2017-12-20T08:26:57.897,BUY,5.142e-05,97.19984126
42422463,2017-12-20T08:26:57.897,BUY,5.149e-05,77.0
42422464,2017-12-20T08:26:57.897,BUY,5.15e-05,66.0
42422465,2017-12-20T08:26:57.897,BUY,5.15e-05,19.48242188
42422466,2017-12-20T08:26:57.91,BUY,5.15e-05,225.81721316
42422467,2017-12-20T08:26:57.91,BUY,5.151e-05,363.56553801
42422500,2017-12-20T08:27:35.973,SELL,5.139e-05,15.0
42422501,2017-12-20T08:27:35.973,SELL,5.132e-05,185.0
42422503,2017-12-20T08:27:36.723,BUY,5.151e-05,195.61153416
42422513,2017-12-20T08:27:48.91,SELL,5.142e-05,197.94652275
42422517,2017-12-20T08:27:58.317,SELL,5.132e-05,152.0
42422519,2017-12-20T08:28:00.597,BUY,5.142e-05,13.0312759
42422523,2017-12-20T08:28:05.24,BUY,5.142e-05,1384.45264671
42422525,2017-12-20T08:28:06.91,BUY,5.142e-05,28.33854434
42422529,2017-12-20T08:28:08.537,BUY,5.142e-05,33.94875776
42422530,2017-12-20T08:28:08.537,BUY,5.142e-05,149.04536281
42422547,2017-12-20T08:28:21.55,SELL,5.142e-05,970.49614612
42422558,2017-12-20T08:28:39.643,SELL,5.142e-05,46.71160755
42422578,2017-12-20T08:28:56.363,BUY,5.151e-05,188.66993372
42422579,2017-12-20T08:28:56.363,BUY,5.151e-05,110.30113985
42422583,2017-12-20T08:29:04.52,BUY,5.151e-05,100.0
42422585,2017-12-20T08:29:07.033,BUY,5.151e-05,38.82741215
42422587,2017-12-20T08:29:09.47,BUY,5.151e-05,63.34711658
42422589,2017-12-20T08:29:24.533,SELL,5.144e-05,140.0
42422590,2017-12-20T08:29:24.533,SELL,5.142e-05,299.79812576
42422591,2017-12-20T08:29:24.533,SELL,5.132e-05,473.0
42422592,2017-12-20T08:29:24.533,SELL,5.132e-05,1164.55343238
42422603,2017-12-20T08:29:37.813,BUY,5.15e-05,40.0
42422607,2017-12-20T08:29:40.207,BUY,5.15e-05,10.0
42422608,2017-12-20T08:29:40.207,BUY,5.151e-05,169.77008037
42422614,2017-12-20T08:29:41.517,SELL,5.135e-05,102.0
42422652,2017-12-20T08:30:04.767,BUY,5.151e-05,22.18242161
42422653,2017-12-20T08:30:04.767,BUY,5.151e-05,14.31516166
42422654,2017-12-20T08:30:04.767,BUY,5.151e-05,0.38845827
42422675,2017-12-20T08:30:20.597,BUY,5.144e-05,23.07335076
42422683,2017-12-20T08:30:26.91,SELL,5.144e-05,722.44951385
42422684,2017-12-20T08:30:26.91,SELL,5.138e-05,389.24923365
42422686,2017-12-20T08:30:27.847,BUY,5.138e-05,2326.596518
42422692,2017-12-20T08:30:31.177,BUY,5.138e-05,1156.276333
42422699,2017-12-20T08:30:32.913,BUY,5.138e-05,2.4e-07
42422714,2017-12-20T08:30:41.303,BUY,5.144e-05,10010.442618
42422725,2017-12-20T08:30:46.147,BUY,5.144e-05,477.0
42422727,2017-12-20T08:30:47.6,SELL,5.14e-05,1000.0
42422740,2017-12-20T08:30:53.02,BUY,5.14e-05,70.68466183
42422743,2017-12-20T08:30:53.397,BUY,5.14e-05,2262.6486715
42422764,2017-12-20T08:31:00.723,SELL,5.14e-05,2500.0
42422770,2017-12-20T08:31:01.677,BUY,5.144e-05,12530.46294372
42422781,2017-12-20T08:31:08.037,BUY,5.144e-05,359.371664
42422806,2017-12-20T08:31:21.35,BUY,5.143e-05,1000.4064324
42422807,2017-12-20T08:31:21.35,BUY,5.144e-05,499.5935676
42422823,2017-12-20T08:31:31.087,BUY,5.144e-05,2330.031472
42422824,2017-12-20T08:31:35.053,SELL,5.14e-05,237.3513285
42422825,2017-12-20T08:31:35.053,SELL,5.14e-05,14.53283755
42422826,2017-12-20T08:31:35.053,SELL,5.14e-05,48.11583395
42422828,2017-12-20T08:31:35.13,BUY,5.143e-05,158.18867345
42422829,2017-12-20T08:31:35.13,BUY,5.144e-05,690.72636399
42422832,2017-12-20T08:31:39.367,BUY,5.144e-05,15000.0
42422848,2017-12-20T08:31:52.6,BUY,5.144e-05,304.02155089
42422852,2017-12-20T08:31:57.757,BUY,5.144e-05,50.05
42422867,2017-12-20T08:32:17.413,BUY,5.144e-05,934.66062681
42422871,2017-12-20T08:32:20.13,BUY,5.144e-05,109.55687549
42422873,2017-12-20T08:32:21.663,BUY,5.144e-05,369.52928111
42422878,2017-12-20T08:32:26.1,BUY,5.144e-05,126.02648474
42422903,2017-12-20T08:32:37.68,BUY,5.144e-05,3044.70702469
42422908,2017-12-20T08:32:41.757,SELL,5.143e-05,194.43904335
42422909,2017-12-20T08:32:41.757,SELL,5.143e-05,406.03451818
42422913,2017-12-20T08:32:45.57,SELL,5.143e-05,593.96548182
42422914,2017-12-20T08:32:45.57,SELL,5.14e-05,97.88416605
42422915,2017-12-20T08:32:45.57,SELL,5.14e-05,46.50669047
42422933,2017-12-20T08:32:54.553,BUY,5.14e-05,3061.64366166
42422934,2017-12-20T08:32:54.553,BUY,5.144e-05,3663.81952696
42422935,2017-12-20T08:32:54.553,BUY,5.144e-05,3274.53681138
42422939,2017-12-20T08:32:56.287,BUY,5.144e-05,218.31607861
42422940,2017-12-20T08:32:56.287,BUY,5.144e-05,691.68392139
42422946,2017-12-20T08:32:58.867,SELL,5.143e-05,38.36538462
42422949,2017-12-20T08:33:01.663,SELL,5.143e-05,161.63461538
42422950,2017-12-20T08:33:01.663,SELL,5.143e-05,85.15538462
42422952,2017-12-20T08:33:02.037,BUY,5.144e-05,1958.53326934
42422955,2017-12-20T08:33:03.553,SELL,5.143e-05,200.0
42422965,2017-12-20T08:33:09.24,BUY,5.144e-05,100.301003
42422969,2017-12-20T08:33:10.287,SELL,5.143e-05,3.18670171
42422970,2017-12-20T08:33:10.287,SELL,5.143e-05,16.81329829
42422978,2017-12-20T08:33:13.863,BUY,5.144e-05,250.0
42422985,2017-12-20T08:33:15.647,BUY,5.144e-05,16.57498152
42422999,2017-12-20T08:33:21.927,SELL,5.143e-05,251.72205203
42423000,2017-12-20T08:33:21.927,SELL,5.143e-05,100.0
42423001,2017-12-20T08:33:21.927,SELL,5.143e-05,1397.85535189
42423003,2017-12-20T08:33:23.52,SELL,5.139e-05,91.25932482
42423004,2017-12-20T08:33:23.553,SELL,5.139e-05,18.19313169
42423005,2017-12-20T08:33:23.553,SELL,5.138e-05,71.44575306
42423006,2017-12-20T08:33:23.553,SELL,5.136e-05,20.0
42423007,2017-12-20T08:33:23.553,SELL,5.136e-05,76.58192437
42423014,2017-12-20T08:33:24.677,BUY,5.143e-05,567.0
42423029,2017-12-20T08:33:35.927,BUY,5.143e-05,13.93792975
42423045,2017-12-20T08:33:48.537,BUY,5.143e-05,15.63970445
42423067,2017-12-20T08:34:15.473,SELL,5.136e-05,200.0
42423070,2017-12-20T08:34:17.863,BUY,5.143e-05,20.0
42423079,2017-12-20T08:34:21.99,BUY,5.143e-05,100.01319415
42423082,2017-12-20T08:34:26.02,SELL,5.136e-05,196.63388603
42423091,2017-12-20T08:34:41.317,SELL,5.136e-05,778.86621791
42423098,2017-12-20T08:34:46.427,SELL,5.136e-05,631.31326072
42423099,2017-12-20T08:34:46.427,SELL,5.136e-05,368.68673928
42423101,2017-12-20T08:34:49.253,SELL,5.136e-05,255.81663589
42423132,2017-12-20T08:35:16.55,BUY,5.143e-05,50.0
42423142,2017-12-20T08:35:25.113,SELL,5.136e-05,162.63387338
42423147,2017-12-20T08:35:29.723,SELL,5.136e-05,144.72788944
42423164,2017-12-20T08:35:41.847,BUY,5.143e-05,895.5509615
42423172,2017-12-20T08:35:54.677,SELL,5.137e-05,284.86638183
42423173,2017-12-20T08:35:54.677,SELL,5.136e-05,68.13486201
42423174,2017-12-20T08:35:54.677,SELL,5.136e-05,13.35199542
42423198,2017-12-20T08:36:14.16,SELL,5.136e-05,31.48227793
42423199,2017-12-20T08:36:14.16,SELL,5.136e-05,3001.84107477
42423200,2017-12-20T08:36:14.16,SELL,5.136e-05,100.0
42423201,2017-12-20T08:36:14.16,SELL,5.136e-05,153.42557741
42423202,2017-12-20T08:36:14.16,SELL,5.136e-05,811.50861164
42423218,2017-12-20T08:36:24.83,BUY,5.136e-05,268.3643306
42423224,2017-12-20T08:36:28.597,BUY,5.136e-05,59.0661927
42423225,2017-12-20T08:36:28.597,BUY,5.136e-05,68.34560862
42423226,2017-12-20T08:36:28.597,BUY,5.142e-05,3266.27464702
42423250,2017-12-20T08:36:49.923,SELL,5.136e-05,1000.0
42423293,2017-12-20T08:37:31.19,SELL,5.137e-05,38.34628046
42423296,2017-12-20T08:37:34.47,BUY,5.142e-05,97.238429
42423301,2017-12-20T08:37:37.44,SELL,5.137e-05,188.31094255
42423302,2017-12-20T08:37:37.44,SELL,5.137e-05,11.68905745
42423308,2017-12-20T08:37:41.47,BUY,5.142e-05,60.18100299
42423318,2017-12-20T08:37:51.877,SELL,5.137e-05,88.31094255
42423319,2017-12-20T08:37:51.877,SELL,5.136e-05,186.24195093
42423320,2017-12-20T08:37:51.877,SELL,5.136e-05,882.54841852
42423321,2017-12-20T08:37:51.877,SELL,5.136e-05,384.69325129
42423322,2017-12-20T08:37:52.673,SELL,5.13e-05,42.51412338
42423327,2017-12-20T08:37:55.94,BUY,5.137e-05,357.15699449
42423328,2017-12-20T08:37:55.94,BUY,5.142e-05,1970.73098684
42423335,2017-12-20T08:38:01.313,SELL,5.13e-05,123.35076312
42423336,2017-12-20T08:38:01.313,SELL,5.13e-05,296.80571762
42423337,2017-12-20T08:38:01.313,SELL,5.13e-05,461.22125144
42423341,2017-12-20T08:38:04.657,SELL,5.13e-05,12.64612689
42423342,2017-12-20T08:38:04.657,SELL,5.125e-05,14.78902511
42423343,2017-12-20T08:38:04.657,SELL,5.12e-05,30.0
42423344,2017-12-20T08:38:04.657,SELL,5.12e-05,366.00379795
42423346,2017-12-20T08:38:06.047,BUY,5.142e-05,4234.12794049
42423353,2017-12-20T08:38:13.907,BUY,5.142e-05,19.44768572
42423368,2017-12-20T08:38:25.017,BUY,5.142e-05,163.69956089
42423372,2017-12-20T08:38:31.797,SELL,5.12e-05,1509.45117325
42423373,2017-12-20T08:38:34.61,SELL,5.12e-05,814.131175
42423374,2017-12-20T08:38:35.483,SELL,5.12e-05,73.82302112
42423385,2017-12-20T08:38:45.33,SELL,5.12e-05,8081.42737413
42423388,2017-12-20T08:38:48.983,BUY,5.12e-05,223.8807327
42423390,2017-12-20T08:38:51.313,BUY,5.12e-05,20.562503
42423397,2017-12-20T08:39:02.61,BUY,5.12e-05,360.0023366
42423401,2017-12-20T08:39:04.78,BUY,5.12e-05,109.55687549
42423415,2017-12-20T08:39:28.22,BUY,5.141e-05,411.69457819
42423418,2017-12-20T08:39:29.22,BUY,5.141e-05,203.79323799
42423420,2017-12-20T08:39:30.39,SELL,5.141e-05,87.25117975
42423421,2017-12-20T08:39:30.39,SELL,5.14e-05,716.10563813
42423422,2017-12-20T08:39:30.39,SELL,5.12e-05,1412.22811515
42423423,2017-12-20T08:39:30.39,SELL,5.12e-05,940.76747964
42423429,2017-12-20T08:39:37.263,BUY,5.142e-05,86.524334
42423464,2017-12-20T08:40:05.45,BUY,5.142e-05,1124.14366977
42423471,2017-12-20T08:40:08.763,BUY,5.142e-05,1121.66646782
42423477,2017-12-20T08:40:18.763,SELL,5.121e-05,213.46030387
42423479,2017-12-20T08:40:18.937,BUY,5.142e-05,23.79426773
42423484,2017-12-20T08:40:24,BUY,5.142e-05,176.95925467
42423493,2017-12-20T08:40:28.107,SELL,5.121e-05,39.63922615
42423498,2017-12-20T08:40:29.857,BUY,5.121e-05,939.17350574
42423519,2017-12-20T08:41:08.14,BUY,5.138e-05,82.91918042
42423520,2017-12-20T08:41:08.14,BUY,5.141e-05,100.0
42423521,2017-12-20T08:41:08.14,BUY,5.141e-05,48.2772268
42423522,2017-12-20T08:41:08.14,BUY,5.142e-05,4661.97701078
42423528,2017-12-20T08:41:15.45,BUY,5.142e-05,241.2442251
42423532,2017-12-20T08:41:17.28,BUY,5.142e-05,26.80696159
42423536,2017-12-20T08:41:23.607,BUY,5.142e-05,19.39906651
42423538,2017-12-20T08:41:24.967,BUY,5.142e-05,20.42007001
42423540,2017-12-20T08:41:25.34,BUY,5.142e-05,1480.15266601
42423541,2017-12-20T08:41:25.34,BUY,5.142e-05,95.0
42423542,2017-12-20T08:41:25.34,BUY,5.142e-05,2130.11213324
42423552,2017-12-20T08:41:36.513,BUY,5.142e-05,204.3410803
42423555,2017-12-20T08:41:42.887,BUY,5.142e-05,100.0
42423582,2017-12-20T08:42:08.17,BUY,5.142e-05,262.21083051
42423609,2017-12-20T08:43:02.307,BUY,5.141e-05,500.0
42423619,2017-12-20T08:43:17.01,BUY,5.141e-05,1913.59613614
42423623,2017-12-20T08:43:18.637,BUY,5.141e-05,600.0
42423628,2017-12-20T08:43:25.37,SELL,5.13e-05,1495.49532
42423638,2017-12-20T08:43:32.683,BUY,5.141e-05,23.3417623
42423643,2017-12-20T08:43:40.213,BUY,5.141e-05,632.42225112
42423655,2017-12-20T08:43:45.243,BUY,5.141e-05,200.0
42423661,2017-12-20T08:43:51.573,BUY,5.141e-05,583.54405757
42423664,2017-12-20T08:43:52.853,BUY,5.141e-05,186.4880675
42423666,2017-12-20T08:43:55.433,BUY,5.141e-05,32.90711596
42423667,2017-12-20T08:43:57.307,SELL,5.13e-05,991.79364737
42423689,2017-12-20T08:44:25.887,BUY,5.141e-05,1940.28399144
42423692,2017-12-20T08:44:45.853,SELL,5.131e-05,187.79284491
42423693,2017-12-20T08:44:45.853,SELL,5.13e-05,2512.71103263
42423694,2017-12-20T08:44:45.853,SELL,5.13e-05,86.39628997
42423695,2017-12-20T08:44:45.853,SELL,5.127e-05,99.68214166
42423696,2017-12-20T08:44:45.853,SELL,5.127e-05,116.69616674
42423697,2017-12-20T08:44:45.853,SELL,5.126e-05,294.98307905
42423698,2017-12-20T08:44:45.853,SELL,5.121e-05,120.0
42423699,2017-12-20T08:44:45.853,SELL,5.121e-05,8779.52471461
42423700,2017-12-20T08:44:45.853,SELL,5.12e-05,19.53125
42423701,2017-12-20T08:44:45.853,SELL,5.117e-05,113.86673612
42423702,2017-12-20T08:44:45.853,SELL,5.117e-05,85.22708822
42423703,2017-12-20T08:44:45.853,SELL,5.107e-05,55.97258665
42423704,2017-12-20T08:44:45.853,SELL,5.107e-05,72.74972622
42423705,2017-12-20T08:44:45.853,SELL,5.107e-05,16.87693825
42423706,2017-12-20T08:44:45.853,SELL,5.104e-05,568.95179859
42423707,2017-12-20T08:44:45.853,SELL,5.104e-05,13680.44670846
42423708,2017-12-20T08:44:45.853,SELL,5.1e-05,977.94117647
42423709,2017-12-20T08:44:45.853,SELL,5.1e-05,525.20956765
42423710,2017-12-20T08:44:45.853,SELL,5.1e-05,159.41078431
42423711,2017-12-20T08:44:46.323,SELL,5.099e-05,166.45394698
42423712,2017-12-20T08:44:46.323,SELL,5.098e-05,9.05303322
42423719,2017-12-20T08:44:51.12,BUY,5.1e-05,1500.0
42423722,2017-12-20T08:44:53.713,BUY,5.1e-05,232.34613889
42423726,2017-12-20T08:44:55.743,BUY,5.1e-05,15597.65256164
42423729,2017-12-20T08:44:56.213,BUY,5.1e-05,14.28637799
42423734,2017-12-20T08:44:57.51,BUY,5.1e-05,19.60784313
42423736,2017-12-20T08:44:59.307,BUY,5.1e-05,78.43137254
42423742,2017-12-20T08:45:03.197,BUY,5.1e-05,29.4117647
42423744,2017-12-20T08:45:08.23,BUY,5.1e-05,117.64705882
42423746,2017-12-20T08:45:12.743,BUY,5.1e-05,2500.0
42423748,2017-12-20T08:45:13.493,BUY,5.1e-05,1000.0
42423750,2017-12-20T08:45:14.12,BUY,5.1e-05,98.03921568
42423751,2017-12-20T08:45:14.447,SELL,5.098e-05,990.94696678
42423752,2017-12-20T08:45:14.447,SELL,5.098e-05,17.7512288
42423753,2017-12-20T08:45:14.447,SELL,5.098e-05,100.0
42423754,2017-12-20T08:45:14.447,SELL,5.098e-05,953.73575188
42423755,2017-12-20T08:45:21.103,SELL,5.098e-05,1410.37759845
42423758,2017-12-20T08:45:29.227,BUY,5.1e-05,2411.43884265
42423761,2017-12-20T08:45:30.557,SELL,5.097e-05,25.37430989
42423762,2017-12-20T08:45:30.557,SELL,5.097e-05,48.16441044
42423763,2017-12-20T08:45:30.557,SELL,5.097e-05,45.0
42423764,2017-12-20T08:45:30.557,SELL,5.097e-05,69.1561703
42423766,2017-12-20T08:45:31.417,BUY,5.097e-05,918.63104
42423768,2017-12-20T08:45:32.37,BUY,5.097e-05,631.45353563
42423771,2017-12-20T08:45:33.837,BUY,5.097e-05,26.82754562
42423780,2017-12-20T08:45:48.023,BUY,5.097e-05,38.82741215
42423781,2017-12-20T08:45:50.523,SELL,5.093e-05,23.56056714
42423794,2017-12-20T08:46:10.57,BUY,5.093e-05,98.09691975
42423796,2017-12-20T08:46:10.807,BUY,5.093e-05,579.16418664
42423804,2017-12-20T08:46:18.383,BUY,5.096e-05,30.70522665
42423806,2017-12-20T08:46:19.07,BUY,5.096e-05,23.04246566
42423810,2017-12-20T08:46:21.04,BUY,5.097e-05,1003.00100299
42423826,2017-12-20T08:46:25.883,BUY,5.097e-05,536.19172375
42423837,2017-12-20T08:46:35.46,BUY,5.1e-05,890.65308088
42423838,2017-12-20T08:46:36.93,SELL,5.097e-05,265.69494488
42423839,2017-12-20T08:46:36.93,SELL,5.097e-05,196.19383951
42423840,2017-12-20T08:46:36.93,SELL,5.093e-05,38.11121561
42423842,2017-12-20T08:46:37.743,SELL,5.097e-05,19.79206739
42423850,2017-12-20T08:46:43.773,BUY,5.097e-05,3300.961728
42423857,2017-12-20T08:46:46.51,BUY,5.097e-05,82.0
42423863,2017-12-20T08:46:57.82,BUY,5.097e-05,100.301003
42423864,2017-12-20T08:46:58.633,SELL,5.095e-05,43.60494406
42423869,2017-12-20T08:47:06.9,BUY,5.095e-05,926.19926253
42423875,2017-12-20T08:47:13.883,SELL,5.095e-05,50.0
42423879,2017-12-20T08:47:20.71,SELL,5.095e-05,274.36336966
42423881,2017-12-20T08:47:26.023,BUY,5.097e-05,19.61938395
42423884,2017-12-20T08:47:30.757,BUY,5.097e-05,57.65817687
42423889,2017-12-20T08:47:35.32,BUY,5.096e-05,40.0
42423890,2017-12-20T08:47:35.32,BUY,5.097e-05,9854.90625
42423896,2017-12-20T08:47:41.54,BUY,5.097e-05,39.2387679
42423899,2017-12-20T08:47:42.867,BUY,5.097e-05,50.0
42423902,2017-12-20T08:47:44.663,BUY,5.097e-05,19.66067761
42423906,2017-12-20T08:47:50.43,BUY,5.097e-05,100.0
42423909,2017-12-20T08:47:51.85,BUY,5.097e-05,20.061003
42423913,2017-12-20T08:47:55.663,BUY,5.097e-05,400.0
42423922,2017-12-20T08:48:00.083,BUY,5.096e-05,179.0760689
42423928,2017-12-20T08:48:04.24,BUY,5.096e-05,888.4087398
42423929,2017-12-20T08:48:04.24,BUY,5.097e-05,1527.78551912
42423933,2017-12-20T08:48:13.663,SELL,5.095e-05,275.92893659
42423935,2017-12-20T08:48:14.6,BUY,5.097e-05,625.78985144
42423943,2017-12-20T08:48:22.43,SELL,5.096e-05,180.00000001
42423950,2017-12-20T08:48:28.1,BUY,5.097e-05,105.94467333
42423954,2017-12-20T08:48:31.927,SELL,5.096e-05,57.65817687
42423960,2017-12-20T08:48:40.32,BUY,5.097e-05,35.44861773
42423965,2017-12-20T08:48:50.037,SELL,5.097e-05,87.8131709
42423966,2017-12-20T08:48:50.037,SELL,5.096e-05,677.50931625
42423967,2017-12-20T08:48:50.037,SELL,5.096e-05,2993.09750297
42423985,2017-12-20T08:49:09.553,SELL,5.096e-05,294.98307905
42423989,2017-12-20T08:49:13.147,BUY,5.097e-05,240.0
42423994,2017-12-20T08:49:23.973,BUY,5.097e-05,19.61938395
42423998,2017-12-20T08:49:31.99,BUY,5.097e-05,29.35550324
42424000,2017-12-20T08:49:33.037,BUY,5.097e-05,2000.0
42424004,2017-12-20T08:49:39.177,BUY,5.097e-05,19.61938395
42424011,2017-12-20T08:49:47.957,BUY,5.097e-05,13.41377281
42424013,2017-12-20T08:49:48.037,SELL,5.096e-05,142.66070776
42424024,2017-12-20T08:50:02.897,BUY,5.097e-05,19.61938395
42424028,2017-12-20T08:50:05.94,BUY,5.097e-05,445.14025195
42424036,2017-12-20T08:50:21.16,BUY,5.097e-05,245.24229939
42424041,2017-12-20T08:50:33.503,BUY,5.097e-05,98.25876744
42424043,2017-12-20T08:50:33.613,BUY,5.097e-05,13.0213399
42424044,2017-12-20T08:50:33.787,SELL,5.096e-05,29.35550324
42424057,2017-12-20T08:50:41.19,BUY,5.097e-05,1610.0221124
42424058,2017-12-20T08:50:41.19,BUY,5.097e-05,46.50669047
42424064,2017-12-20T08:50:47.33,BUY,5.1e-05,1002.69287565
42424081,2017-12-20T08:51:05.143,BUY,5.1e-05,18.08872564
42424083,2017-12-20T08:51:05.737,BUY,5.1e-05,39.15631121
42424085,2017-12-20T08:51:07.08,BUY,5.1e-05,39.10055113
42424088,2017-12-20T08:51:08.957,BUY,5.1e-05,42.72611126
42424111,2017-12-20T08:51:34.597,BUY,5.132e-05,18.13400948
42424112,2017-12-20T08:51:34.597,BUY,5.132e-05,5.24868732
42424115,2017-12-20T08:51:34.817,BUY,5.132e-05,194.36866719
42424118,2017-12-20T08:51:37.893,SELL,5.1e-05,551.72781176
42424130,2017-12-20T08:51:46.52,SELL,5.097e-05,15.14346038
42424139,2017-12-20T08:51:57.723,BUY,5.1e-05,348.27218824
42424141,2017-12-20T08:51:59.33,SELL,5.1e-05,48.70667071
42424144,2017-12-20T08:51:59.893,SELL,5.1e-05,313.17458097
42424145,2017-12-20T08:51:59.893,SELL,5.097e-05,285.3612859
42424146,2017-12-20T08:51:59.893,SELL,5.097e-05,140.0
42424147,2017-12-20T08:51:59.893,SELL,5.097e-05,171.18133314
42424148,2017-12-20T08:51:59.893,SELL,5.097e-05,226.05659678
42424149,2017-12-20T08:51:59.893,SELL,5.097e-05,22.26629378
42424150,2017-12-20T08:51:59.893,SELL,5.096e-05,12541.95990943
42424173,2017-12-20T08:52:12.33,SELL,5.096e-05,260.0
42424176,2017-12-20T08:52:14.003,BUY,5.125e-05,20.44849107
42424187,2017-12-20T08:52:19.41,SELL,5.097e-05,108.19603955
42424188,2017-12-20T08:52:19.487,SELL,5.097e-05,2169.49067245
42424189,2017-12-20T08:52:19.487,SELL,5.096e-05,29357.35482993
42424190,2017-12-20T08:52:19.487,SELL,5.096e-05,1206.08065591
42424191,2017-12-20T08:52:19.487,SELL,5.096e-05,234.30983256
42424192,2017-12-20T08:52:19.487,SELL,5.096e-05,1377.42418269
42424193,2017-12-20T08:52:19.487,SELL,5.096e-05,4694.09959467
42424194,2017-12-20T08:52:19.487,SELL,5.096e-05,961.24023179
42424200,2017-12-20T08:52:25.347,BUY,5.098e-05,104.50911105
42424201,2017-12-20T08:52:25.347,BUY,5.125e-05,54.4936696
42424207,2017-12-20T08:52:31.363,SELL,5.125e-05,40.0
42424210,2017-12-20T08:52:34.173,SELL,5.125e-05,39.2387679
42424213,2017-12-20T08:52:37.567,BUY,5.131e-05,1000.0
42424214,2017-12-20T08:52:37.567,BUY,5.132e-05,3.56658918
42424215,2017-12-20T08:52:37.847,SELL,5.125e-05,1000.0
42424216,2017-12-20T08:52:38.94,SELL,5.125e-05,78.27031297
42424218,2017-12-20T08:52:39.533,SELL,5.125e-05,1602.73606743
42424219,2017-12-20T08:52:39.567,SELL,5.096e-05,434.51161136
42424223,2017-12-20T08:52:42.97,BUY,5.132e-05,16.40066421
42424244,2017-12-20T08:53:00.86,BUY,5.131e-05,28.27030027
42424249,2017-12-20T08:53:08.753,BUY,5.131e-05,30.45096231
42424250,2017-12-20T08:53:09.61,SELL,5.109e-05,170.63945415
42424251,2017-12-20T08:53:09.61,SELL,5.107e-05,105.20015569
42424252,2017-12-20T08:53:09.61,SELL,5.107e-05,958.68220578
42424261,2017-12-20T08:53:14.83,BUY,5.107e-05,19.58096729
42424271,2017-12-20T08:53:20.813,BUY,5.107e-05,34.90401396
42424275,2017-12-20T08:53:22.41,BUY,5.107e-05,69.32409012
42424293,2017-12-20T08:53:31.11,BUY,5.107e-05,717.776796
42424295,2017-12-20T08:53:31.503,BUY,5.107e-05,380.93865733
42424302,2017-12-20T08:53:34.423,BUY,5.107e-05,58.72126258
42424304,2017-12-20T08:53:38.08,BUY,5.107e-05,293.71450949
42424305,2017-12-20T08:53:43.813,SELL,5.106e-05,136.75088132
42424306,2017-12-20T08:53:43.813,SELL,5.097e-05,29.35550324
42424307,2017-12-20T08:53:43.813,SELL,5.096e-05,1814.55204508
42424309,2017-12-20T08:53:45.203,BUY,5.107e-05,896.31849863
42424314,2017-12-20T08:53:49.737,BUY,5.107e-05,642.8871184
42424316,2017-12-20T08:53:53.5,BUY,5.107e-05,48.92359556
42424330,2017-12-20T08:54:02.61,SELL,5.096e-05,2000.0
42424353,2017-12-20T08:54:22.953,BUY,5.107e-05,5602.38867502
42424354,2017-12-20T08:54:22.953,BUY,5.107e-05,200.0
42424376,2017-12-20T08:54:35.563,SELL,5.107e-05,887.90151896
42424384,2017-12-20T08:54:45.203,BUY,5.131e-05,412.80577063
42424392,2017-12-20T08:54:54.47,SELL,5.108e-05,33.42804613
42424393,2017-12-20T08:54:54.47,SELL,5.107e-05,2000.93634759
42424397,2017-12-20T08:54:59.783,BUY,5.131e-05,34.39051842
42424399,2017-12-20T08:55:00.407,BUY,5.131e-05,57.29958049
42424403,2017-12-20T08:55:05.36,BUY,5.131e-05,286.89984755
42424412,2017-12-20T08:55:12.953,SELL,5.108e-05,20.0
42424416,2017-12-20T08:55:14.173,BUY,5.131e-05,823.4571049
42424419,2017-12-20T08:55:38.127,BUY,5.13e-05,41.20016855
42424423,2017-12-20T08:55:56.063,BUY,5.13e-05,1000.0
42424425,2017-12-20T08:55:56.58,BUY,5.13e-05,266.28505556
42424433,2017-12-20T08:56:21.67,BUY,5.13e-05,261.25827532
42424440,2017-12-20T08:56:29.577,BUY,5.13e-05,31.25650057
42424441,2017-12-20T08:56:29.577,BUY,5.13e-05,1107.88548635
42424442,2017-12-20T08:56:29.577,BUY,5.13e-05,19.58096729
42424443,2017-12-20T08:56:29.577,BUY,5.13e-05,401.57179579
42424448,2017-12-20T08:56:35.093,BUY,5.13e-05,134.42671333
42424450,2017-12-20T08:56:36,BUY,5.13e-05,62.68447222
42424451,2017-12-20T08:56:36.687,SELL,5.108e-05,130.0
42424452,2017-12-20T08:56:36.687,SELL,5.108e-05,32.46913183
42424457,2017-12-20T08:56:51.61,SELL,5.108e-05,500.0
42424459,2017-12-20T08:56:52.077,BUY,5.13e-05,212.37727245
42424460,2017-12-20T08:56:55.093,SELL,5.108e-05,431.77368833
42424462,2017-12-20T08:56:57.31,SELL,5.108e-05,35.75717984
42424468,2017-12-20T08:57:02.187,BUY,5.108e-05,41.23162735
42424470,2017-12-20T08:57:02.31,BUY,5.108e-05,481.5363705
42424473,2017-12-20T08:57:05.093,BUY,5.108e-05,331.64565352
42424474,2017-12-20T08:57:05.093,BUY,5.125e-05,30.43834947
42424478,2017-12-20T08:57:13.607,BUY,5.108e-05,23.49256068
42424480,2017-12-20T08:57:18.5,BUY,5.108e-05,29.4726149
42424482,2017-12-20T08:57:20.873,SELL,5.107e-05,587.429
42424483,2017-12-20T08:57:20.873,SELL,5.107e-05,195.8097
42424484,2017-12-20T08:57:20.873,SELL,5.107e-05,587.429
42424485,2017-12-20T08:57:20.873,SELL,5.097e-05,629.3323
42424488,2017-12-20T08:57:26.2,BUY,5.107e-05,19.5771339
42424492,2017-12-20T08:57:32.047,BUY,5.108e-05,685.55109732
42424496,2017-12-20T08:57:37.077,SELL,5.097e-05,734.70364452
42424497,2017-12-20T08:57:38.64,SELL,5.096e-05,29.0
42424498,2017-12-20T08:57:39.81,SELL,5.096e-05,1027.63475962
42424499,2017-12-20T08:57:39.81,SELL,5.096e-05,2472.36524038
42424501,2017-12-20T08:57:44.437,BUY,5.097e-05,265.29635548
42424502,2017-12-20T08:57:44.437,BUY,5.097e-05,323.28514452
42424504,2017-12-20T08:57:46.013,BUY,5.097e-05,370.83824195
42424508,2017-12-20T08:57:47.577,SELL,5.096e-05,2551.7325899
42424509,2017-12-20T08:57:47.577,SELL,5.096e-05,911.49199575
42424510,2017-12-20T08:57:47.577,SELL,5.096e-05,2545.36198968
42424512,2017-12-20T08:57:48.793,BUY,5.096e-05,589.64875197
42424514,2017-12-20T08:57:49.013,BUY,5.096e-05,31.9607063
42424519,2017-12-20T08:57:52.687,BUY,5.096e-05,13.0
42424521,2017-12-20T08:57:54.983,BUY,5.096e-05,22.37675043
42424525,2017-12-20T08:58:01.14,BUY,5.096e-05,228.022391
42424526,2017-12-20T08:58:01.95,SELL,5.095e-05,871.52775568
42424527,2017-12-20T08:58:01.95,SELL,5.095e-05,39.93137861
42424528,2017-12-20T08:58:01.95,SELL,5.09e-05,500.0
42424529,2017-12-20T08:58:01.95,SELL,5.09e-05,39.19449902
42424530,2017-12-20T08:58:01.95,SELL,5.09e-05,640.52982908
42424531,2017-12-20T08:58:01.95,SELL,5.09e-05,98.05385806
42424532,2017-12-20T08:58:01.95,SELL,5.09e-05,3039.41155311
42424537,2017-12-20T08:58:10.81,BUY,5.096e-05,981.16169544
42424538,2017-12-20T08:58:11.043,SELL,5.09e-05,1025.20791398
42424539,2017-12-20T08:58:11.043,SELL,5.088e-05,226.05962513
42424540,2017-12-20T08:58:11.043,SELL,5.086e-05,170.25501376
42424541,2017-12-20T08:58:11.043,SELL,5.085e-05,100.0
42424542,2017-12-20T08:58:11.043,SELL,5.083e-05,198.14011995
42424543,2017-12-20T08:58:11.043,SELL,5.081e-05,35.63550482
42424544,2017-12-20T08:58:11.043,SELL,5.081e-05,1744.70182236
42424559,2017-12-20T08:58:19.45,BUY,5.096e-05,39.24646782
42424561,2017-12-20T08:58:19.467,BUY,5.096e-05,146.77715316
42424564,2017-12-20T08:58:21.937,SELL,5.095e-05,738.49124485
42424565,2017-12-20T08:58:21.937,SELL,5.081e-05,4364.50597283
42424567,2017-12-20T08:58:22.153,BUY,5.096e-05,19.05710361
42424578,2017-12-20T08:58:34.013,BUY,5.096e-05,75.04984301
42424579,2017-12-20T08:58:36.5,SELL,5.08e-05,102.62763041
42424585,2017-12-20T08:58:41.343,BUY,5.08e-05,72.37236959
42424586,2017-12-20T08:58:41.343,BUY,5.096e-05,1402.42240105
42424590,2017-12-20T08:58:44.373,SELL,5.081e-05,60.0
42424593,2017-12-20T08:58:45.077,BUY,5.096e-05,14.4678179
42424595,2017-12-20T08:58:46.513,SELL,5.081e-05,954.84414757
42424602,2017-12-20T08:58:55.123,BUY,5.096e-05,22.37048666
42424605,2017-12-20T08:58:55.763,BUY,5.096e-05,38.82741215
42424607,2017-12-20T08:58:55.793,BUY,5.096e-05,23.54788069
42424610,2017-12-20T08:58:57.217,BUY,5.096e-05,39.24646781
42424635,2017-12-20T08:59:22.937,SELL,5.085e-05,209.05688623
42424640,2017-12-20T08:59:31.95,SELL,5.081e-05,19999.8
42424644,2017-12-20T08:59:34.81,BUY,5.095e-05,98.82167517
42424645,2017-12-20T08:59:34.81,BUY,5.096e-05,65.6372357
42424657,2017-12-20T08:59:46.077,BUY,5.096e-05,219.01572607
42424658,2017-12-20T08:59:46.077,BUY,5.096e-05,483.55553424
42424659,2017-12-20T08:59:46.077,BUY,5.096e-05,300.42974268
42424691,2017-12-20T08:59:55.323,SELL,5.085e-05,19.61651917
42424692,2017-12-20T08:59:55.323,SELL,5.085e-05,1863.88045968
42424707,2017-12-20T09:00:03.09,BUY,5.095e-05,19.62708537
42424721,2017-12-20T09:00:11.95,BUY,5.095e-05,80.37291463
42424722,2017-12-20T09:00:11.95,BUY,5.095e-05,3692.29683415
42424723,2017-12-20T09:00:13.823,SELL,5.095e-05,100.0
42424727,2017-12-20T09:00:16.027,BUY,5.096e-05,63.0481516
42424728,2017-12-20T09:00:16.027,BUY,5.096e-05,113.875
42424729,2017-12-20T09:00:16.027,BUY,5.124e-05,538.08495994
42424737,2017-12-20T09:00:19.823,SELL,5.095e-05,24.0
42424738,2017-12-20T09:00:20.37,SELL,5.095e-05,16001.31923928
42424750,2017-12-20T09:00:23.23,SELL,5.095e-05,687.12352184
42424771,2017-12-20T09:00:39.463,BUY,5.124e-05,150.0
42424772,2017-12-20T09:00:39.463,BUY,5.124e-05,220.0
42424773,2017-12-20T09:00:39.463,BUY,5.124e-05,40.85138546
42424779,2017-12-20T09:00:42.637,BUY,5.124e-05,70.12396717
42424780,2017-12-20T09:00:42.637,BUY,5.128e-05,141.93270483
42424792,2017-12-20T09:00:51.183,BUY,5.128e-05,100.0
42424795,2017-12-20T09:00:52.357,BUY,5.129e-05,590.0
42424796,2017-12-20T09:00:52.357,BUY,5.129e-05,2484.27310496
42424797,2017-12-20T09:00:52.357,BUY,5.13e-05,669.33219261
42424805,2017-12-20T09:00:55.06,BUY,5.13e-05,602.64334135
42424806,2017-12-20T09:00:55.06,BUY,5.131e-05,20.0
42424807,2017-12-20T09:00:55.06,BUY,5.131e-05,249.27884865
42424808,2017-12-20T09:00:55.06,BUY,5.132e-05,1328.07781
42424810,2017-12-20T09:00:55.34,SELL,5.131e-05,871.92219
42424811,2017-12-20T09:00:55.34,SELL,5.096e-05,1191.39042171
42424820,2017-12-20T09:00:57.387,BUY,5.132e-05,671.92219
42424821,2017-12-20T09:00:57.387,BUY,5.132e-05,200.0
42424828,2017-12-20T09:00:59.433,SELL,5.129e-05,58.0
42424829,2017-12-20T09:00:59.433,SELL,5.128e-05,50.0
42424830,2017-12-20T09:00:59.433,SELL,5.097e-05,1298.66443216
42424837,2017-12-20T09:01:00.95,BUY,5.138e-05,43.60494406
42424838,2017-12-20T09:01:00.95,BUY,5.138e-05,300.0
42424839,2017-12-20T09:01:00.95,BUY,5.14e-05,55.97258665
42424840,2017-12-20T09:01:00.95,BUY,5.141e-05,30.19345242
42424841,2017-12-20T09:01:00.95,BUY,5.141e-05,15.0
42424842,2017-12-20T09:01:00.95,BUY,5.142e-05,5628.88453387
42424851,2017-12-20T09:01:04.213,BUY,5.142e-05,6779.76
42424856,2017-12-20T09:01:06.5,SELL,5.1e-05,200.0
42424862,2017-12-20T09:01:08.717,BUY,5.142e-05,20.40075918
42424867,2017-12-20T09:01:11.123,SELL,5.142e-05,757.50667082
42424869,2017-12-20T09:01:11.983,SELL,5.099e-05,757.50667082
42424905,2017-12-20T09:01:29.793,BUY,5.142e-05,877.45974037
42424914,2017-12-20T09:01:38.967,BUY,5.105e-05,2000.0
42424918,2017-12-20T09:01:42.247,BUY,5.142e-05,625.09252207
42424919,2017-12-20T09:01:42.247,BUY,5.142e-05,20.0
42424920,2017-12-20T09:01:42.247,BUY,5.143e-05,230.44815815
42424921,2017-12-20T09:01:42.247,BUY,5.144e-05,924.45931978
42424928,2017-12-20T09:01:45.31,BUY,5.144e-05,55.00749574
42424929,2017-12-20T09:01:45.31,BUY,5.145e-05,1744.99250426
42424931,2017-12-20T09:01:46.013,SELL,5.105e-05,172.4115972
42424941,2017-12-20T09:01:48.7,BUY,5.145e-05,41.68324891
42424944,2017-12-20T09:01:49.467,BUY,5.145e-05,163.07638024
42424956,2017-12-20T09:01:58.043,SELL,5.144e-05,127.69466729
42424959,2017-12-20T09:02:00.137,SELL,5.144e-05,63.20871529
42424987,2017-12-20T09:02:19.653,BUY,5.144e-05,4408.73464612
42424988,2017-12-20T09:02:19.78,SELL,5.144e-05,190.90338258
42424991,2017-12-20T09:02:20.28,SELL,5.144e-05,798.04223448
42424995,2017-12-20T09:02:23.137,SELL,5.144e-05,3421.71860796
42424997,2017-12-20T09:02:24.573,SELL,5.144e-05,160.51444171
42425001,2017-12-20T09:02:26.527,SELL,5.144e-05,2484.58716369
42425008,2017-12-20T09:02:30.823,SELL,5.144e-05,230.5057942
42425012,2017-12-20T09:02:35.37,BUY,5.145e-05,258.20075661
42425015,2017-12-20T09:02:37.263,SELL,5.144e-05,132.67549527
42425019,2017-12-20T09:02:41.323,SELL,5.144e-05,3548.95501069
42425020,2017-12-20T09:02:42.09,SELL,5.144e-05,1884.10685375
42425026,2017-12-20T09:02:46.107,BUY,5.145e-05,25.0
42425031,2017-12-20T09:02:47.76,SELL,5.144e-05,1002.94785342
42425033,2017-12-20T09:02:47.81,SELL,5.144e-05,134.0
42425036,2017-12-20T09:02:48.433,BUY,5.145e-05,116.6180758
42425043,2017-12-20T09:02:50.73,BUY,5.145e-05,300.0
42425045,2017-12-20T09:02:51.45,BUY,5.145e-05,17.69912536
42425046,2017-12-20T09:02:51.713,SELL,5.144e-05,190.7362981
42425048,2017-12-20T09:02:53.543,BUY,5.145e-05,100.301003
42425049,2017-12-20T09:02:53.81,SELL,5.144e-05,1353.80019241
42425052,2017-12-20T09:02:54.81,BUY,5.145e-05,49.03271229
42425055,2017-12-20T09:02:56.31,BUY,5.145e-05,75.00968562
42425057,2017-12-20T09:02:57.153,BUY,5.145e-05,480.84137994
42425066,2017-12-20T09:03:05.887,SELL,5.144e-05,102.98348583
42425100,2017-12-20T09:03:26.09,BUY,5.145e-05,81.37258882
42425109,2017-12-20T09:03:31.107,SELL,5.144e-05,3700.0
42425117,2017-12-20T09:03:35.937,SELL,5.144e-05,1954.31829539
42425118,2017-12-20T09:03:42.17,SELL,5.144e-05,8380.30409678
42425119,2017-12-20T09:03:42.17,SELL,5.144e-05,50.0
42425120,2017-12-20T09:03:42.17,SELL,5.144e-05,255.76159846
42425131,2017-12-20T09:03:54.157,BUY,5.144e-05,360.06763705
42425132,2017-12-20T09:03:54.64,SELL,5.14e-05,145.39468449
42425147,2017-12-20T09:04:02.28,BUY,5.14e-05,35.0199652
42425148,2017-12-20T09:04:02.28,BUY,5.144e-05,97.37703779
42425159,2017-12-20T09:04:05.2,BUY,5.144e-05,4621.559357
42425162,2017-12-20T09:04:09.2,SELL,5.14e-05,733.41148687
42425174,2017-12-20T09:04:18.967,BUY,5.14e-05,83.0505083
42425177,2017-12-20T09:04:22.56,SELL,5.14e-05,20.41554479
42425182,2017-12-20T09:04:26.67,SELL,5.14e-05,258.20075661
42425185,2017-12-20T09:04:29.95,SELL,5.14e-05,200.0
42425192,2017-12-20T09:04:40.64,BUY,5.144e-05,264.98368793
42425196,2017-12-20T09:04:44.19,BUY,5.144e-05,6236.99127326
42425197,2017-12-20T09:04:44.19,BUY,5.144e-05,1000.0
42425198,2017-12-20T09:04:44.19,BUY,5.144e-05,1446.26926126
42425199,2017-12-20T09:04:44.19,BUY,5.145e-05,3537.54867828
42425200,2017-12-20T09:04:44.19,BUY,5.145e-05,15.0
42425201,2017-12-20T09:04:44.19,BUY,5.145e-05,25.0
42425202,2017-12-20T09:04:44.19,BUY,5.145e-05,29.1736792
42425230,2017-12-20T09:05:07.593,BUY,5.145e-05,228.13067347
42425231,2017-12-20T09:05:08.017,SELL,5.14e-05,196.19383951
42425237,2017-12-20T09:05:10.78,BUY,5.145e-05,18566.15993743
42425238,2017-12-20T09:05:10.78,BUY,5.145e-05,821.59516461
42425243,2017-12-20T09:05:11.5,BUY,5.145e-05,495.13515306
42425255,2017-12-20T09:05:18.17,BUY,5.145e-05,5841.22468
42425267,2017-12-20T09:05:27.733,SELL,5.14e-05,187.0
42425271,2017-12-20T09:05:29.407,BUY,5.145e-05,69.10672783
42425275,2017-12-20T09:05:30.17,BUY,5.145e-05,300.0
42425285,2017-12-20T09:05:35.28,BUY,5.145e-05,38.17317784
42425289,2017-12-20T09:05:35.67,BUY,5.145e-05,6713.91490136
42425290,2017-12-20T09:05:35.67,BUY,5.145e-05,590.75471483
42425314,2017-12-20T09:05:43.47,SELL,5.145e-05,50.0
42425323,2017-12-20T09:05:50.56,SELL,5.145e-05,40.0
42425334,2017-12-20T09:05:56.733,BUY,5.146e-05,40.0
42425335,2017-12-20T09:05:56.733,BUY,5.147e-05,20.0
42425337,2017-12-20T09:05:57.47,SELL,5.145e-05,27.19220414
42425347,2017-12-20T09:06:06.437,SELL,5.145e-05,778.53658537
42425349,2017-12-20T09:06:06.437,BUY,5.146e-05,20.0
42425357,2017-12-20T09:06:16.717,SELL,5.145e-05,1799.6015943
42425358,2017-12-20T09:06:16.717,SELL,5.145e-05,195.61901462
42425360,2017-12-20T09:06:18,BUY,5.146e-05,1.0
42425361,2017-12-20T09:06:18,BUY,5.149e-05,50.0
42425447,2017-12-20T09:07:09.733,BUY,5.15e-05,1010.4
42425448,2017-12-20T09:07:09.747,BUY,5.15e-05,57.00057
42425449,2017-12-20T09:07:09.747,BUY,5.15e-05,25.58521795
42425453,2017-12-20T09:07:11.89,SELL,5.149e-05,100.0
42425467,2017-12-20T09:07:15.28,BUY,5.15e-05,225.03157995
42425468,2017-12-20T09:07:15.28,BUY,5.15e-05,192.97863947
42425490,2017-12-20T09:07:22.53,BUY,5.15e-05,400.0
42425495,2017-12-20T09:07:25.56,BUY,5.15e-05,500.0
42425499,2017-12-20T09:07:27.047,SELL,5.149e-05,1325.91238
42425501,2017-12-20T09:07:28.437,BUY,5.15e-05,950.86594194
42425507,2017-12-20T09:07:44.717,SELL,5.149e-05,400.0
42425512,2017-12-20T09:07:50.283,BUY,5.15e-05,58.25242718
42425514,2017-12-20T09:07:53.017,BUY,5.15e-05,38.69370291
42425520,2017-12-20T09:08:00.14,SELL,5.149e-05,126.38869937
42425523,2017-12-20T09:08:01.423,BUY,5.15e-05,12.2008972
42425524,2017-12-20T09:08:01.423,BUY,5.15e-05,41.41775665
42425529,2017-12-20T09:08:04.953,BUY,5.15e-05,4873.52178696
42425537,2017-12-20T09:08:19.47,BUY,5.15e-05,1874.84407608
42425538,2017-12-20T09:08:19.47,BUY,5.15e-05,24.57905544
42425539,2017-12-20T09:08:19.47,BUY,5.15e-05,140.0
42425555,2017-12-20T09:08:36.53,BUY,5.151e-05,507.42972355
42425556,2017-12-20T09:08:36.53,BUY,5.151e-05,500.0
42425557,2017-12-20T09:08:36.53,BUY,5.151e-05,51.49298122
42425568,2017-12-20T09:08:51.14,SELL,5.152e-05,38.11121561
42425572,2017-12-20T09:08:53.937,SELL,5.152e-05,50.88878439
42425573,2017-12-20T09:08:53.937,SELL,5.151e-05,101.68289357
42425574,2017-12-20T09:08:54.047,SELL,5.151e-05,725.86771849
42425575,2017-12-20T09:08:54.047,SELL,5.151e-05,150.0
42425591,2017-12-20T09:09:01.233,BUY,5.151e-05,124.13228151
42425592,2017-12-20T09:09:01.233,BUY,5.151e-05,341.80905076
42425597,2017-12-20T09:09:05.36,BUY,5.151e-05,996.14969565
42425604,2017-12-20T09:09:13.123,BUY,5.151e-05,29.12055911
42425610,2017-12-20T09:09:21.657,BUY,5.151e-05,400.0
42425612,2017-12-20T09:09:23.513,BUY,5.151e-05,301.96848282
42425615,2017-12-20T09:09:25.513,BUY,5.151e-05,416.10126078
42425622,2017-12-20T09:09:30.407,SELL,5.151e-05,302.19775824
42425624,2017-12-20T09:09:31.14,BUY,5.153e-05,77.0
42425625,2017-12-20T09:09:31.14,BUY,5.155e-05,100.0
42425626,2017-12-20T09:09:31.14,BUY,5.158e-05,10.58785907
42425631,2017-12-20T09:09:33.483,SELL,5.151e-05,2234.63053827
42425632,2017-12-20T09:09:33.483,SELL,5.151e-05,1171.51617003
42425641,2017-12-20T09:09:42.657,SELL,5.151e-05,1327.58961194
42425643,2017-12-20T09:09:43.61,BUY,5.158e-05,19.28176826
42425645,2017-12-20T09:09:47,SELL,5.151e-05,212.01827161
42425646,2017-12-20T09:09:47,SELL,5.151e-05,9.63591096
42425649,2017-12-20T09:09:49.873,BUY,5.158e-05,25.13037267
42425654,2017-12-20T09:09:54.11,SELL,5.158e-05,71.80642453
42425655,2017-12-20T09:09:54.11,SELL,5.151e-05,928.19357547
42425663,2017-12-20T09:10:00.67,BUY,5.159e-05,1070.56280959
42425664,2017-12-20T09:10:00.67,BUY,5.159e-05,1804.55791572
42425669,2017-12-20T09:10:04.95,BUY,5.159e-05,4900.26527174
42425702,2017-12-20T09:10:28,BUY,5.16e-05,70.0
42425703,2017-12-20T09:10:28,BUY,5.16e-05,77.0
42425704,2017-12-20T09:10:28,BUY,5.16e-05,71.84431795
42425705,2017-12-20T09:10:28,BUY,5.16e-05,42.15222891
42425721,2017-12-20T09:10:39.607,BUY,5.162e-05,77.0
42425727,2017-12-20T09:10:45.077,BUY,5.163e-05,12.99376299
42425756,2017-12-20T09:11:03.687,SELL,5.163e-05,23.36590382
42425758,2017-12-20T09:11:04.187,SELL,5.163e-05,547.90666461
42425759,2017-12-20T09:11:04.187,SELL,5.16e-05,125.63136012
42425765,2017-12-20T09:11:05.56,BUY,5.16e-05,656.59905613
42425767,2017-12-20T09:11:06.187,BUY,5.16e-05,89.04042431
42425782,2017-12-20T09:11:14.657,BUY,5.16e-05,703.61457825
42425803,2017-12-20T09:11:26.36,BUY,5.164e-05,61.2893413
42425805,2017-12-20T09:11:29.31,BUY,5.164e-05,15.7106587
42425806,2017-12-20T09:11:29.31,BUY,5.164e-05,14.7502509
42425808,2017-12-20T09:11:32.72,SELL,5.164e-05,1020.0
42425810,2017-12-20T09:11:33.22,SELL,5.164e-05,1760.39872192
42425813,2017-12-20T09:11:34.36,BUY,5.165e-05,91.44779233
42425814,2017-12-20T09:11:34.36,BUY,5.165e-05,248.36840438
42425815,2017-12-20T09:11:34.36,BUY,5.165e-05,15.0
42425816,2017-12-20T09:11:34.36,BUY,5.167e-05,100.0
42425817,2017-12-20T09:11:34.36,BUY,5.167e-05,40.0
42425818,2017-12-20T09:11:34.36,BUY,5.168e-05,55.0
42425823,2017-12-20T09:11:34.97,SELL,5.168e-05,79.19529109
42425833,2017-12-20T09:11:43.983,SELL,5.168e-05,625.58410044
42425837,2017-12-20T09:11:48.89,BUY,5.168e-05,1557.33440206
42425839,2017-12-20T09:11:50.343,BUY,5.168e-05,23.17944755
42425847,2017-12-20T09:11:54.53,SELL,5.16e-05,400.0
42425850,2017-12-20T09:11:56.873,SELL,5.161e-05,39.24646781
42425857,2017-12-20T09:12:00.047,BUY,5.168e-05,191.54606477
42425864,2017-12-20T09:12:04.31,BUY,5.168e-05,688.610042
42425870,2017-12-20T09:12:07,BUY,5.168e-05,44.61764706
42425871,2017-12-20T09:12:07.36,SELL,5.164e-05,40.0
42425879,2017-12-20T09:12:16.687,BUY,5.164e-05,13.61865385
42425880,2017-12-20T09:12:16.687,BUY,5.168e-05,5375.11734615
42425882,2017-12-20T09:12:16.733,BUY,5.168e-05,150.0
42425891,2017-12-20T09:12:23.827,BUY,5.168e-05,2064.32470588
42425902,2017-12-20T09:12:41.857,BUY,5.168e-05,40.8598952
42425904,2017-12-20T09:12:42.34,BUY,5.168e-05,2556.58335824
42425905,2017-12-20T09:12:42.34,BUY,5.168e-05,110.0
42425906,2017-12-20T09:12:42.34,BUY,5.177e-05,76.98056609
42425907,2017-12-20T09:12:42.34,BUY,5.177e-05,21.50958154
42425908,2017-12-20T09:12:42.34,BUY,5.177e-05,100.0
42425909,2017-12-20T09:12:42.34,BUY,5.18e-05,195.57989439
42425910,2017-12-20T09:12:42.34,BUY,5.18e-05,1108.5456841
42425911,2017-12-20T09:12:42.34,BUY,5.18e-05,15.0
42425912,2017-12-20T09:12:42.34,BUY,5.18e-05,100.0
42425913,2017-12-20T09:12:42.34,BUY,5.181e-05,13.0
42425914,2017-12-20T09:12:42.34,BUY,5.181e-05,470.61291564
42425955,2017-12-20T09:13:06.283,SELL,5.169e-05,35.63550482
42425981,2017-12-20T09:13:20.707,SELL,5.169e-05,33.23205077
42425984,2017-12-20T09:13:21.393,BUY,5.18e-05,300.0
42425993,2017-12-20T09:13:30.487,SELL,5.168e-05,52.63491728
42425994,2017-12-20T09:13:30.487,SELL,5.168e-05,19.70656595
42425995,2017-12-20T09:13:30.487,SELL,5.164e-05,30.0
42425996,2017-12-20T09:13:30.487,SELL,5.164e-05,195.20547945
42425997,2017-12-20T09:13:30.487,SELL,5.161e-05,49.86791312
42425998,2017-12-20T09:13:30.487,SELL,5.16e-05,773.25581395
42425999,2017-12-20T09:13:30.487,SELL,5.16e-05,3156.81164099
42426000,2017-12-20T09:13:30.487,SELL,5.159e-05,6198.82366689
42426001,2017-12-20T09:13:30.503,SELL,5.151e-05,398.78192308
42426002,2017-12-20T09:13:30.503,SELL,5.151e-05,8838.51279996
42426014,2017-12-20T09:13:37.597,BUY,5.168e-05,58.0495356
42426015,2017-12-20T09:13:37.597,BUY,5.177e-05,17.59340955
42426066,2017-12-20T09:14:09.847,BUY,5.176e-05,16.37849187
42426097,2017-12-20T09:14:22.127,SELL,5.163e-05,1153.83571205
42426098,2017-12-20T09:14:22.127,SELL,5.162e-05,670.0
42426099,2017-12-20T09:14:22.127,SELL,5.162e-05,170.78642023
42426100,2017-12-20T09:14:22.127,SELL,5.162e-05,27.56593762
42426101,2017-12-20T09:14:22.127,SELL,5.155e-05,5000.0
42426102,2017-12-20T09:14:22.127,SELL,5.151e-05,64.09929965
42426103,2017-12-20T09:14:22.127,SELL,5.15e-05,2913.61263045
42426108,2017-12-20T09:14:25.537,BUY,5.173e-05,262.43789461
42426110,2017-12-20T09:14:27.38,BUY,5.173e-05,360.0
42426140,2017-12-20T09:14:41.317,BUY,5.173e-05,80.50741115
42426154,2017-12-20T09:14:54.567,SELL,5.16e-05,192.82814614
42426155,2017-12-20T09:14:54.567,SELL,5.155e-05,2736.62625364
42426156,2017-12-20T09:14:54.567,SELL,5.15e-05,960.17377732
42426157,2017-12-20T09:14:54.567,SELL,5.15e-05,982.82609709
42426173,2017-12-20T09:15:03.037,SELL,5.149e-05,247.84987376
42426192,2017-12-20T09:15:15.457,BUY,5.149e-05,798.033434
42426198,2017-12-20T09:15:19.457,BUY,5.149e-05,176.918987
42426200,2017-12-20T09:15:21.13,SELL,5.148e-05,290.01184926
42426205,2017-12-20T09:15:23.707,BUY,5.148e-05,99.12988007
42426212,2017-12-20T09:15:29.3,BUY,5.148e-05,82.05585949
42426214,2017-12-20T09:15:30.707,SELL,5.147e-05,150.64874321
42426215,2017-12-20T09:15:30.707,SELL,5.146e-05,120.0
42426216,2017-12-20T09:15:30.707,SELL,5.146e-05,278.87757482
42426217,2017-12-20T09:15:30.723,SELL,5.146e-05,587.10221531
42426218,2017-12-20T09:15:30.723,SELL,5.145e-05,99.61035273
42426219,2017-12-20T09:15:30.723,SELL,5.145e-05,3845.79697959
42426220,2017-12-20T09:15:30.723,SELL,5.145e-05,182.12857143
42426224,2017-12-20T09:15:32.8,BUY,5.145e-05,1298.66443216
42426238,2017-12-20T09:15:45.677,BUY,5.145e-05,303.77376949
42426242,2017-12-20T09:15:48.067,SELL,5.145e-05,485.27548561
42426243,2017-12-20T09:15:48.363,SELL,5.14e-05,170.17299038
42426244,2017-12-20T09:15:48.363,SELL,5.14e-05,15.52781469
42426245,2017-12-20T09:15:48.363,SELL,5.14e-05,123.03308609
42426246,2017-12-20T09:15:48.363,SELL,5.14e-05,105.64398298
42426252,2017-12-20T09:15:53.957,SELL,5.13e-05,12.99376299
42426253,2017-12-20T09:15:53.957,SELL,5.129e-05,13.0
42426254,2017-12-20T09:15:53.957,SELL,5.118e-05,14.00930901
42426266,2017-12-20T09:15:57.05,BUY,5.14e-05,100.0
42426274,2017-12-20T09:16:06.347,BUY,5.14e-05,205.42720399
42426276,2017-12-20T09:16:06.423,BUY,5.14e-05,300.0
42426308,2017-12-20T09:16:31.147,BUY,5.14e-05,103.39505634
42426309,2017-12-20T09:16:31.147,BUY,5.14e-05,426.35716905
42426310,2017-12-20T09:16:31.147,BUY,5.14e-05,411.63902697
42426311,2017-12-20T09:16:31.147,BUY,5.147e-05,4382.68645364
42426333,2017-12-20T09:16:44.067,BUY,5.147e-05,3155.62095344
42426340,2017-12-20T09:16:45.63,SELL,5.14e-05,388.13229572
42426341,2017-12-20T09:16:45.63,SELL,5.14e-05,803.30712695
42426342,2017-12-20T09:16:45.63,SELL,5.118e-05,30.08193757
42426359,2017-12-20T09:16:58.8,BUY,5.118e-05,31.47248346
42426365,2017-12-20T09:17:01.973,BUY,5.118e-05,195.38882375
42426370,2017-12-20T09:17:05.393,BUY,5.116e-05,1979.10880257
42426371,2017-12-20T09:17:05.393,BUY,5.118e-05,1268.90453056
42426372,2017-12-20T09:17:05.393,BUY,5.118e-05,133.98666687
42426376,2017-12-20T09:17:07.44,BUY,5.118e-05,0.19549843
42426377,2017-12-20T09:17:07.44,BUY,5.118e-05,196.27414776
42426378,2017-12-20T09:17:07.44,BUY,5.118e-05,183.21396038
42426379,2017-12-20T09:17:07.44,BUY,5.14e-05,500.0
42426380,2017-12-20T09:17:07.44,BUY,5.147e-05,3.46231938
42426393,2017-12-20T09:17:18.833,BUY,5.145e-05,823.89338934
42426398,2017-12-20T09:17:21.787,BUY,5.145e-05,150.0
42426408,2017-12-20T09:17:28.503,BUY,5.145e-05,41.24163265
42426425,2017-12-20T09:17:41.693,BUY,5.145e-05,2016.730069
42426426,2017-12-20T09:17:45.473,SELL,5.12e-05,80.74391529
42426427,2017-12-20T09:17:50.413,SELL,5.12e-05,19.25608471
42426432,2017-12-20T09:17:55.74,BUY,5.12e-05,15.84243746
42426433,2017-12-20T09:17:55.74,BUY,5.145e-05,817.49128306
42426470,2017-12-20T09:18:32.757,BUY,5.145e-05,33.33333
42426497,2017-12-20T09:18:58.973,BUY,5.144e-05,1000.0
42426505,2017-12-20T09:19:03.787,SELL,5.13e-05,637.33791438
42426510,2017-12-20T09:19:05.41,BUY,5.144e-05,17.92232126
42426517,2017-12-20T09:19:07.66,BUY,5.144e-05,389.6484375
42426519,2017-12-20T09:19:08.473,SELL,5.13e-05,87.20511317
42426524,2017-12-20T09:19:11.85,BUY,5.144e-05,73.13432835
42426527,2017-12-20T09:19:12.333,BUY,5.144e-05,123.46932446
42426531,2017-12-20T09:19:12.74,BUY,5.144e-05,4606.015389
42426536,2017-12-20T09:19:17.223,BUY,5.144e-05,389.6484375
42426544,2017-12-20T09:19:21.287,BUY,5.144e-05,100.0
42426547,2017-12-20T09:19:21.567,BUY,5.144e-05,756.54167778
42426573,2017-12-20T09:19:45.69,BUY,5.144e-05,120.0
