57025410,2017-12-24T15:04:04.583,BUY,0.0013795,1.0
57025431,2017-12-24T15:04:30.96,SELL,0.00137301,20.0
57025443,2017-12-24T15:04:43.897,SELL,0.00137301,1.0
57025450,2017-12-24T15:04:49.99,SELL,0.00137303,41.71343597
57025489,2017-12-24T15:05:57.943,BUY,0.0013795,4.40575089
57025490,2017-12-24T15:05:57.943,BUY,0.00138029,1.36033361
57025491,2017-12-24T15:05:57.943,BUY,0.001381,18.03259207
57025492,2017-12-24T15:05:57.943,BUY,0.00138137,2.52474674
57025493,2017-12-24T15:05:57.943,BUY,0.00138178,36.47428349
57025494,2017-12-24T15:05:57.943,BUY,0.00138179,12.2022932
57025510,2017-12-24T15:06:12.99,BUY,0.0013795,3.60944861
57025517,2017-12-24T15:06:30.223,BUY,0.0013795,0.67627668
57025531,2017-12-24T15:06:42.49,BUY,0.0013795,10.12499516
57025537,2017-12-24T15:06:46.037,SELL,0.00137304,1.21621454
57025543,2017-12-24T15:06:47.973,BUY,0.0013795,0.60864945
57025551,2017-12-24T15:06:54.22,BUY,0.0013795,17.6806301
57025552,2017-12-24T15:06:54.22,BUY,0.0013795,1.37607175
57025584,2017-12-24T15:07:17.943,SELL,0.00138114,5.64329815
57025585,2017-12-24T15:07:17.943,SELL,0.00138114,9.70160687
57025607,2017-12-24T15:07:32.997,SELL,0.00138114,5.14958313
57025680,2017-12-24T15:08:33.83,SELL,0.00137305,0.73242725
57025699,2017-12-24T15:08:56.87,BUY,0.00137903,0.48918432
57025700,2017-12-24T15:08:56.87,BUY,0.00137903,10.0
57025704,2017-12-24T15:09:06.043,BUY,0.00138114,54.07513266
57025742,2017-12-24T15:09:48.67,BUY,0.00138026,0.724
57025750,2017-12-24T15:10:08.13,BUY,0.00138026,0.00843
57025751,2017-12-24T15:10:08.13,BUY,0.00138026,0.6564475
57025752,2017-12-24T15:10:08.13,BUY,0.00138026,10.0
57025753,2017-12-24T15:10:08.13,BUY,0.00138114,12.2951225
57025755,2017-12-24T15:10:13.723,BUY,0.00138114,72.22294626
57025758,2017-12-24T15:10:16.773,BUY,0.00138114,55.53960952
57025759,2017-12-24T15:10:16.773,BUY,0.00138114,10.0
57025760,2017-12-24T15:10:16.773,BUY,0.00138114,15.39223998
57025761,2017-12-24T15:10:16.773,BUY,0.00138114,17.34176903
57025769,2017-12-24T15:10:20.697,BUY,0.00138112,37.67
57025786,2017-12-24T15:10:46.5,BUY,0.00138112,18.0
57025805,2017-12-24T15:11:17.433,BUY,0.00138112,30.0
57025813,2017-12-24T15:11:27.843,SELL,0.00138026,276.22176054
57025815,2017-12-24T15:11:29.187,BUY,0.00138112,14.44479842
57025819,2017-12-24T15:11:32.44,BUY,0.00138112,11.0
57025826,2017-12-24T15:11:37.003,BUY,0.00138112,1.1
57025827,2017-12-24T15:11:37.33,SELL,0.00138027,15.0
57025828,2017-12-24T15:11:37.33,SELL,0.00138026,479.92487906
57025834,2017-12-24T15:11:47.617,SELL,0.00138026,164.00696212
57025854,2017-12-24T15:12:02.293,SELL,0.00138026,18.84007087
57025857,2017-12-24T15:12:02.73,BUY,0.00138112,10.0
57025858,2017-12-24T15:12:02.73,BUY,0.00138112,203.4251944
57025859,2017-12-24T15:12:02.73,BUY,0.00138114,13.94857127
57025865,2017-12-24T15:12:08.28,SELL,0.00138114,5.0
57025881,2017-12-24T15:12:20.033,SELL,0.00138114,10.0
57025911,2017-12-24T15:12:54.2,SELL,0.00138114,7.62623433
57025912,2017-12-24T15:12:54.2,SELL,0.00138114,32.37376567
57025925,2017-12-24T15:13:00.53,SELL,0.00138114,22.9379218
57025927,2017-12-24T15:13:00.81,SELL,0.00138114,127.59351008
57025928,2017-12-24T15:13:01.013,SELL,0.00138114,33.76394457
57025929,2017-12-24T15:13:01.013,SELL,0.00138026,229.19625543
57025930,2017-12-24T15:13:01.077,SELL,0.00138026,184.29537645
57025932,2017-12-24T15:13:01.25,SELL,0.00138026,574.84908653
57025949,2017-12-24T15:13:15.41,BUY,0.00138114,0.79644351
57025957,2017-12-24T15:13:22.367,BUY,0.00138114,2.20355649
57025958,2017-12-24T15:13:22.367,BUY,0.00138114,8.0
57025959,2017-12-24T15:13:22.367,BUY,0.00138178,2.49457388
57025960,2017-12-24T15:13:22.38,BUY,0.00138178,10.0
57025961,2017-12-24T15:13:22.38,BUY,0.00138179,68.47186963
57025990,2017-12-24T15:13:46.483,BUY,0.00138179,9.6211549
57025991,2017-12-24T15:13:46.483,BUY,0.00138184,217.9318191
57025994,2017-12-24T15:13:48.53,SELL,0.00138027,14.4
57025998,2017-12-24T15:13:50.36,BUY,0.00138184,20.835523
57026015,2017-12-24T15:14:08.333,BUY,0.00138184,67.31004726
57026021,2017-12-24T15:14:15.82,SELL,0.00138027,285.6
57026022,2017-12-24T15:14:15.82,SELL,0.00138027,134.47703518
57026023,2017-12-24T15:14:15.82,SELL,0.00138027,3.18549262
57026027,2017-12-24T15:14:17.963,BUY,0.00138027,1.1
57026033,2017-12-24T15:14:21.243,BUY,0.00138027,25.26522608
57026041,2017-12-24T15:14:33.857,BUY,0.00138027,188.81609304
57026042,2017-12-24T15:14:33.857,BUY,0.00138184,518.95652226
57026048,2017-12-24T15:14:39.28,BUY,0.00138184,121.97839939
57026049,2017-12-24T15:14:39.28,BUY,0.00138184,1.30151042
57026050,2017-12-24T15:14:39.28,BUY,0.00138184,5.0
57026059,2017-12-24T15:14:43.33,BUY,0.00138199,6.97938
57026072,2017-12-24T15:14:49.003,BUY,0.00138199,1.36538672
57026087,2017-12-24T15:15:00.21,BUY,0.00138199,196.37475647
57026100,2017-12-24T15:15:16.48,BUY,0.00138199,28.5235601
57026101,2017-12-24T15:15:17.23,SELL,0.00138185,10.0
57026106,2017-12-24T15:15:34.77,SELL,0.00138185,8.18333102
57026107,2017-12-24T15:15:34.77,SELL,0.00138185,2.86366545
57026108,2017-12-24T15:15:34.783,SELL,0.00138184,697.41477145
57026118,2017-12-24T15:15:55.43,SELL,0.00138184,10.0
57026120,2017-12-24T15:16:02.777,SELL,0.00138184,20.0
57026123,2017-12-24T15:16:11.937,SELL,0.00138184,0.72548197
57026129,2017-12-24T15:16:19.297,BUY,0.00138199,130.51137066
57026130,2017-12-24T15:16:19.297,BUY,0.00138199,19.48862934
57026139,2017-12-24T15:16:29.177,BUY,0.00138199,0.51137066
57026140,2017-12-24T15:16:29.177,BUY,0.00138199,16.92693046
57026149,2017-12-24T15:16:41.977,BUY,0.001382,50.22638772
57026161,2017-12-24T15:16:51.917,BUY,0.001382,13.5424
57026167,2017-12-24T15:16:54.92,BUY,0.001382,3.45531979
57026170,2017-12-24T15:17:00.107,SELL,0.00138199,27.40360201
57026174,2017-12-24T15:17:01.25,BUY,0.001382,11.8511
57026175,2017-12-24T15:17:01.327,SELL,0.00138199,2.49285866
57026179,2017-12-24T15:17:06.233,BUY,0.001382,11.6708
57026184,2017-12-24T15:17:12.457,BUY,0.001382,10.5096
57026188,2017-12-24T15:17:18.94,BUY,0.001382,9.4639
57026193,2017-12-24T15:17:23.787,BUY,0.001382,7.038
57026222,2017-12-24T15:17:55.72,BUY,0.001382,25.3
57026229,2017-12-24T15:17:58.72,BUY,0.001382,5.19891388
57026241,2017-12-24T15:18:10.253,BUY,0.00138263,2.51751693
57026242,2017-12-24T15:18:10.253,BUY,0.00138316,0.5824328
57026243,2017-12-24T15:18:10.253,BUY,0.00138349,0.69313647
57026244,2017-12-24T15:18:10.253,BUY,0.00138359,7.50792743
57026245,2017-12-24T15:18:10.253,BUY,0.0013838,5.97690597
57026246,2017-12-24T15:18:10.253,BUY,0.001385,10.0
57026265,2017-12-24T15:18:25.9,SELL,0.001385,13.46325499
57026269,2017-12-24T15:18:31.527,SELL,0.001385,6.53066041
57026270,2017-12-24T15:18:36.89,SELL,0.001385,1.0
57026312,2017-12-24T15:19:18.09,SELL,0.001385,15.03759398
57026313,2017-12-24T15:19:18.15,SELL,0.001385,3.50113086
57026341,2017-12-24T15:19:37.343,BUY,0.00138584,0.49232329
57026342,2017-12-24T15:19:37.343,BUY,0.00138584,1.73543565
57026351,2017-12-24T15:19:43.72,BUY,0.00138584,11.53640987
57026354,2017-12-24T15:19:44.27,BUY,0.00138584,3.69017708
57026356,2017-12-24T15:19:44.957,BUY,0.00138584,33.26436512
57026357,2017-12-24T15:19:44.957,BUY,0.00138584,3.17237368
57026401,2017-12-24T15:20:12.667,SELL,0.00138599,297.08637239
57026430,2017-12-24T15:20:48.13,SELL,0.00138599,8.46617861
57026431,2017-12-24T15:20:48.13,SELL,0.00138599,18.03382139
57026439,2017-12-24T15:20:56.603,BUY,0.00138605,7.49460215
57026442,2017-12-24T15:20:57.68,BUY,0.001387,4.7
57026443,2017-12-24T15:20:57.68,BUY,0.00138735,1.85147638
57026444,2017-12-24T15:20:57.68,BUY,0.00138735,10.0
57026445,2017-12-24T15:20:57.68,BUY,0.00138897,47.44962362
57026447,2017-12-24T15:21:03.747,SELL,0.00138605,15.96557473
57026455,2017-12-24T15:21:13.467,BUY,0.00138897,5.39968465
57026457,2017-12-24T15:21:19.03,BUY,0.00138897,59.67928315
57026459,2017-12-24T15:21:19.297,BUY,0.00138897,2.36312607
57026461,2017-12-24T15:21:23.22,BUY,0.00138897,85.10828251
57026462,2017-12-24T15:21:23.22,BUY,0.00138898,2297.6678927
57026469,2017-12-24T15:21:38.71,BUY,0.00138897,10.0
57026481,2017-12-24T15:22:01.7,SELL,0.00138897,5.23631212
57026482,2017-12-24T15:22:01.7,SELL,0.00138897,0.76368788
57026487,2017-12-24T15:22:09.093,SELL,0.00138897,2.42470554
57026490,2017-12-24T15:22:11.11,SELL,0.00138897,1.64911927
57026491,2017-12-24T15:22:11.11,SELL,0.00138897,0.82149344
57026508,2017-12-24T15:22:20.72,BUY,0.00138898,623.80916566
57026512,2017-12-24T15:22:27.333,BUY,0.00138898,4.03759973
57026513,2017-12-24T15:22:27.333,BUY,0.00138898,8.0
57026521,2017-12-24T15:22:34.587,BUY,0.00138909,1.0
57026522,2017-12-24T15:22:34.587,BUY,0.00138915,1.48553318
57026528,2017-12-24T15:22:40.62,BUY,0.00138915,2.00557036
57026529,2017-12-24T15:22:40.62,BUY,0.00138938,1.60674765
57026530,2017-12-24T15:22:40.62,BUY,0.00139,11.16476951
57026531,2017-12-24T15:22:40.62,BUY,0.00139,11.15711953
57026532,2017-12-24T15:22:40.62,BUY,0.00139,12.79467007
57026533,2017-12-24T15:22:40.62,BUY,0.00139,20.0
57026534,2017-12-24T15:22:40.62,BUY,0.00139,15.34615385
57026535,2017-12-24T15:22:40.62,BUY,0.00139,70.47730106
57026537,2017-12-24T15:22:40.917,BUY,0.00139,2.86397298
57026538,2017-12-24T15:22:40.917,BUY,0.00139,3.4618705
57026539,2017-12-24T15:22:41.853,SELL,0.00139,12.4901856
57026540,2017-12-24T15:22:41.853,SELL,0.00138909,20.5098144
57026542,2017-12-24T15:22:42.15,SELL,0.00138909,0.36211585
57026560,2017-12-24T15:23:02.5,BUY,0.00139,5.0
57026562,2017-12-24T15:23:03.313,BUY,0.00139095,5.91595721
57026580,2017-12-24T15:23:14.3,SELL,0.00139,2.17625899
57026589,2017-12-24T15:23:20.3,BUY,0.00139,142.74000383
57026599,2017-12-24T15:23:25.583,BUY,0.00139,60.37395763
57026614,2017-12-24T15:23:35.04,SELL,0.00138909,125.7880082
57026616,2017-12-24T15:23:38.027,BUY,0.00139,1.0
57026630,2017-12-24T15:23:48.607,SELL,0.00138898,4.68030856
57026635,2017-12-24T15:23:55.077,SELL,0.00138898,141.37860991
57026636,2017-12-24T15:23:55.077,SELL,0.00138897,258.62139009
57026645,2017-12-24T15:24:00.11,SELL,0.00138909,1.51925652
57026646,2017-12-24T15:24:00.11,SELL,0.00138897,36.69391011
57026659,2017-12-24T15:24:20.57,SELL,0.00138897,85.4363757
57026665,2017-12-24T15:24:25.477,SELL,0.0013861,1.00751746
57026666,2017-12-24T15:24:25.477,SELL,0.00138605,12.5233735
57026667,2017-12-24T15:24:25.477,SELL,0.00138605,26.0
57026668,2017-12-24T15:24:25.477,SELL,0.00138605,231.95202351
57026671,2017-12-24T15:24:28.93,SELL,0.00138605,22.10448512
57026672,2017-12-24T15:24:29.243,SELL,0.00138605,26.60465312
57026679,2017-12-24T15:24:32.45,SELL,0.001386,10.20842554
57026680,2017-12-24T15:24:32.45,SELL,0.001386,3.4
57026685,2017-12-24T15:24:38.107,SELL,0.00138599,2.0
57026695,2017-12-24T15:24:46.56,SELL,0.00138584,19.68867665
57026703,2017-12-24T15:24:48.687,SELL,0.00138585,1.19331331
57026705,2017-12-24T15:24:53.453,SELL,0.00138605,1.0109106
57026707,2017-12-24T15:24:53.89,SELL,0.00138605,1.83218638
57026708,2017-12-24T15:24:54.33,SELL,0.00138605,0.15690302
57026715,2017-12-24T15:24:57.597,SELL,0.001385,3.66142107
57026716,2017-12-24T15:24:58.11,SELL,0.001385,7.83119423
57026717,2017-12-24T15:24:58.44,SELL,0.001385,0.8779567
57026719,2017-12-24T15:24:58.987,SELL,0.001385,2.57037314
57026723,2017-12-24T15:25:02.097,SELL,0.001385,27.92088144
57026724,2017-12-24T15:25:02.253,SELL,0.001385,1.9117647
57026726,2017-12-24T15:25:02.77,SELL,0.001385,19.41507404
57026727,2017-12-24T15:25:03.63,SELL,0.001385,0.79328414
57026735,2017-12-24T15:25:09.49,SELL,0.00138263,2.57317912
57026741,2017-12-24T15:25:12.897,BUY,0.00138897,0.41203914
57026755,2017-12-24T15:25:20.947,SELL,0.00138163,2.12165341
57026756,2017-12-24T15:25:20.947,SELL,0.00138163,16.32804921
57026757,2017-12-24T15:25:21.587,SELL,0.00138163,3.66705918
57026759,2017-12-24T15:25:22.243,SELL,0.00138163,88.22695032
57026760,2017-12-24T15:25:23.197,SELL,0.00138163,83.19190521
57026762,2017-12-24T15:25:23.65,SELL,0.00138163,5.57685604
57026763,2017-12-24T15:25:24.417,SELL,0.00138163,2.21912468
57026773,2017-12-24T15:25:27.7,SELL,0.001385,4.2193796
57026777,2017-12-24T15:25:29.887,SELL,0.001385,35.7806204
57026778,2017-12-24T15:25:29.887,SELL,0.00138163,11.12908801
57026779,2017-12-24T15:25:29.963,SELL,0.00138163,2.34899212
57026780,2017-12-24T15:25:30.277,SELL,0.00138163,1.47050173
57026784,2017-12-24T15:25:31.62,SELL,0.00138501,4.29233672
57026787,2017-12-24T15:25:32.42,SELL,0.00138501,32.48379192
57026790,2017-12-24T15:25:33.23,SELL,0.00138501,5.0
57026791,2017-12-24T15:25:33.28,SELL,0.00138501,14.76228456
57026802,2017-12-24T15:25:34.933,SELL,0.00138501,3.39225012
57026804,2017-12-24T15:25:35.28,SELL,0.00138501,0.79773924
57026806,2017-12-24T15:25:35.717,SELL,0.00138501,0.88235294
57026812,2017-12-24T15:25:39.45,SELL,0.00138501,6.5043469
57026822,2017-12-24T15:25:42.47,SELL,0.00138501,6.8848976
57026823,2017-12-24T15:25:42.47,SELL,0.00138501,66.15578606
57026830,2017-12-24T15:25:42.937,SELL,0.00138501,6.65040062
57026845,2017-12-24T15:25:49.703,SELL,0.00138501,2.19381
57026846,2017-12-24T15:25:49.703,SELL,0.00138501,19.26085366
57026859,2017-12-24T15:25:54.643,BUY,0.00138896,20.0
57026860,2017-12-24T15:25:54.643,BUY,0.00138897,161.6701899
57026861,2017-12-24T15:25:54.643,BUY,0.00138897,9.43639484
57026862,2017-12-24T15:25:54.643,BUY,0.00139,13.70977955
57026863,2017-12-24T15:25:54.643,BUY,0.00139,87.98117044
57026864,2017-12-24T15:25:54.643,BUY,0.00139,107.20246527
57026885,2017-12-24T15:26:00.74,BUY,0.00139,75.0
57026897,2017-12-24T15:26:09.71,BUY,0.00139,3.5971223
57026908,2017-12-24T15:26:19.73,BUY,0.00139,7.17626617
57026910,2017-12-24T15:26:20.917,BUY,0.00139,7.02414626
57026911,2017-12-24T15:26:20.917,BUY,0.00139095,4.31926433
57026912,2017-12-24T15:26:20.917,BUY,0.00139097,5.15531301
57026913,2017-12-24T15:26:20.917,BUY,0.001391,8.77921201
57026914,2017-12-24T15:26:20.917,BUY,0.00139107,2.80305873
57026915,2017-12-24T15:26:20.917,BUY,0.00139118,4.47653946
57026916,2017-12-24T15:26:20.917,BUY,0.00139118,28.0
57026917,2017-12-24T15:26:20.917,BUY,0.00139123,28.0
57026918,2017-12-24T15:26:20.917,BUY,0.00139149,0.72087663
57026919,2017-12-24T15:26:20.917,BUY,0.00139164,8.11852657
57026920,2017-12-24T15:26:20.917,BUY,0.00139187,0.4
57026921,2017-12-24T15:26:20.917,BUY,0.00139187,11.91120207
57026922,2017-12-24T15:26:20.917,BUY,0.00139188,0.21778083
57026923,2017-12-24T15:26:20.917,BUY,0.0013919,36.49844076
57026926,2017-12-24T15:26:21.823,SELL,0.00138577,58.32753726
57026938,2017-12-24T15:26:28.933,BUY,0.00139,34.96492975
57026963,2017-12-24T15:26:48.127,BUY,0.00138999,34.59637636
57026982,2017-12-24T15:27:00.35,SELL,0.00139,8.02216005
57026985,2017-12-24T15:27:07.82,SELL,0.00139,1.57784255
57026988,2017-12-24T15:27:10.727,SELL,0.00139,1.05422967
57026990,2017-12-24T15:27:12.323,SELL,0.00139,2.87958446
57026997,2017-12-24T15:27:15.12,SELL,0.00138577,1.02655663
57026999,2017-12-24T15:27:15.447,SELL,0.00138577,0.51327479
57027012,2017-12-24T15:27:22.887,SELL,0.00138577,5.60693165
57027014,2017-12-24T15:27:23.247,BUY,0.00139,13.19271971
57027018,2017-12-24T15:27:25.03,BUY,0.00139,4.0
57027025,2017-12-24T15:27:28.653,SELL,0.00138577,27.20736772
57027028,2017-12-24T15:27:31.453,SELL,0.00138999,0.5
57027029,2017-12-24T15:27:31.453,SELL,0.00138577,41.01125935
57027030,2017-12-24T15:27:32,SELL,0.00138577,1.02418616
57027031,2017-12-24T15:27:32.03,SELL,0.00138577,4.1931358
57027033,2017-12-24T15:27:32.89,SELL,0.00138577,4.98470498
57027035,2017-12-24T15:27:33.373,SELL,0.00138577,2.20264317
57027036,2017-12-24T15:27:33.58,SELL,0.00138577,3.33564972
57027037,2017-12-24T15:27:35.547,SELL,0.00138577,13.1727088
57027047,2017-12-24T15:27:37.203,SELL,0.00138767,2.73155001
57027048,2017-12-24T15:27:37.203,SELL,0.00138577,13.37318623
57027082,2017-12-24T15:27:53.757,SELL,0.00138767,1.66687528
57027103,2017-12-24T15:28:10.23,SELL,0.00138743,3.32341091
57027111,2017-12-24T15:28:17.497,BUY,0.00139189,2.44784993
57027112,2017-12-24T15:28:17.497,BUY,0.00139189,1.09787955
57027116,2017-12-24T15:28:23.123,SELL,0.00138577,5.0
57027195,2017-12-24T15:29:18.233,SELL,0.0013923,122.6347901
57027215,2017-12-24T15:29:35.377,SELL,0.0013923,14.47007336
57027216,2017-12-24T15:29:35.377,SELL,0.00139189,2.1173581
57027223,2017-12-24T15:29:40.143,SELL,0.00138504,8.3176914
57027238,2017-12-24T15:29:54.477,SELL,0.00138505,15.19981228
57027245,2017-12-24T15:30:07.857,SELL,0.00138505,59.80018772
57027246,2017-12-24T15:30:07.857,SELL,0.00138505,59.6586494
57027252,2017-12-24T15:30:14.983,SELL,0.001386,5.0
57027265,2017-12-24T15:30:23.813,BUY,0.00138503,5.0
57027279,2017-12-24T15:30:33.237,BUY,0.00138503,6.08518468
57027283,2017-12-24T15:30:36.91,BUY,0.00138503,8.91481532
57027309,2017-12-24T15:30:54.137,SELL,0.00138522,3.0
57027335,2017-12-24T15:31:38.6,BUY,0.001386,47.42654678
57027336,2017-12-24T15:31:39.6,SELL,0.001386,2.57345322
57027337,2017-12-24T15:31:39.6,SELL,0.00138522,0.48518468
57027339,2017-12-24T15:31:41.74,BUY,0.00138522,1.28996838
57027345,2017-12-24T15:31:46.227,BUY,0.00138522,15.65139372
57027346,2017-12-24T15:31:46.227,BUY,0.001392,10.0
57027347,2017-12-24T15:31:46.227,BUY,0.00139293,10.0
57027348,2017-12-24T15:31:46.227,BUY,0.00139293,3.5122113
57027349,2017-12-24T15:31:46.227,BUY,0.00139296,1.86342604
57027350,2017-12-24T15:31:46.227,BUY,0.00139326,1.88044775
57027351,2017-12-24T15:31:46.227,BUY,0.00139349,0.37664184
57027352,2017-12-24T15:31:46.227,BUY,0.00139356,5.95562924
57027353,2017-12-24T15:31:46.227,BUY,0.00139362,3.19720773
57027354,2017-12-24T15:31:46.227,BUY,0.00139389,13.12383089
57027355,2017-12-24T15:31:46.227,BUY,0.00139412,5.84221793
57027388,2017-12-24T15:32:00.823,SELL,0.00138521,1.44744301
57027399,2017-12-24T15:32:11.437,BUY,0.00138522,2.36312607
57027400,2017-12-24T15:32:11.453,BUY,0.00139412,5.16859893
57027402,2017-12-24T15:32:11.86,SELL,0.00138521,2.44167897
57027433,2017-12-24T15:32:37.333,SELL,0.0013853,20.0
57027434,2017-12-24T15:32:38.227,SELL,0.0013853,15.35695299
57027436,2017-12-24T15:32:38.32,BUY,0.001394,174.96463328
57027437,2017-12-24T15:32:38.32,BUY,0.00139412,25.03536672
57027481,2017-12-24T15:33:35.96,BUY,0.00139412,45.0
57027498,2017-12-24T15:34:08.72,BUY,0.00139202,1.19331331
57027503,2017-12-24T15:34:14.813,SELL,0.00139202,0.70744681
57027509,2017-12-24T15:34:21.893,BUY,0.00139203,3.23268895
57027513,2017-12-24T15:34:31.91,SELL,0.00139202,10.15362847
57027514,2017-12-24T15:34:31.91,SELL,0.00138532,4.55225388
57027532,2017-12-24T15:34:50.603,BUY,0.00139202,5.944298
57027533,2017-12-24T15:34:50.713,SELL,0.00138533,0.87923682
57027534,2017-12-24T15:34:55.37,SELL,0.00138533,15.12076318
57027535,2017-12-24T15:34:55.37,SELL,0.00138532,133.7637872
57027537,2017-12-24T15:34:55.887,BUY,0.00139202,8.2440341
57027538,2017-12-24T15:34:57.043,SELL,0.00138532,1.0
57027547,2017-12-24T15:35:08.953,BUY,0.00139202,1.16862089
57027563,2017-12-24T15:35:20.957,SELL,0.00139202,0.59179002
57027571,2017-12-24T15:35:33.71,BUY,0.00139202,20.95177734
57027581,2017-12-24T15:35:46.713,SELL,0.00139202,2.6281461
57027582,2017-12-24T15:35:46.713,SELL,0.0013855,9.3718539
57027603,2017-12-24T15:36:31.66,SELL,0.00139202,5.0
57027604,2017-12-24T15:36:31.66,SELL,0.00138551,195.0
57027606,2017-12-24T15:36:35.367,SELL,0.00138551,36.61778332
57027608,2017-12-24T15:36:39.757,SELL,0.00138551,0.6864307
57027615,2017-12-24T15:36:56.777,BUY,0.00139203,4.01694494
57027616,2017-12-24T15:36:56.777,BUY,0.00139203,9.13404032
57027626,2017-12-24T15:37:07.403,BUY,0.00139201,2.42472245
57027627,2017-12-24T15:37:07.403,BUY,0.00139202,9.47162036
57027647,2017-12-24T15:37:28.473,BUY,0.00139202,15.08599014
57027654,2017-12-24T15:37:31.583,BUY,0.00139202,8.53230036
57027664,2017-12-24T15:37:48.493,SELL,0.00139201,2.36409385
57027665,2017-12-24T15:37:48.493,SELL,0.00138555,4.50932623
57027669,2017-12-24T15:37:52.853,BUY,0.00139202,33.85999249
57027670,2017-12-24T15:37:52.853,BUY,0.00139202,1.96871933
57027685,2017-12-24T15:38:09.153,BUY,0.00139202,0.53878536
57027690,2017-12-24T15:38:18.28,BUY,0.00139201,10.0
57027700,2017-12-24T15:39:04.23,SELL,0.0013856,164.50143251
57027703,2017-12-24T15:39:09.34,SELL,0.0013856,173.85379266
57027704,2017-12-24T15:39:09.34,SELL,0.00138555,483.1899677
57027705,2017-12-24T15:39:09.34,SELL,0.00138555,0.39596189
57027706,2017-12-24T15:39:09.357,SELL,0.0013855,354.81512972
57027707,2017-12-24T15:39:09.357,SELL,0.0013855,75.0
57027708,2017-12-24T15:39:09.357,SELL,0.0013853,687.30709893
57027709,2017-12-24T15:39:09.357,SELL,0.00138501,0.36872556
57027710,2017-12-24T15:39:09.357,SELL,0.001385,279.64596325
57027711,2017-12-24T15:39:09.357,SELL,0.00138326,2.4857872
57027712,2017-12-24T15:39:09.357,SELL,0.00138231,3.84486837
57027713,2017-12-24T15:39:09.357,SELL,0.0013819,1.33630509
57027714,2017-12-24T15:39:09.357,SELL,0.00138185,4.59558405
57027715,2017-12-24T15:39:09.357,SELL,0.00138163,721.97332137
57027716,2017-12-24T15:39:09.357,SELL,0.00138083,1.98575494
57027717,2017-12-24T15:39:09.357,SELL,0.00138027,0.4
57027718,2017-12-24T15:39:09.357,SELL,0.00138026,2661.99155054
57027737,2017-12-24T15:39:22.86,SELL,0.0013816,1.1
57027738,2017-12-24T15:39:22.86,SELL,0.00138159,10.42495
57027739,2017-12-24T15:39:22.86,SELL,0.00138026,82.67405846
57027740,2017-12-24T15:39:22.86,SELL,0.00138026,4.2305325
57027741,2017-12-24T15:39:22.86,SELL,0.00138001,5.0
57027742,2017-12-24T15:39:22.86,SELL,0.00138001,72.3
57027743,2017-12-24T15:39:22.86,SELL,0.00138,155.74041228
57027744,2017-12-24T15:39:22.86,SELL,0.00138,43.47383943
57027745,2017-12-24T15:39:22.86,SELL,0.00137962,3.68341282
57027746,2017-12-24T15:39:22.86,SELL,0.00137911,169.788
57027748,2017-12-24T15:39:23.377,BUY,0.00137911,15.85441251
57027749,2017-12-24T15:39:24.173,SELL,0.0013856,3.39232204
57027780,2017-12-24T15:39:42.863,SELL,0.0013856,10.0
57027794,2017-12-24T15:40:01.743,BUY,0.00139101,5.0
57027817,2017-12-24T15:40:34.41,SELL,0.0013856,18.76802208
57027823,2017-12-24T15:40:39.91,BUY,0.00139,2.76722057
57027836,2017-12-24T15:40:50.663,SELL,0.00139,51.89625306
57027846,2017-12-24T15:40:57.57,BUY,0.00139,20.0
57027856,2017-12-24T15:41:08.387,BUY,0.00139,16.56323841
57027864,2017-12-24T15:41:18.937,BUY,0.00139,0.99191035
57027869,2017-12-24T15:41:26.86,SELL,0.0013856,0.67065433
57027871,2017-12-24T15:41:33.907,BUY,0.00139,10.54859818
57027872,2017-12-24T15:41:33.907,BUY,0.00139,7.0
57027873,2017-12-24T15:41:34.657,SELL,0.00139,2.45140182
57027874,2017-12-24T15:41:34.673,SELL,0.0013856,1.31458904
57027875,2017-12-24T15:41:34.673,SELL,0.0013856,5.0
57027876,2017-12-24T15:41:34.673,SELL,0.0013856,16.23400914
57027877,2017-12-24T15:41:37.05,SELL,0.0013856,15.89546874
57027878,2017-12-24T15:41:37.05,SELL,0.0013856,3.0
57027883,2017-12-24T15:41:49.1,SELL,0.00138027,14.05298371
57027884,2017-12-24T15:41:55.18,SELL,0.00138027,26.76683407
57027888,2017-12-24T15:42:00.29,BUY,0.00138559,4.92957746
57027891,2017-12-24T15:42:04.57,BUY,0.00138559,16.31080717
57027893,2017-12-24T15:42:07.32,SELL,0.00138559,3.68919283
57027919,2017-12-24T15:42:47.35,BUY,0.00138559,16.50774615
57027920,2017-12-24T15:42:47.35,BUY,0.00138559,3.68919283
57027921,2017-12-24T15:42:47.35,BUY,0.00138559,3.68919283
57027922,2017-12-24T15:42:47.35,BUY,0.00138559,0.53423714
57027923,2017-12-24T15:42:48.74,SELL,0.00138559,1.66687528
57027935,2017-12-24T15:43:14.027,SELL,0.00138559,53.48742396
57027936,2017-12-24T15:43:14.027,SELL,0.00138559,5.75927944
57027937,2017-12-24T15:43:14.04,SELL,0.00138559,1.07786493
57027938,2017-12-24T15:43:14.04,SELL,0.00138027,2.0
57027939,2017-12-24T15:43:14.04,SELL,0.00138026,57.816206
57027940,2017-12-24T15:43:14.04,SELL,0.00137909,7.61575387
57027941,2017-12-24T15:43:14.04,SELL,0.00137728,0.5808523
57027942,2017-12-24T15:43:14.04,SELL,0.00137557,3.53039104
57027943,2017-12-24T15:43:14.04,SELL,0.001375,5.0
57027944,2017-12-24T15:43:14.04,SELL,0.0013745,3.19690797
57027945,2017-12-24T15:43:14.04,SELL,0.001374,25.0
57027946,2017-12-24T15:43:14.04,SELL,0.00137319,14.52830613
57027947,2017-12-24T15:43:14.04,SELL,0.00137318,3.30786707
57027948,2017-12-24T15:43:14.04,SELL,0.00137306,48.14815086
57027949,2017-12-24T15:43:14.04,SELL,0.00137303,2.8773868
57027950,2017-12-24T15:43:14.04,SELL,0.00137189,9.13455955
57027951,2017-12-24T15:43:14.04,SELL,0.0013718,0.72714681
57027952,2017-12-24T15:43:14.04,SELL,0.0013717,100.0
57027953,2017-12-24T15:43:14.04,SELL,0.00136939,4.0
57027954,2017-12-24T15:43:14.04,SELL,0.00136914,2.52998232
57027955,2017-12-24T15:43:14.04,SELL,0.00136889,2.74112602
57027956,2017-12-24T15:43:14.04,SELL,0.00136842,6.50535654
57027957,2017-12-24T15:43:14.04,SELL,0.00136708,10.72453697
57027958,2017-12-24T15:43:14.04,SELL,0.0013661,28.0
57027959,2017-12-24T15:43:14.04,SELL,0.00136605,5.0
57027960,2017-12-24T15:43:14.04,SELL,0.00136605,3.00229208
57027961,2017-12-24T15:43:14.04,SELL,0.0013659,0.5
57027962,2017-12-24T15:43:14.04,SELL,0.0013658,0.5
57027963,2017-12-24T15:43:14.04,SELL,0.0013656,20.0
57027964,2017-12-24T15:43:14.04,SELL,0.00136559,0.46003759
57027965,2017-12-24T15:43:14.04,SELL,0.0013651,30.0
57027966,2017-12-24T15:43:14.04,SELL,0.001365,5.0
57027967,2017-12-24T15:43:14.04,SELL,0.00136489,9.24265692
57027968,2017-12-24T15:43:14.04,SELL,0.00136457,7.82085199
57027969,2017-12-24T15:43:14.04,SELL,0.00136442,4.33
57027970,2017-12-24T15:43:14.04,SELL,0.00136373,0.5
57027971,2017-12-24T15:43:14.04,SELL,0.00136252,4.26693186
57027972,2017-12-24T15:43:14.04,SELL,0.00136233,6.04648653
57027973,2017-12-24T15:43:14.04,SELL,0.00136155,0.4
57027974,2017-12-24T15:43:14.04,SELL,0.00136071,2.85285623
57027975,2017-12-24T15:43:14.04,SELL,0.00136,7.35148539
57027976,2017-12-24T15:43:14.04,SELL,0.00135951,4.87960368
57027977,2017-12-24T15:43:14.04,SELL,0.00135453,2.94567119
57027978,2017-12-24T15:43:14.04,SELL,0.0013545,0.45712615
57027979,2017-12-24T15:43:14.057,SELL,0.00135435,0.51110127
57027980,2017-12-24T15:43:14.057,SELL,0.00135366,3.1763663
57027981,2017-12-24T15:43:14.057,SELL,0.00135242,17.58832563
57027982,2017-12-24T15:43:14.057,SELL,0.00135204,8.11528505
57027983,2017-12-24T15:43:14.057,SELL,0.0013512,4.22892984
57027984,2017-12-24T15:43:14.057,SELL,0.00135043,10.0
57027985,2017-12-24T15:43:14.057,SELL,0.00135031,4.72911456
57027986,2017-12-24T15:43:14.057,SELL,0.00135012,6.99508955
57027987,2017-12-24T15:43:14.057,SELL,0.00135,1.0
57027988,2017-12-24T15:43:14.057,SELL,0.00135,5.0
57027989,2017-12-24T15:43:14.057,SELL,0.00135,30.20415961
57027990,2017-12-24T15:43:14.057,SELL,0.00135,148.461782
57027991,2017-12-24T15:43:14.057,SELL,0.00135,2.43371281
57027992,2017-12-24T15:43:14.057,SELL,0.00134965,7.95609232
57027993,2017-12-24T15:43:14.057,SELL,0.00134703,2.8238792
57027994,2017-12-24T15:43:14.057,SELL,0.00134697,2.0
57027995,2017-12-24T15:43:14.057,SELL,0.00134682,2.82343595
57027996,2017-12-24T15:43:14.057,SELL,0.00134413,0.81837322
57027997,2017-12-24T15:43:14.057,SELL,0.00134413,0.4503455
57027998,2017-12-24T15:43:14.057,SELL,0.00134395,4.71131366
57027999,2017-12-24T15:43:14.057,SELL,0.0013429,722.12759534
57028031,2017-12-24T15:43:27.513,SELL,0.00137617,0.99273395
57028032,2017-12-24T15:43:29.297,SELL,0.00137617,4.80665436
57028033,2017-12-24T15:43:29.42,SELL,0.00137617,4.45461374
57028052,2017-12-24T15:43:39.657,BUY,0.00137363,0.80079789
57028053,2017-12-24T15:43:39.657,BUY,0.00138247,3.85762262
57028056,2017-12-24T15:43:42.47,SELL,0.0013824,0.8
57028057,2017-12-24T15:43:42.47,SELL,0.00138159,0.87245854
57028058,2017-12-24T15:43:42.47,SELL,0.00137048,2.32127264
57028121,2017-12-24T15:44:48.097,BUY,0.00138,0.90129185
57028128,2017-12-24T15:44:50.44,BUY,0.00138,10.95052675
57028178,2017-12-24T15:45:42.983,SELL,0.00138024,4.80477398
57028185,2017-12-24T15:45:44.2,BUY,0.00138247,0.87149194
57028186,2017-12-24T15:45:44.2,BUY,0.00138247,0.45712615
57028187,2017-12-24T15:45:44.2,BUY,0.00138247,3.0
57028188,2017-12-24T15:45:44.2,BUY,0.00138483,720.32226504
57028189,2017-12-24T15:45:44.2,BUY,0.00138491,72.3
57028190,2017-12-24T15:45:44.233,SELL,0.00138553,14.52830613
57028194,2017-12-24T15:45:45.25,SELL,0.00138553,4.80477399
57028196,2017-12-24T15:45:46.31,SELL,0.00138553,2.29682171
57028201,2017-12-24T15:45:51.547,SELL,0.00138553,52.37794926
57028204,2017-12-24T15:45:56.61,SELL,0.00138553,2.0
57028213,2017-12-24T15:46:10.397,SELL,0.00138553,3.45027184
57028217,2017-12-24T15:46:14.583,BUY,0.00138682,115.85616797
57028219,2017-12-24T15:46:15.07,SELL,0.00138553,14.04721217
57028261,2017-12-24T15:46:40.713,BUY,0.0013868,1.08153318
57028304,2017-12-24T15:47:07.313,BUY,0.001386,2.94647121
57028305,2017-12-24T15:47:07.313,BUY,0.00138671,7.84281333
57028320,2017-12-24T15:47:15.503,SELL,0.00138553,1.1267098
57028333,2017-12-24T15:47:23.083,SELL,0.00138553,28.9
57028379,2017-12-24T15:47:52.84,BUY,0.00138653,1.41003948
57028380,2017-12-24T15:47:53.06,SELL,0.00138553,7.29533827
57028381,2017-12-24T15:47:53.62,SELL,0.00138553,0.95871378
57028395,2017-12-24T15:48:02.187,SELL,0.00138553,3.88374782
57028403,2017-12-24T15:48:07.843,BUY,0.00138644,5.5779448
57028408,2017-12-24T15:48:12.08,SELL,0.00138553,31.80500352
57028418,2017-12-24T15:48:16.47,SELL,0.00138553,30.66384392
57028441,2017-12-24T15:48:34.927,SELL,0.00138554,1.9486987
57028442,2017-12-24T15:48:34.927,SELL,0.00138553,82.55497248
57028444,2017-12-24T15:48:36.24,SELL,0.00138553,1.55895896
57028445,2017-12-24T15:48:36.943,SELL,0.00138553,1.55895896
57028446,2017-12-24T15:48:38.773,SELL,0.00138553,99.85
57028475,2017-12-24T15:48:55.23,SELL,0.00138553,22.640628
57028477,2017-12-24T15:48:55.59,BUY,0.00138599,4.0
57028526,2017-12-24T15:49:33.393,SELL,0.00138553,12.64794279
57028554,2017-12-24T15:49:53.913,SELL,0.00138553,146.22949004
57028575,2017-12-24T15:50:09.26,SELL,0.00138553,25.0
57028579,2017-12-24T15:50:13.7,SELL,0.00138553,14.97312469
57028581,2017-12-24T15:50:14.42,SELL,0.00138553,14.97312469
57028587,2017-12-24T15:50:16.607,SELL,0.00138553,14.97312469
57028607,2017-12-24T15:50:46.27,SELL,0.00138553,7.8323105
57028608,2017-12-24T15:50:46.27,SELL,0.00138553,1.1355396
57028620,2017-12-24T15:51:13.853,SELL,0.00138553,0.90129185
57028627,2017-12-24T15:51:29.043,BUY,0.00138559,3.42985248
57028629,2017-12-24T15:51:31.95,BUY,0.00138559,216.6786708
57028637,2017-12-24T15:51:58.41,SELL,0.00138553,4.0
57028638,2017-12-24T15:51:59.613,SELL,0.00138553,0.87038788
57028639,2017-12-24T15:51:59.613,SELL,0.00138553,0.7995029
57028640,2017-12-24T15:51:59.613,SELL,0.00138553,0.41492115
57028680,2017-12-24T15:53:37.243,BUY,0.00138554,2.15980773
57028685,2017-12-24T15:53:43.04,BUY,0.00138554,6.62849837
57028686,2017-12-24T15:53:49.29,SELL,0.00138553,5.58507885
57028687,2017-12-24T15:53:49.29,SELL,0.00138553,4.41492115
57028688,2017-12-24T15:53:51.167,SELL,0.00138553,5.47
57028691,2017-12-24T15:53:53.81,BUY,0.00138554,100.0
57028695,2017-12-24T15:54:08.42,SELL,0.00138553,7.61989248
57028696,2017-12-24T15:54:08.42,SELL,0.00138553,10.725
57028700,2017-12-24T15:54:53.663,SELL,0.00138478,1.6
57028706,2017-12-24T15:55:04.23,BUY,0.001385,26.65510752
57028707,2017-12-24T15:55:04.23,BUY,0.00138553,31.854
57028708,2017-12-24T15:55:04.23,BUY,0.00138554,134.0116939
57028709,2017-12-24T15:55:04.23,BUY,0.00138555,2.85285623
57028710,2017-12-24T15:55:04.23,BUY,0.00138558,2.37451998
57028711,2017-12-24T15:55:04.23,BUY,0.00138559,63.20615473
57028715,2017-12-24T15:55:05.213,BUY,0.00138559,69.94119217
57028717,2017-12-24T15:55:05.4,BUY,0.00138559,260.95433236
57028719,2017-12-24T15:55:05.853,BUY,0.00138559,43.41535823
57028721,2017-12-24T15:55:05.997,BUY,0.00138559,35.87605464
57028723,2017-12-24T15:55:06.2,BUY,0.00138559,43.40726956
57028725,2017-12-24T15:55:06.48,BUY,0.00138559,260.95433236
57028727,2017-12-24T15:55:07.137,BUY,0.00138559,309.97354324
57028730,2017-12-24T15:55:07.433,BUY,0.00138559,36.50538863
57028732,2017-12-24T15:55:07.557,BUY,0.00138559,43.41807395
57028737,2017-12-24T15:55:09.963,SELL,0.00138554,186.7689
57028740,2017-12-24T15:55:11.277,BUY,0.00138559,37.08267533
57028743,2017-12-24T15:55:12.607,BUY,0.00138559,147.50552799
57028744,2017-12-24T15:55:12.607,SELL,0.00138478,2.78429209
57028745,2017-12-24T15:55:12.607,SELL,0.00138478,0.77280427
57028746,2017-12-24T15:55:12.607,SELL,0.00138478,1.45682223
57028747,2017-12-24T15:55:13.013,SELL,0.00138478,2.35084339
57028749,2017-12-24T15:55:13.183,SELL,0.00138478,2.6630752
57028750,2017-12-24T15:55:13.183,SELL,0.00138194,1.25170114
57028752,2017-12-24T15:55:13.903,SELL,0.00138194,6.26764123
57028753,2017-12-24T15:55:13.903,SELL,0.00138,12.62086784
57028757,2017-12-24T15:55:14.763,SELL,0.00138,11.28479334
57028769,2017-12-24T15:55:23.873,SELL,0.00138,11.70813247
57028770,2017-12-24T15:55:24.717,SELL,0.00138,14.38620635
57028771,2017-12-24T15:55:24.717,SELL,0.00138,15.0
57028772,2017-12-24T15:55:24.717,SELL,0.00137771,7.25842158
57028773,2017-12-24T15:55:24.717,SELL,0.0013777,2.44918342
57028778,2017-12-24T15:55:29.92,BUY,0.00138,45.05392288
57028779,2017-12-24T15:55:29.92,BUY,0.00138194,291.87407712
57028798,2017-12-24T15:55:37.767,BUY,0.00138194,2.57288
57028802,2017-12-24T15:55:38.47,BUY,0.00138194,2.858797
57028804,2017-12-24T15:55:38.877,BUY,0.00138194,7.16851017
57028806,2017-12-24T15:55:38.97,BUY,0.00138194,7.18436362
57028808,2017-12-24T15:55:39,BUY,0.00138194,2.98671719
57028918,2017-12-24T15:56:30.497,BUY,0.00138194,1.03719508
57028940,2017-12-24T15:56:37.5,SELL,0.00138194,3.96280492
57029016,2017-12-24T15:56:57.283,BUY,0.00138194,4.15248013
57029017,2017-12-24T15:56:57.283,BUY,0.00138571,7.82085199
57029018,2017-12-24T15:56:57.283,BUY,0.0013867,2.38917979
57029019,2017-12-24T15:56:57.283,BUY,0.00138688,4.22892984
57029020,2017-12-24T15:56:57.283,BUY,0.00138688,4.71131366
57029021,2017-12-24T15:56:57.283,BUY,0.00138692,0.5808523
57029022,2017-12-24T15:56:57.283,BUY,0.00138692,2.31856779
57029023,2017-12-24T15:56:57.283,BUY,0.00138962,6.50535654
57029024,2017-12-24T15:56:57.283,BUY,0.00138993,2.4003655
57029025,2017-12-24T15:56:57.283,BUY,0.00139202,112.13444004
57029026,2017-12-24T15:56:57.283,BUY,0.00139202,1.35695299
57029027,2017-12-24T15:56:57.283,BUY,0.00139203,0.86595968
57029028,2017-12-24T15:56:57.283,BUY,0.00139203,1.0
57029031,2017-12-24T15:56:57.643,SELL,0.00139203,5.45839196
57029034,2017-12-24T15:56:58.377,BUY,0.001393,2.0
57029035,2017-12-24T15:56:58.377,BUY,0.00139411,1.0
57029036,2017-12-24T15:56:58.377,BUY,0.00139412,26.96113192
57029039,2017-12-24T15:56:59.05,BUY,0.00139412,29.96692144
57029041,2017-12-24T15:56:59.207,BUY,0.00139412,81.41896886
57029051,2017-12-24T15:57:00.487,BUY,0.00139418,24.34437295
57029053,2017-12-24T15:57:00.533,BUY,0.00139418,183.2354166
57029054,2017-12-24T15:57:00.533,BUY,0.00139499,10.69804797
57029055,2017-12-24T15:57:00.533,BUY,0.00139499,1.0628264
57029056,2017-12-24T15:57:00.533,BUY,0.001395,198.26095318
57029061,2017-12-24T15:57:01.52,SELL,0.00139412,23.33418998
57029062,2017-12-24T15:57:01.52,SELL,0.00139412,37.45750878
57029063,2017-12-24T15:57:01.52,SELL,0.00139412,111.3858903
57029064,2017-12-24T15:57:01.52,SELL,0.00138194,0.72652479
57029065,2017-12-24T15:57:01.52,SELL,0.00137649,72.64854812
57029066,2017-12-24T15:57:01.52,SELL,0.00137649,147.70458218
57029068,2017-12-24T15:57:01.55,BUY,0.00139412,2.5351641
57029069,2017-12-24T15:57:01.55,BUY,0.001395,157.26241627
57029080,2017-12-24T15:57:04.177,BUY,0.00139379,7.16851017
57029081,2017-12-24T15:57:04.177,BUY,0.001395,19.01013262
57029093,2017-12-24T15:57:09.35,BUY,0.0013941,2.32768591
57029094,2017-12-24T15:57:09.35,BUY,0.00139499,23.84864888
57029103,2017-12-24T15:57:11.13,BUY,0.00139499,8.54908354
57029116,2017-12-24T15:57:16.117,SELL,0.00137664,59.02128794
57029174,2017-12-24T15:57:29.4,BUY,0.00139498,40.2508157
57029175,2017-12-24T15:57:29.4,BUY,0.00139499,61.86431444
57029176,2017-12-24T15:57:29.4,BUY,0.001395,727.49854535
57029184,2017-12-24T15:57:30.32,SELL,0.001395,2.16
57029211,2017-12-24T15:57:32.51,SELL,0.001395,41.36227093
57029220,2017-12-24T15:57:34.103,SELL,0.001395,1e-06
57029261,2017-12-24T15:57:44.56,SELL,0.00138214,111.24020322
57029272,2017-12-24T15:57:47.403,SELL,0.00138216,26.18196501
57029300,2017-12-24T15:57:52.483,SELL,0.00138224,59.39124014
57029424,2017-12-24T15:58:18.207,BUY,0.001395,1.45620793
57029427,2017-12-24T15:58:19.973,SELL,0.00138257,7.69687804
57029428,2017-12-24T15:58:20.427,SELL,0.00138257,5.42667692
57029433,2017-12-24T15:58:20.99,BUY,0.001395,0.70379207
57029434,2017-12-24T15:58:20.99,BUY,0.001395,2.52998232
57029435,2017-12-24T15:58:20.99,BUY,0.001395,0.56622561
57029523,2017-12-24T15:58:40.163,SELL,0.00139151,8.1
57029568,2017-12-24T15:58:47.57,SELL,0.00139151,7.98178745
57029571,2017-12-24T15:58:48.98,BUY,0.00139151,86.24687059
57029647,2017-12-24T15:59:04.653,BUY,0.00139499,13.12355496
57029654,2017-12-24T15:59:06.42,SELL,0.00139499,8.54908354
57029658,2017-12-24T15:59:07.53,SELL,0.00139499,4.75122581
57029677,2017-12-24T15:59:12.717,SELL,0.00139156,10.79285055
57029694,2017-12-24T15:59:19.077,SELL,0.00139156,0.057216
57029695,2017-12-24T15:59:19.077,SELL,0.00139151,0.47388176
57029711,2017-12-24T15:59:24.03,SELL,0.00139151,28.17128052
57029713,2017-12-24T15:59:24.08,BUY,0.0013945,20.28205568
57029714,2017-12-24T15:59:24.08,BUY,0.00139499,8.54908354
57029715,2017-12-24T15:59:24.08,BUY,0.001395,14.07208659
57029723,2017-12-24T15:59:25.657,SELL,0.00139151,3.11239336
57029724,2017-12-24T15:59:25.657,SELL,0.00139151,0.41143346
57029725,2017-12-24T15:59:25.657,SELL,0.00139151,82.26617318
57029732,2017-12-24T15:59:27.39,SELL,0.0013945,30.0
57029733,2017-12-24T15:59:27.39,SELL,0.00139151,26.97211212
57029755,2017-12-24T15:59:34.72,SELL,0.00139151,82.1917808
57029763,2017-12-24T15:59:36.457,SELL,0.00139151,178.5699339
57029764,2017-12-24T15:59:36.457,SELL,0.00139151,4.07898622
57029916,2017-12-24T16:00:22.323,BUY,0.00139151,1.43369433
57029952,2017-12-24T16:00:37.483,BUY,0.00139151,0.06630567
57029953,2017-12-24T16:00:37.483,BUY,0.00139151,1.28037183
57029964,2017-12-24T16:00:39.813,BUY,0.00139151,9.71962817
57029965,2017-12-24T16:00:39.813,BUY,0.00139499,45.16713844
57029966,2017-12-24T16:00:39.813,BUY,0.001395,21.59354676
57029967,2017-12-24T16:00:39.813,BUY,0.001395,3.1763663
57029968,2017-12-24T16:00:39.813,BUY,0.001395,31.88959009
57029969,2017-12-24T16:00:39.813,BUY,0.001395,0.72098705
57029970,2017-12-24T16:00:39.813,BUY,0.001395,4.26693186
57029971,2017-12-24T16:00:39.813,BUY,0.001395,0.51110127
57029972,2017-12-24T16:00:39.813,BUY,0.001395,6.90131124
57029973,2017-12-24T16:00:39.813,BUY,0.0013951,4.22659446
57029974,2017-12-24T16:00:39.813,BUY,0.00139567,2.64566403
57029975,2017-12-24T16:00:39.813,BUY,0.00139605,9.40145481
57029976,2017-12-24T16:00:39.813,BUY,0.00139671,7.99353643
57029977,2017-12-24T16:00:39.813,BUY,0.00139688,3.53039104
57029978,2017-12-24T16:00:39.813,BUY,0.00139696,0.37792459
57029979,2017-12-24T16:00:39.813,BUY,0.00139725,4.08083346
57030009,2017-12-24T16:00:49.08,BUY,0.00139499,2.74112602
57030013,2017-12-24T16:00:50.157,SELL,0.00139499,7.25887398
57030024,2017-12-24T16:00:58.66,SELL,0.00139151,17.93468792
57030037,2017-12-24T16:01:05.317,SELL,0.00139151,11.30821962
57030038,2017-12-24T16:01:05.85,SELL,0.00139151,0.87874105
57030039,2017-12-24T16:01:05.943,SELL,0.00139151,11.0957004
57030043,2017-12-24T16:01:07.817,SELL,0.00139151,1.0
57030044,2017-12-24T16:01:08.003,SELL,0.00139151,28.23529443
57030063,2017-12-24T16:01:16.18,BUY,0.00139494,17.366529
57030089,2017-12-24T16:01:24.993,BUY,0.00139493,15.0
57030090,2017-12-24T16:01:24.993,BUY,0.00139496,7.064
57030091,2017-12-24T16:01:24.993,BUY,0.00139499,2.0
57030093,2017-12-24T16:01:25.43,SELL,0.00139499,8.82117
57030096,2017-12-24T16:01:27.163,SELL,0.00139499,3.248
57030109,2017-12-24T16:01:34.84,BUY,0.00139579,3.19690797
57030110,2017-12-24T16:01:34.853,BUY,0.00139683,10.05
57030111,2017-12-24T16:01:34.853,BUY,0.00139725,9.68439605
57030112,2017-12-24T16:01:34.853,BUY,0.00139739,3.6414
57030113,2017-12-24T16:01:34.853,BUY,0.00139909,1.0
57030114,2017-12-24T16:01:34.853,BUY,0.00139917,2.4861593
57030115,2017-12-24T16:01:34.853,BUY,0.00139947,1.06050271
57030116,2017-12-24T16:01:34.853,BUY,0.0014,3.2e-07
57030117,2017-12-24T16:01:34.853,BUY,0.0014,7.64945891
57030118,2017-12-24T16:01:34.853,BUY,0.0014,125.48679974
57030121,2017-12-24T16:01:38.277,SELL,0.00139499,9.03396844
57030141,2017-12-24T16:01:44.747,BUY,0.00139498,1.73754548
57030142,2017-12-24T16:01:44.747,BUY,0.00139499,1.38946807
57030143,2017-12-24T16:01:44.747,BUY,0.00139999,45.16713844
57030144,2017-12-24T16:01:44.747,BUY,0.0014,223.66320026
57030145,2017-12-24T16:01:44.763,BUY,0.0014,15.41163058
57030146,2017-12-24T16:01:44.763,BUY,0.0014,7.13
57030147,2017-12-24T16:01:44.763,BUY,0.0014,153.46153846
57030148,2017-12-24T16:01:44.763,BUY,0.0014,20.0
57030149,2017-12-24T16:01:44.763,BUY,0.0014,7.67
57030150,2017-12-24T16:01:44.763,BUY,0.0014,2.0
57030151,2017-12-24T16:01:44.763,BUY,0.0014,3.0
57030152,2017-12-24T16:01:44.763,BUY,0.0014,14.5620438
57030153,2017-12-24T16:01:44.763,BUY,0.0014,4.0
57030154,2017-12-24T16:01:44.763,BUY,0.0014,6.080689
57030155,2017-12-24T16:01:44.763,BUY,0.00140046,7.61575387
57030156,2017-12-24T16:01:44.763,BUY,0.00140046,3.30974048
57030157,2017-12-24T16:01:44.763,BUY,0.0014005,9.39653141
57030158,2017-12-24T16:01:44.763,BUY,0.00140069,8.51103442
57030159,2017-12-24T16:01:44.763,BUY,0.0014007,25.9257869
57030160,2017-12-24T16:01:44.763,BUY,0.0014007,11.5622002
57030161,2017-12-24T16:01:44.763,BUY,0.00140072,5.34736651
57030162,2017-12-24T16:01:44.763,BUY,0.00140085,0.43367642
57030163,2017-12-24T16:01:44.763,BUY,0.00140095,2.74122559
57030164,2017-12-24T16:01:44.763,BUY,0.00140099,3.68341282
57030165,2017-12-24T16:01:44.763,BUY,0.001401,20.0
57030166,2017-12-24T16:01:44.763,BUY,0.001401,49.9
57030167,2017-12-24T16:01:44.763,BUY,0.00140113,7.96125472
57030168,2017-12-24T16:01:44.763,BUY,0.0014012,49.9
57030169,2017-12-24T16:01:44.763,BUY,0.00140136,4.67474166
57030170,2017-12-24T16:01:44.763,BUY,0.00140196,2.24859297
57030171,2017-12-24T16:01:44.763,BUY,0.00140214,13.05171724
57030172,2017-12-24T16:01:44.763,BUY,0.00140222,1.98575494
57030173,2017-12-24T16:01:44.763,BUY,0.0014024,49.9
57030174,2017-12-24T16:01:44.763,BUY,0.00140284,6.78337821
57030175,2017-12-24T16:01:44.763,BUY,0.00140303,4.44
57030176,2017-12-24T16:01:44.763,BUY,0.00140304,2.12165341
57030177,2017-12-24T16:01:44.763,BUY,0.00140319,1.49283886
57030178,2017-12-24T16:01:44.763,BUY,0.00140325,3.34126237
57030179,2017-12-24T16:01:44.763,BUY,0.00140349,9.22787393
57030180,2017-12-24T16:01:44.763,BUY,0.00140357,0.78371581
57030181,2017-12-24T16:01:44.763,BUY,0.0014036,49.9
57030182,2017-12-24T16:01:44.763,BUY,0.00140373,3.84486837
57030183,2017-12-24T16:01:44.763,BUY,0.00140407,8.73810436
57030184,2017-12-24T16:01:44.763,BUY,0.00140414,7.11
57030185,2017-12-24T16:01:44.777,BUY,0.00140469,2.4857872
57030186,2017-12-24T16:01:44.777,BUY,0.0014048,49.9
57030187,2017-12-24T16:01:44.777,BUY,0.00140538,25.94060095
57030188,2017-12-24T16:01:44.777,BUY,0.00140547,10.85006655
57030189,2017-12-24T16:01:44.777,BUY,0.00140632,1.9486987
57030190,2017-12-24T16:01:44.777,BUY,0.001407,2.34886289
57030191,2017-12-24T16:01:44.777,BUY,0.00140732,14.98569036
57030192,2017-12-24T16:01:44.777,BUY,0.00140753,4.53900857
57030193,2017-12-24T16:01:44.777,BUY,0.00140782,2.75105674
57030194,2017-12-24T16:01:44.777,BUY,0.00140827,16.08178745
57030195,2017-12-24T16:01:44.777,BUY,0.0014083,0.39385864
57030196,2017-12-24T16:01:44.777,BUY,0.00140863,2.14770606
57030197,2017-12-24T16:01:44.777,BUY,0.00140893,3.32341091
57030198,2017-12-24T16:01:44.777,BUY,0.001409,9.94904241
57030199,2017-12-24T16:01:44.777,BUY,0.00140917,2.73155001
57030200,2017-12-24T16:01:44.777,BUY,0.0014095,6.26371758
57030201,2017-12-24T16:01:44.777,BUY,0.00141,20.0
57030202,2017-12-24T16:01:44.777,BUY,0.00141,66.63541542
57030204,2017-12-24T16:01:45.793,SELL,0.00139152,3.4036518
57030206,2017-12-24T16:01:45.95,SELL,0.00139152,1.41679914
57030207,2017-12-24T16:01:46.263,SELL,0.00139152,3.32179928
57030222,2017-12-24T16:01:47.62,BUY,0.00141,31.74273603
57030223,2017-12-24T16:01:47.62,BUY,0.00141001,42.42517821
57030224,2017-12-24T16:01:47.683,SELL,0.00140466,18.24174
57030226,2017-12-24T16:01:47.873,SELL,0.00140466,3.06234782
57030228,2017-12-24T16:01:48.123,SELL,0.00140002,1.86313148
57030229,2017-12-24T16:01:48.45,SELL,0.00140002,1.74469612
57030231,2017-12-24T16:01:48.81,SELL,0.00140002,2.55470723
57030232,2017-12-24T16:01:48.827,SELL,0.00140002,3.51349768
57030233,2017-12-24T16:01:49.043,SELL,0.00140002,1.01131481
57030234,2017-12-24T16:01:49.043,SELL,0.0013916,4.84297199
57030239,2017-12-24T16:01:49.7,BUY,0.00141001,34.88856336
57030240,2017-12-24T16:01:49.7,BUY,0.0014101,0.74660379
57030241,2017-12-24T16:01:49.7,BUY,0.00141143,0.5
57030242,2017-12-24T16:01:49.7,BUY,0.00141237,5.0
57030243,2017-12-24T16:01:49.7,BUY,0.0014129,0.53878536
57030244,2017-12-24T16:01:49.7,BUY,0.00141301,6.36530238
57030245,2017-12-24T16:01:49.7,BUY,0.00141435,0.38667115
57030246,2017-12-24T16:01:49.7,BUY,0.001415,0.5
57030247,2017-12-24T16:01:49.7,BUY,0.0014151,3.08921357
57030248,2017-12-24T16:01:49.717,BUY,0.00141652,2.0
57030249,2017-12-24T16:01:49.717,BUY,0.00141659,8.40650762
57030250,2017-12-24T16:01:49.717,BUY,0.0014166,3.714228
57030251,2017-12-24T16:01:49.717,BUY,0.00141689,2.75726849
57030252,2017-12-24T16:01:49.717,BUY,0.00141746,0.83376916
57030253,2017-12-24T16:01:49.717,BUY,0.00141748,1.21241142
57030254,2017-12-24T16:01:49.717,BUY,0.0014175,7.62753567
57030255,2017-12-24T16:01:49.717,BUY,0.00141781,5.34275558
57030256,2017-12-24T16:01:49.717,BUY,0.001418,335.01258045
57030272,2017-12-24T16:01:52.34,SELL,0.00140465,5.95199902
57030279,2017-12-24T16:01:54.17,BUY,0.001418,12.94841879
57030281,2017-12-24T16:01:54.39,SELL,0.00140465,1e-06
57030282,2017-12-24T16:01:54.39,SELL,0.00139163,15.95063817
57030283,2017-12-24T16:01:54.39,SELL,0.00139162,79.29205643
57030287,2017-12-24T16:01:54.687,SELL,0.00139162,3.65203418
57030302,2017-12-24T16:01:56.763,SELL,0.0013917,37.92288544
57030322,2017-12-24T16:02:00.233,SELL,0.00139172,1.0
57030330,2017-12-24T16:02:01.67,SELL,0.00139173,5.45407792
57030331,2017-12-24T16:02:01.67,SELL,0.00139172,106.01339124
57030367,2017-12-24T16:02:06.173,SELL,0.00139175,3.12293724
57030368,2017-12-24T16:02:06.563,SELL,0.00139175,7.34516394
57030370,2017-12-24T16:02:06.75,SELL,0.00139175,7.33944954
57030373,2017-12-24T16:02:06.923,BUY,0.00139498,2.8238792
57030374,2017-12-24T16:02:06.923,BUY,0.00140331,1.33630509
57030375,2017-12-24T16:02:07.047,SELL,0.00139175,9.73222764
57030380,2017-12-24T16:02:08.063,SELL,0.00139181,14.69032788
57030387,2017-12-24T16:02:09,BUY,0.00141798,2.29823301
57030388,2017-12-24T16:02:09,BUY,0.00141799,71.44388083
57030389,2017-12-24T16:02:09,BUY,0.001418,24.19712562
57030390,2017-12-24T16:02:09,BUY,0.00141803,2.2355235
57030391,2017-12-24T16:02:09,BUY,0.00141812,5.05417192
57030392,2017-12-24T16:02:09,BUY,0.00141849,3.66087984
57030393,2017-12-24T16:02:09,BUY,0.0014187,0.75421037
57030394,2017-12-24T16:02:09,BUY,0.00142,1.06436333
57030395,2017-12-24T16:02:09,BUY,0.00142,20.0
57030396,2017-12-24T16:02:09,BUY,0.00142,2.0
57030397,2017-12-24T16:02:09,BUY,0.00142,49.9
57030398,2017-12-24T16:02:09,BUY,0.00142023,3.48
57030399,2017-12-24T16:02:09,BUY,0.00142042,9.36763539
57030400,2017-12-24T16:02:09,BUY,0.00142131,3.61815445
57030401,2017-12-24T16:02:09,BUY,0.00142136,5.36497628
57030402,2017-12-24T16:02:09,BUY,0.00142155,4.00838655
57030403,2017-12-24T16:02:09,BUY,0.001422,5.43422626
57030404,2017-12-24T16:02:09,BUY,0.00142291,1.65570807
57030405,2017-12-24T16:02:09,BUY,0.001423,28.56352458
57030426,2017-12-24T16:02:10.94,SELL,0.00141753,2.19219723
57030429,2017-12-24T16:02:11.143,SELL,0.00141753,0.63168197
57030437,2017-12-24T16:02:11.767,BUY,0.00141056,10.965649
57030441,2017-12-24T16:02:11.847,SELL,0.00139185,8.30449824
57030463,2017-12-24T16:02:14.377,BUY,0.00141056,4.9e-07
57030464,2017-12-24T16:02:14.377,BUY,0.001423,1.82568351
57030490,2017-12-24T16:02:18.363,SELL,0.00139189,4.6644428
57030509,2017-12-24T16:02:20.567,BUY,0.00141102,75.0
57030576,2017-12-24T16:02:31.303,BUY,0.00141102,11.0
57030614,2017-12-24T16:02:39.32,BUY,0.00141102,3.0
57030615,2017-12-24T16:02:39.32,BUY,0.00141166,5.45409949
57030616,2017-12-24T16:02:39.32,BUY,0.00141235,61.79237938
57030633,2017-12-24T16:02:41.773,SELL,0.00139218,36.00675239
57030649,2017-12-24T16:02:44.273,BUY,0.00141102,1.3466775
57030650,2017-12-24T16:02:44.273,BUY,0.00141226,4.16439435
57030730,2017-12-24T16:02:57.243,BUY,0.00140765,0.72511142
57030747,2017-12-24T16:02:59.807,SELL,0.00140766,197.66435916
57030749,2017-12-24T16:03:00.37,SELL,0.00140766,454.16558827
57030769,2017-12-24T16:03:04.667,SELL,0.00140768,39.72786738
57030776,2017-12-24T16:03:06.2,BUY,0.00141214,10.4892113
57030777,2017-12-24T16:03:06.2,BUY,0.00141214,1.85851552
57030800,2017-12-24T16:03:11.653,SELL,0.0014077,3.05644347
57030810,2017-12-24T16:03:13.14,SELL,0.0014077,18.52297999
57030818,2017-12-24T16:03:14.28,SELL,0.0014077,42.5532478
57030822,2017-12-24T16:03:14.857,BUY,0.00141214,4.88974012
57030848,2017-12-24T16:03:19.343,SELL,0.00140772,35.97122302
57030854,2017-12-24T16:03:20.217,SELL,0.00140772,18.52297999
57030859,2017-12-24T16:03:23.047,SELL,0.00140772,4.88974012
57030862,2017-12-24T16:03:24.267,SELL,0.00140772,225.35543289
57030863,2017-12-24T16:03:24.42,SELL,0.00140772,84.59031478
57030875,2017-12-24T16:03:28.737,BUY,0.00141214,1.0
57030897,2017-12-24T16:03:35.36,SELL,0.00140774,1.57122464
57030898,2017-12-24T16:03:35.517,SELL,0.00140774,5.5146512
57030899,2017-12-24T16:03:35.517,SELL,0.00140773,188.02474906
57030910,2017-12-24T16:03:38.127,BUY,0.00141214,42.15174436
57030911,2017-12-24T16:03:38.127,BUY,0.00141214,7.95609232
57030912,2017-12-24T16:03:38.127,BUY,0.00141214,9.24265692
57030913,2017-12-24T16:03:38.127,BUY,0.00141214,6.04648653
57030914,2017-12-24T16:03:38.127,BUY,0.00141214,4.87960368
57030915,2017-12-24T16:03:38.44,SELL,0.00141214,1.52593833
57030916,2017-12-24T16:03:39.02,SELL,0.00141214,0.76244583
57030923,2017-12-24T16:03:42.113,SELL,0.00141214,52.92273566
57030929,2017-12-24T16:03:45.333,SELL,0.00141214,0.41203914
57030930,2017-12-24T16:03:46.16,SELL,0.00141214,12.05438859
57030934,2017-12-24T16:03:47.753,SELL,0.00141214,2.16
57030939,2017-12-24T16:03:51.473,SELL,0.00141215,2.16
57030942,2017-12-24T16:03:51.927,BUY,0.00141521,0.8689297
57030947,2017-12-24T16:03:54.833,BUY,0.00141521,12.07148937
57030948,2017-12-24T16:03:54.833,BUY,0.00141521,49.9
57030949,2017-12-24T16:03:54.833,BUY,0.00141753,10.0
57030950,2017-12-24T16:03:54.833,BUY,0.00141753,0.9
57030951,2017-12-24T16:03:54.833,BUY,0.00142,49.9
57030952,2017-12-24T16:03:54.833,BUY,0.00142,49.51100563
57030961,2017-12-24T16:04:01.507,SELL,0.00141215,2.16
57030964,2017-12-24T16:04:02.257,BUY,0.00141521,1.0
57030968,2017-12-24T16:04:02.74,SELL,0.00141521,43.51644
57030971,2017-12-24T16:04:03.79,BUY,0.00142,21.85640514
57030982,2017-12-24T16:04:05.6,SELL,0.00141526,0.60459384
57030983,2017-12-24T16:04:05.6,SELL,0.00141521,69.07199963
57030990,2017-12-24T16:04:07.337,SELL,0.00141521,35.71301024
57030991,2017-12-24T16:04:07.51,SELL,0.00141521,19.88568738
57030992,2017-12-24T16:04:07.557,SELL,0.00141521,23.79441622
57031000,2017-12-24T16:04:09.32,SELL,0.00141521,19.540439
57031003,2017-12-24T16:04:09.43,SELL,0.00141521,3.12804114
57031005,2017-12-24T16:04:10.51,SELL,0.00141521,3.6101083
57031009,2017-12-24T16:04:11.807,SELL,0.00141521,230.04962824
57031016,2017-12-24T16:04:13.697,SELL,0.00141521,0.72724418
57031029,2017-12-24T16:04:16.917,SELL,0.00141521,0.44411743
57031032,2017-12-24T16:04:17.133,BUY,0.00142,279.216046
57031071,2017-12-24T16:04:25.01,SELL,0.00141521,2.16
57031076,2017-12-24T16:04:25.62,SELL,0.00141521,10.0
57031092,2017-12-24T16:04:28.857,SELL,0.00141521,2.16
57031111,2017-12-24T16:04:33.653,SELL,0.00141521,2.16
57031112,2017-12-24T16:04:33.67,SELL,0.00141521,2.24857215
57031116,2017-12-24T16:04:34.81,SELL,0.00141521,28.09501734
57031122,2017-12-24T16:04:36.827,BUY,0.00142,9.05850121
57031126,2017-12-24T16:04:37.31,SELL,0.00141521,0.978594
57031134,2017-12-24T16:04:38.687,SELL,0.00141521,75.0
57031143,2017-12-24T16:04:41.733,SELL,0.00141522,1.83
57031144,2017-12-24T16:04:41.733,SELL,0.00141521,0.33
57031148,2017-12-24T16:04:42.11,SELL,0.00141521,5.72246065
57031151,2017-12-24T16:04:42.39,BUY,0.00142,5.85852824
57031171,2017-12-24T16:04:47.907,SELL,0.00141521,2.16
57031184,2017-12-24T16:04:52.987,SELL,0.00141521,44.93141093
57031195,2017-12-24T16:04:56.36,SELL,0.00141521,2.16
57031203,2017-12-24T16:04:58.237,SELL,0.00141521,2.16
57031218,2017-12-24T16:05:02.16,SELL,0.00141521,2.16
57031225,2017-12-24T16:05:03.19,SELL,0.00141521,0.73220378
57031230,2017-12-24T16:05:04.66,SELL,0.00141521,5.20604794
57031239,2017-12-24T16:05:07.223,SELL,0.00141521,3.6101083
57031241,2017-12-24T16:05:07.237,BUY,0.00141522,20.0
57031245,2017-12-24T16:05:08.27,SELL,0.00141522,1.750695
57031258,2017-12-24T16:05:11.77,SELL,0.00141522,1.0
57031276,2017-12-24T16:05:16.223,SELL,0.00141527,10.65560378
57031277,2017-12-24T16:05:16.223,SELL,0.00141522,28.62512723
57031303,2017-12-24T16:05:23.537,SELL,0.00141522,77.17383436
57031329,2017-12-24T16:05:30.29,BUY,0.00141522,37.5169043
57031340,2017-12-24T16:05:32.553,SELL,0.00141521,3.61394404
57031371,2017-12-24T16:05:37.43,SELL,0.00141521,5.20229607
57031375,2017-12-24T16:05:37.807,BUY,0.00141522,1.0
57031393,2017-12-24T16:05:44.103,BUY,0.00141522,6.95317813
57031401,2017-12-24T16:05:47.04,BUY,0.00141522,7.00209945
57031407,2017-12-24T16:05:49.48,SELL,0.00141521,49.9
57031418,2017-12-24T16:05:57.467,SELL,0.00141521,1.39777337
57031426,2017-12-24T16:06:02.763,SELL,0.00141521,2.27283055
57031427,2017-12-24T16:06:02.763,SELL,0.00141521,2.0
57031428,2017-12-24T16:06:02.763,SELL,0.00141521,2.72716945
57031432,2017-12-24T16:06:05.607,SELL,0.00141521,6.9502363
57031454,2017-12-24T16:06:12.233,SELL,0.00141521,73.93123222
57031455,2017-12-24T16:06:12.25,SELL,0.00141521,72.61311472
57031457,2017-12-24T16:06:13.687,BUY,0.00141522,14.4214809
57031459,2017-12-24T16:06:14.03,SELL,0.00141521,37.12979805
57031460,2017-12-24T16:06:14.517,SELL,0.00141521,6.59543595
57031462,2017-12-24T16:06:15.343,SELL,0.00141521,2.16
57031467,2017-12-24T16:06:16.093,BUY,0.00141522,0.03614219
57031482,2017-12-24T16:06:19.563,SELL,0.00141522,19.02230897
57031483,2017-12-24T16:06:19.58,SELL,0.00141521,16.15753281
57031484,2017-12-24T16:06:19.58,SELL,0.00141521,21.92446794
57031487,2017-12-24T16:06:21.39,BUY,0.00141521,14.4214809
57031509,2017-12-24T16:06:25.83,BUY,0.00141521,42.33318642
57031510,2017-12-24T16:06:26.033,SELL,0.00141168,6.95453816
57031513,2017-12-24T16:06:27.173,SELL,0.00141168,8.91186821
57031519,2017-12-24T16:06:31.317,SELL,0.00141055,13.98601396
57031522,2017-12-24T16:06:31.77,BUY,0.00141521,70.48423909
57031529,2017-12-24T16:06:32.817,SELL,0.00141055,6.0081904
57031531,2017-12-24T16:06:33.113,SELL,0.00141055,77.99791396
57031532,2017-12-24T16:06:33.283,SELL,0.00141055,22.30011776
57031536,2017-12-24T16:06:33.83,SELL,0.00141056,52.60273956
57031537,2017-12-24T16:06:33.88,SELL,0.00141056,0.87864454
57031541,2017-12-24T16:06:34.487,SELL,0.00141056,4.32550896
57031543,2017-12-24T16:06:35.643,SELL,0.00141056,8.75906014
57031547,2017-12-24T16:06:36.957,SELL,0.00141056,32.66865016
57031554,2017-12-24T16:06:38.067,SELL,0.00141057,13.02259944
57031557,2017-12-24T16:06:38.333,SELL,0.00141057,3.71099352
57031564,2017-12-24T16:06:40.083,SELL,0.00141057,7.19564231
57031567,2017-12-24T16:06:40.787,SELL,0.00141057,3.62447535
57031569,2017-12-24T16:06:41.27,SELL,0.00141057,2.11786632
57031570,2017-12-24T16:06:41.693,SELL,0.00141057,11.79526886
57031571,2017-12-24T16:06:41.943,SELL,0.00141057,1.09489051
57031572,2017-12-24T16:06:41.957,SELL,0.00141057,3.39225012
57031574,2017-12-24T16:06:42.427,SELL,0.00141057,0.86813719
57031575,2017-12-24T16:06:42.52,SELL,0.00141057,2.13696522
57031576,2017-12-24T16:06:42.567,SELL,0.00141057,36.4059044
57031578,2017-12-24T16:06:42.693,SELL,0.00141057,17.27819173
57031579,2017-12-24T16:06:42.96,SELL,0.00141057,13.85358148
57031580,2017-12-24T16:06:42.99,SELL,0.00141057,4.31780398
57031582,2017-12-24T16:06:43.083,SELL,0.00141057,5.49663972
57031583,2017-12-24T16:06:43.397,SELL,0.00141057,18.92535076
57031585,2017-12-24T16:06:43.6,SELL,0.00141057,4.17400012
57031586,2017-12-24T16:06:43.757,SELL,0.00141057,3.38225864
57031587,2017-12-24T16:06:43.787,SELL,0.00141057,3.40425526
57031588,2017-12-24T16:06:43.803,SELL,0.00141057,6.61157024
57031589,2017-12-24T16:06:44.083,SELL,0.00141057,4.45610378
57031590,2017-12-24T16:06:44.083,SELL,0.00141057,0.79644351
57031591,2017-12-24T16:06:44.317,SELL,0.00141057,2.16001897
57031593,2017-12-24T16:06:44.537,SELL,0.00141057,3.33715712
57031595,2017-12-24T16:06:45.177,SELL,0.00141057,19.30063145
57031618,2017-12-24T16:06:54.117,SELL,0.00140468,4.38106503
57031620,2017-12-24T16:06:54.227,SELL,0.00140112,3.6966433
57031624,2017-12-24T16:06:55.93,SELL,0.00140374,5.45409939
57031625,2017-12-24T16:06:55.93,SELL,0.00140112,5.84461749
57031629,2017-12-24T16:06:57.197,SELL,0.00140113,5.07213297
57031630,2017-12-24T16:06:58.087,SELL,0.00140113,9.75677744
57031631,2017-12-24T16:06:59.163,SELL,0.00140113,3.617945
57031637,2017-12-24T16:07:01.197,SELL,0.00140375,0.75239449
57031638,2017-12-24T16:07:01.353,SELL,0.00140375,4.92568779
57031639,2017-12-24T16:07:01.603,SELL,0.00140113,42.25500896
57031641,2017-12-24T16:07:03.71,SELL,0.00140113,3.65669479
57031644,2017-12-24T16:07:04.523,SELL,0.00140113,42.25500896
57031645,2017-12-24T16:07:05.087,SELL,0.00140113,3.38703188
57031646,2017-12-24T16:07:05.603,SELL,0.00140113,2.76552465
57031647,2017-12-24T16:07:06.79,SELL,0.00140113,0.86739672
57031648,2017-12-24T16:07:07.057,SELL,0.00140113,18.45284351
57031649,2017-12-24T16:07:07.18,SELL,0.00140113,16.74829264
57031654,2017-12-24T16:07:10.68,SELL,0.00140113,4.34899212
57031658,2017-12-24T16:07:12.743,SELL,0.00140113,0.8706251
57031659,2017-12-24T16:07:12.807,SELL,0.00140113,13.71742112
57031664,2017-12-24T16:07:15.637,SELL,0.00140113,7.12333644
57031665,2017-12-24T16:07:15.7,SELL,0.00140113,0.86735283
57031672,2017-12-24T16:07:18.37,SELL,0.00140113,2.03212204
57031673,2017-12-24T16:07:18.48,SELL,0.00140113,11.1
57031674,2017-12-24T16:07:18.963,SELL,0.00140113,13.83968112
57031675,2017-12-24T16:07:19.09,SELL,0.00140113,36.6348676
57031677,2017-12-24T16:07:19.323,SELL,0.00140113,1.81818181
57031678,2017-12-24T16:07:19.34,SELL,0.00140113,3.33240764
57031680,2017-12-24T16:07:19.607,SELL,0.00140113,5.57685604
57031682,2017-12-24T16:07:20.48,SELL,0.00140113,3.922063
57031684,2017-12-24T16:07:21.247,SELL,0.00140113,5.63308876
57031687,2017-12-24T16:07:22.247,SELL,0.00140114,37.10047496
57031691,2017-12-24T16:07:23.09,SELL,0.00140115,5.42723167
57031693,2017-12-24T16:07:23.323,SELL,0.00140114,5.81391047
57031698,2017-12-24T16:07:23.857,SELL,0.00140115,8.0464719
57031703,2017-12-24T16:07:26.607,SELL,0.00140116,7.29927007
57031704,2017-12-24T16:07:26.653,SELL,0.00140116,12.67650268
57031709,2017-12-24T16:07:27.53,SELL,0.00140116,0.86943921
57031716,2017-12-24T16:07:28.45,SELL,0.00140117,3.10716908
57031724,2017-12-24T16:07:31.67,SELL,0.00140119,142.61535066
57031735,2017-12-24T16:07:36.61,SELL,0.0014049,75.0
57031736,2017-12-24T16:07:36.61,SELL,0.00140119,36.11111108
57031738,2017-12-24T16:07:37.31,SELL,0.00140119,0.80244957
57031769,2017-12-24T16:07:52.707,SELL,0.00140121,16.99992949
57031773,2017-12-24T16:07:54.737,SELL,0.00140121,5.05435539
57031780,2017-12-24T16:07:58.613,BUY,0.00141056,1.0
57031791,2017-12-24T16:08:02.643,SELL,0.00140206,7.3404026
57031792,2017-12-24T16:08:02.643,SELL,0.00140205,19.08346171
57031809,2017-12-24T16:08:12.6,SELL,0.00140205,8.3
57031819,2017-12-24T16:08:27.71,SELL,0.00140205,1.0
57031822,2017-12-24T16:08:30.57,BUY,0.00141056,1.32783771
57031823,2017-12-24T16:08:30.57,BUY,0.00141056,19.88714074
57031834,2017-12-24T16:08:37.51,SELL,0.00140206,0.62600415
57031866,2017-12-24T16:09:14.47,BUY,0.00141056,10.11285926
57031867,2017-12-24T16:09:14.47,BUY,0.00141057,0.08713074
57031886,2017-12-24T16:09:28.737,BUY,0.00141056,4.5
57031887,2017-12-24T16:09:28.753,BUY,0.00141057,0.99247196
57031888,2017-12-24T16:09:28.753,BUY,0.00141057,1.0871062
57031905,2017-12-24T16:09:43.757,SELL,0.00141057,1.0
57031907,2017-12-24T16:09:44.677,SELL,0.00141057,6.59895616
57031908,2017-12-24T16:09:44.677,SELL,0.00141056,35.40632813
57031909,2017-12-24T16:09:44.677,SELL,0.0014105,2.0
57031910,2017-12-24T16:09:44.677,SELL,0.00140219,14.22783264
57031911,2017-12-24T16:09:44.677,SELL,0.00140218,9.16161345
57031914,2017-12-24T16:09:51.71,SELL,0.00140226,1.47537234
57031919,2017-12-24T16:09:54.35,BUY,0.00141521,5.63210266
57031920,2017-12-24T16:09:54.35,BUY,0.00141522,6.48002076
57031921,2017-12-24T16:09:56.4,SELL,0.00140233,4.20221036
57031922,2017-12-24T16:09:56.65,SELL,0.00140233,1.45476413
57031923,2017-12-24T16:09:58.26,SELL,0.00140233,1.69792498
57031924,2017-12-24T16:09:58.883,SELL,0.00140233,2.14200262
57031929,2017-12-24T16:10:01.447,SELL,0.0014024,0.86579461
57031935,2017-12-24T16:10:10.18,SELL,0.00140247,13.3372232
57031938,2017-12-24T16:10:13.103,SELL,0.00140247,1.90129361
57031940,2017-12-24T16:10:15.12,SELL,0.00140247,5.78231046
57031946,2017-12-24T16:10:19.857,BUY,0.00140943,0.71
57031989,2017-12-24T16:10:54.83,SELL,0.00140307,2.0
57032006,2017-12-24T16:11:19.007,SELL,0.00140307,1.1
57032008,2017-12-24T16:11:19.27,BUY,0.00140307,18.793315
57032010,2017-12-24T16:11:19.287,BUY,0.00140307,0.84806253
57032012,2017-12-24T16:11:19.287,BUY,0.00140307,43.95862247
57032027,2017-12-24T16:11:42.34,SELL,0.00140307,3.03158915
57032038,2017-12-24T16:11:48.153,SELL,0.00140307,5.41423663
57032039,2017-12-24T16:11:48.153,SELL,0.00140307,3.64426458
57032048,2017-12-24T16:12:04.407,SELL,0.00140307,5.78000175
57032059,2017-12-24T16:12:25.177,SELL,0.00140307,40.57573367
57032060,2017-12-24T16:12:25.177,SELL,0.00140307,70.68150618
57032061,2017-12-24T16:12:25.177,SELL,0.001403,71.13161667
57032062,2017-12-24T16:12:25.177,SELL,0.00140268,7.0
57032063,2017-12-24T16:12:25.177,SELL,0.00140206,683.7470909
57032114,2017-12-24T16:13:20.857,SELL,0.00140207,26.24197016
57032119,2017-12-24T16:13:21.42,BUY,0.00141422,10.62633349
57032130,2017-12-24T16:13:24.797,SELL,0.00140209,26.29262013
57032131,2017-12-24T16:13:25.047,SELL,0.00140209,25.89959504
57032134,2017-12-24T16:13:26.14,SELL,0.0014021,25.89867273
57032135,2017-12-24T16:13:26.453,SELL,0.0014021,18.50344405
57032175,2017-12-24T16:14:05.74,BUY,0.00141422,6.53083054
57032176,2017-12-24T16:14:05.74,BUY,0.00141422,7.0
57032179,2017-12-24T16:14:06.367,SELL,0.00141429,37.95916846
57032180,2017-12-24T16:14:08.74,SELL,0.0014021,2.22440708
57032186,2017-12-24T16:14:20.76,BUY,0.001414,18.66005799
57032196,2017-12-24T16:14:27.76,SELL,0.00140211,56.13601756
57032213,2017-12-24T16:14:34.277,SELL,0.00140215,4.15886027
57032214,2017-12-24T16:14:34.37,SELL,0.00140215,37.92121878
57032218,2017-12-24T16:14:35.073,SELL,0.00140215,37.92121878
57032252,2017-12-24T16:15:04.547,BUY,0.0014135,2.0
57032264,2017-12-24T16:15:17.377,BUY,0.00141299,5.05822798
57032265,2017-12-24T16:15:17.377,BUY,0.001413,45.63177202
57032270,2017-12-24T16:15:31.99,BUY,0.00141299,5.05
57032272,2017-12-24T16:15:33.35,BUY,0.00141299,0.00822798
57032273,2017-12-24T16:15:33.35,BUY,0.00141299,29.89646067
57032274,2017-12-24T16:15:33.35,BUY,0.001413,14.55531135
57032276,2017-12-24T16:15:33.66,BUY,0.00141298,14.22783264
57032277,2017-12-24T16:15:33.66,BUY,0.001413,69.61464064
57032278,2017-12-24T16:15:33.66,BUY,0.0014135,13.0
57032279,2017-12-24T16:15:33.66,BUY,0.0014135,3.15752672
57032281,2017-12-24T16:15:33.897,BUY,0.0014135,1.41
57032286,2017-12-24T16:15:34.863,BUY,0.0014135,43.79751646
57032287,2017-12-24T16:15:34.863,BUY,0.00141399,9.17818354
57032289,2017-12-24T16:15:36.6,SELL,0.00141309,2.22523246
57032290,2017-12-24T16:15:37.053,SELL,0.00141309,1.97075557
57032292,2017-12-24T16:15:41.21,SELL,0.00141309,0.98784578
57032295,2017-12-24T16:15:46.397,SELL,0.00141309,0.83308309
57032298,2017-12-24T16:15:47.757,BUY,0.00141399,0.82181646
57032299,2017-12-24T16:15:47.757,BUY,0.00141422,33.28415685
57032300,2017-12-24T16:15:47.757,BUY,0.0014143,19.89402669
57032322,2017-12-24T16:16:21.683,BUY,0.00141399,13.64999089
57032324,2017-12-24T16:16:23.467,SELL,0.00141399,21.64749883
57032325,2017-12-24T16:16:24.483,SELL,0.00141309,0.8330831
57032326,2017-12-24T16:16:24.483,SELL,0.00140302,2.78249997
57032328,2017-12-24T16:16:24.793,BUY,0.00140302,28.29723839
57032329,2017-12-24T16:16:24.793,BUY,0.00140302,18.53276161
57032331,2017-12-24T16:16:28.09,BUY,0.00141309,10.82
57032337,2017-12-24T16:16:36.297,BUY,0.00141309,11.66
57032338,2017-12-24T16:16:36.983,SELL,0.00140301,10.82374941
57032339,2017-12-24T16:16:37.123,SELL,0.00140301,4.73168841
57032341,2017-12-24T16:16:38.703,SELL,0.00140302,23.56191423
57032346,2017-12-24T16:16:45.36,SELL,0.00140303,3.34271148
57032369,2017-12-24T16:17:03.503,BUY,0.00141309,0.00058193
57032370,2017-12-24T16:17:03.503,BUY,0.00141309,16.89741143
57032371,2017-12-24T16:17:03.503,BUY,0.0014143,8.48943502
57032372,2017-12-24T16:17:03.503,BUY,0.0014143,6.96926107
57032373,2017-12-24T16:17:03.503,BUY,0.0014143,67.53103562
57032374,2017-12-24T16:17:03.503,BUY,0.00141453,0.11227493
57032378,2017-12-24T16:17:04.847,BUY,0.00141453,2.24190327
57032397,2017-12-24T16:17:13.503,SELL,0.0014145,1.135
57032401,2017-12-24T16:17:14.567,SELL,0.0014145,1.135
57032416,2017-12-24T16:17:23.727,BUY,0.0014145,1.135
57032417,2017-12-24T16:17:23.727,BUY,0.00141452,2.2752517
57032418,2017-12-24T16:17:23.727,BUY,0.00141454,10.25400205
57032419,2017-12-24T16:17:23.727,BUY,0.0014147,2.29072234
57032420,2017-12-24T16:17:23.727,BUY,0.00141499,9.04502391
57032425,2017-12-24T16:17:26.083,SELL,0.00140322,1.89089128
57032447,2017-12-24T16:17:36.43,SELL,0.00141001,2.08500046
57032448,2017-12-24T16:17:36.43,SELL,0.00141,59.85842744
57032459,2017-12-24T16:17:46.777,SELL,0.00141002,5.21249977
57032461,2017-12-24T16:17:47.23,BUY,0.00141001,0.651198
57032476,2017-12-24T16:17:51.637,SELL,0.0014105,85.13858057
57032492,2017-12-24T16:18:21.127,SELL,0.00141051,75.0
57032493,2017-12-24T16:18:21.127,SELL,0.0014105,42.30523456
57032499,2017-12-24T16:18:24.297,BUY,0.0014105,2.87
57032502,2017-12-24T16:18:24.83,BUY,0.0014105,1.71
57032505,2017-12-24T16:18:24.89,BUY,0.0014105,15.55601356
57032507,2017-12-24T16:18:24.987,BUY,0.0014105,75.0
57032509,2017-12-24T16:18:25.797,BUY,0.0014105,1.725325
57032511,2017-12-24T16:18:27.47,SELL,0.00141,160.90548149
57032514,2017-12-24T16:18:29.61,BUY,0.0014105,234.22
57032518,2017-12-24T16:18:31.533,SELL,0.00141001,5.55462976
57032520,2017-12-24T16:18:32.813,BUY,0.0014105,7.0
57032522,2017-12-24T16:18:34.487,SELL,0.00141001,69.44537024
57032523,2017-12-24T16:18:34.487,SELL,0.00141001,70.92999104
57032526,2017-12-24T16:18:42.753,SELL,0.00141001,0.98064738
57032542,2017-12-24T16:19:01.867,BUY,0.0014105,2.186656
57032554,2017-12-24T16:19:09.087,BUY,0.0014105,85.18
57032560,2017-12-24T16:19:11.523,BUY,0.0014105,2.183019
57032587,2017-12-24T16:19:37.857,BUY,0.0014105,2.176468
57032591,2017-12-24T16:19:41.637,BUY,0.0014105,2.176468
57032597,2017-12-24T16:19:45.967,BUY,0.0014105,1.722352
57032608,2017-12-24T16:19:55.31,BUY,0.0014105,2.177935
57032609,2017-12-24T16:19:56.75,SELL,0.00141001,3.08936158
57032610,2017-12-24T16:19:56.75,SELL,0.00141001,0.3884901
57032614,2017-12-24T16:19:58.14,BUY,0.0014105,2.177928
57032647,2017-12-24T16:20:08.39,BUY,0.0014105,2.177184
57032669,2017-12-24T16:20:19.44,BUY,0.0014105,2.178643
57032673,2017-12-24T16:20:23.08,BUY,0.0014105,2.182751
57032676,2017-12-24T16:20:26.177,BUY,0.0014105,1.870737
57032678,2017-12-24T16:20:27.19,SELL,0.00141001,9.0
57032680,2017-12-24T16:20:27.19,BUY,0.0014105,9.97516972
57032699,2017-12-24T16:20:38.583,BUY,0.0014105,1.751898
57032705,2017-12-24T16:20:40.1,BUY,0.0014105,1.753069
57032713,2017-12-24T16:20:45.46,BUY,0.0014105,2.182289
57032716,2017-12-24T16:20:48.023,BUY,0.0014105,2.177136
57032726,2017-12-24T16:20:52.413,BUY,0.0014105,2.176401
57032727,2017-12-24T16:20:52.553,SELL,0.00141001,65.61150886
57032728,2017-12-24T16:20:52.553,SELL,0.00141001,34.38849114
57032729,2017-12-24T16:20:53.633,SELL,0.00141001,18.47504621
57032732,2017-12-24T16:20:56.117,BUY,0.0014105,2.176401
57032734,2017-12-24T16:20:56.617,BUY,0.0014105,22.69230112
57032738,2017-12-24T16:20:58.93,BUY,0.0014105,1.41439206
57032741,2017-12-24T16:21:00.07,BUY,0.0014105,7.48057816
57032743,2017-12-24T16:21:00.197,BUY,0.0014105,2.176401
57032748,2017-12-24T16:21:05.93,BUY,0.0014105,2.176401
57032755,2017-12-24T16:21:08.887,BUY,0.0014105,2.176401
57032761,2017-12-24T16:21:12.26,BUY,0.0014105,1.28499
57032765,2017-12-24T16:21:15.543,BUY,0.0014105,2.17787
57032766,2017-12-24T16:21:15.777,SELL,0.00141001,22.13646057
57032767,2017-12-24T16:21:15.777,SELL,0.00141001,15.91064
57032768,2017-12-24T16:21:15.777,SELL,0.00141,51.62080621
57032770,2017-12-24T16:21:17.293,BUY,0.0014105,5.0
57032771,2017-12-24T16:21:17.45,SELL,0.00141,225.3953184
57032775,2017-12-24T16:21:19.713,BUY,0.0014105,2.17787
57032779,2017-12-24T16:21:24.98,BUY,0.0014105,2.176401
57032780,2017-12-24T16:21:26.67,SELL,0.00141,380.0
57032784,2017-12-24T16:21:29.293,BUY,0.0014105,2.176401
57032791,2017-12-24T16:21:30.95,SELL,0.00141,10.0
57032792,2017-12-24T16:21:32.357,SELL,0.00141,0.79911306
57032794,2017-12-24T16:21:32.577,BUY,0.0014105,2.176401
57032796,2017-12-24T16:21:36.153,BUY,0.0014105,2.176401
57032797,2017-12-24T16:21:39.547,SELL,0.00141,7.0
57032803,2017-12-24T16:21:41.72,BUY,0.0014105,2.176401
57032807,2017-12-24T16:21:44.077,BUY,0.0014105,2.176401
57032811,2017-12-24T16:21:48.53,BUY,0.0014105,122.59401697
57032815,2017-12-24T16:22:00.063,BUY,0.00141049,1.63
57032826,2017-12-24T16:22:14.55,SELL,0.00141,253.54754859
57032835,2017-12-24T16:22:17.817,SELL,0.00141,0.72780733
57032869,2017-12-24T16:22:56.917,SELL,0.00141,0.36
57032900,2017-12-24T16:23:30.687,BUY,0.00141048,1.26217788
57032917,2017-12-24T16:23:47.22,BUY,0.00141048,1.01516369
57032918,2017-12-24T16:23:47.22,BUY,0.00141048,1.18974531
57032928,2017-12-24T16:23:52.317,BUY,0.00141048,2.204909
57032939,2017-12-24T16:23:55.69,BUY,0.00141048,2.204909
57032946,2017-12-24T16:23:58.847,BUY,0.00141048,4.48263805
57032956,2017-12-24T16:24:05.05,BUY,0.00141048,2.233033
57032969,2017-12-24T16:24:20.977,SELL,0.00141,1.04544609
57032974,2017-12-24T16:24:22.413,BUY,0.00141048,7.08978503
57032975,2017-12-24T16:24:22.93,SELL,0.00141,15.54254637
57032977,2017-12-24T16:24:23.43,BUY,0.00141048,1.861717
57032983,2017-12-24T16:24:33.07,BUY,0.00141048,0.22674711
57032984,2017-12-24T16:24:33.07,BUY,0.00141048,2.44918342
57032993,2017-12-24T16:24:47.073,BUY,0.00141049,0.00971759
57032994,2017-12-24T16:24:47.073,BUY,0.00141049,3.0
57033007,2017-12-24T16:25:12.703,SELL,0.00141049,1.4
57033036,2017-12-24T16:25:51.13,SELL,0.00141049,0.67492031
57033059,2017-12-24T16:26:24.023,BUY,0.0014105,0.36
57033069,2017-12-24T16:26:30.167,BUY,0.0014105,35.36022581
57033088,2017-12-24T16:26:50.967,BUY,0.0014105,30.63898315
57033091,2017-12-24T16:26:58.42,BUY,0.0014105,20.48021873
57033092,2017-12-24T16:27:02.14,SELL,0.00141049,2.26230185
57033126,2017-12-24T16:27:36.893,BUY,0.0014105,16.52847912
57033127,2017-12-24T16:27:36.893,BUY,0.0014105,2.0
57033179,2017-12-24T16:28:13.12,BUY,0.0014143,4.38429209
57033180,2017-12-24T16:28:13.12,BUY,0.0014143,7.51934237
57033181,2017-12-24T16:28:13.12,BUY,0.0014143,38.09636554
57033188,2017-12-24T16:28:16.9,BUY,0.0014143,41.80363446
57033189,2017-12-24T16:28:16.9,BUY,0.0014143,57.72013947
57033211,2017-12-24T16:28:34.153,BUY,0.00141499,3.47785169
57033221,2017-12-24T16:28:38.387,SELL,0.00141051,0.78748444
57033222,2017-12-24T16:28:38.653,SELL,0.00141051,0.79082726
57033231,2017-12-24T16:28:46.373,BUY,0.001415,1146.27125279
57033236,2017-12-24T16:28:50.5,SELL,0.0014105,16.83132237
57033238,2017-12-24T16:28:52.763,BUY,0.001415,7.03823311
57033246,2017-12-24T16:28:59.203,SELL,0.00141051,0.4669158
57033249,2017-12-24T16:29:02.11,SELL,0.00141049,4.70554875
57033252,2017-12-24T16:29:04.453,SELL,0.00141049,1.41810307
57033253,2017-12-24T16:29:04.453,SELL,0.00141049,3.68227348
57033256,2017-12-24T16:29:05.517,SELL,0.00141049,3.36176828
57033265,2017-12-24T16:29:06.86,SELL,0.00141049,4.1834586
57033267,2017-12-24T16:29:09.25,SELL,0.00141049,4.33288862
57033268,2017-12-24T16:29:09.25,SELL,0.00141049,4.35313359
57033269,2017-12-24T16:29:09.25,SELL,0.00141049,16.0
57033272,2017-12-24T16:29:14.847,SELL,0.00141048,1.32406947
57033278,2017-12-24T16:29:19.017,SELL,0.00141,6.03467105
57033281,2017-12-24T16:29:22.097,SELL,0.00141,5.24499652
57033283,2017-12-24T16:29:22.44,SELL,0.00141,57.81184101
57033284,2017-12-24T16:29:22.44,SELL,0.00141,43.39223572
57033285,2017-12-24T16:29:22.44,SELL,0.00141,8.24143466
57033288,2017-12-24T16:29:23.41,SELL,0.00141,5.59440556
57033289,2017-12-24T16:29:26.643,SELL,0.00141,1.16415978
57033305,2017-12-24T16:29:39.16,SELL,0.00140999,3.64191564
57033309,2017-12-24T16:29:43.24,BUY,0.00141049,3.83702633
57033311,2017-12-24T16:29:47.537,SELL,0.00140999,3.35808436
57033320,2017-12-24T16:30:03.553,SELL,0.0014075,2.94321847
57033321,2017-12-24T16:30:13.167,SELL,0.00140533,3.04709884
57033322,2017-12-24T16:30:13.167,SELL,0.00140532,5.80026301
57033326,2017-12-24T16:30:24.387,SELL,0.00140533,2.1
57033327,2017-12-24T16:30:24.51,SELL,0.00140532,0.86642599
57033333,2017-12-24T16:30:31.933,SELL,0.00140534,6.19722672
57033334,2017-12-24T16:30:34.433,SELL,0.00140534,3.52043265
57033336,2017-12-24T16:30:38.997,SELL,0.00140534,8.29869776
57033340,2017-12-24T16:30:44.45,SELL,0.00140534,17.81632376
57033372,2017-12-24T16:31:14.987,BUY,0.00141049,2.55230452
57033382,2017-12-24T16:31:22.77,BUY,0.00141049,13.629981
57033384,2017-12-24T16:31:23.143,BUY,0.00141049,2.43139962
57033398,2017-12-24T16:31:35.927,SELL,0.001406,13.23685611
57033416,2017-12-24T16:31:45.6,SELL,0.001406,51.97
57033420,2017-12-24T16:31:53.773,SELL,0.001406,2.97074564
57033422,2017-12-24T16:31:57.617,BUY,0.00141049,0.54928853
57033423,2017-12-24T16:31:57.617,BUY,0.00141049,2.0
57033424,2017-12-24T16:31:57.617,BUY,0.00141049,204.9862284
57033425,2017-12-24T16:31:57.617,BUY,0.00141049,17.20499207
57033444,2017-12-24T16:32:22.557,BUY,0.00141048,2.23945568
57033445,2017-12-24T16:32:22.557,BUY,0.00141049,11.61181773
57033452,2017-12-24T16:32:25.73,SELL,0.00141049,11.2839891
57033462,2017-12-24T16:32:31.87,SELL,0.00141049,53.2054956
57033463,2017-12-24T16:32:32.513,SELL,0.00141049,63.61959567
57033487,2017-12-24T16:33:13.673,SELL,0.001406,5.01814447
57033489,2017-12-24T16:33:16.02,BUY,0.00141049,7.08973477
57033490,2017-12-24T16:33:16.44,SELL,0.001406,3.69017709
57033504,2017-12-24T16:33:31.647,SELL,0.001406,4.39731178
57033512,2017-12-24T16:33:38.77,BUY,0.00141,198.01629221
57033529,2017-12-24T16:34:18.29,BUY,0.00141,1.0212766
57033531,2017-12-24T16:34:27.637,BUY,0.00141,2.0
57033548,2017-12-24T16:34:56.593,SELL,0.001406,28.81444348
57033556,2017-12-24T16:35:19.143,BUY,0.00141,1.0212766
57033564,2017-12-24T16:35:28.177,BUY,0.00141,0.85066941
57033574,2017-12-24T16:35:37.083,SELL,0.00140601,5.0
57033591,2017-12-24T16:36:11.76,BUY,0.00140993,5.34391069
57033596,2017-12-24T16:36:16.463,BUY,0.00140993,10.29052861
57033597,2017-12-24T16:36:16.463,BUY,0.00141,3.85840756
57033623,2017-12-24T16:37:28.33,BUY,0.00140995,20.0
57033629,2017-12-24T16:37:46.49,BUY,0.00140995,103.44442276
57033630,2017-12-24T16:37:46.77,SELL,0.00140995,153.04018164
57033631,2017-12-24T16:38:18.383,SELL,0.001408,10.67144204
57033633,2017-12-24T16:38:22.637,BUY,0.00140992,2.0
57033635,2017-12-24T16:38:27.667,BUY,0.00140992,0.57428131
57033640,2017-12-24T16:38:58.64,BUY,0.00140992,10.0
57033641,2017-12-24T16:39:03.28,SELL,0.001408,54.66347363
57033643,2017-12-24T16:39:05.077,BUY,0.00140992,3.19005866
57033648,2017-12-24T16:39:57.32,BUY,0.0014099,12.4157097
57033655,2017-12-24T16:40:44.45,BUY,0.00140982,5.96613132
57033657,2017-12-24T16:40:46.043,BUY,0.00140982,0.7093104
57033664,2017-12-24T16:41:19.97,BUY,0.00140982,0.8
57033665,2017-12-24T16:41:24.25,SELL,0.001408,71.30168154
57033669,2017-12-24T16:41:52.19,SELL,0.001408,0.9
57033670,2017-12-24T16:41:55.91,SELL,0.001408,216.68925506
57033690,2017-12-24T16:42:48.26,BUY,0.001407,54.869263
57033692,2017-12-24T16:42:58.403,BUY,0.001407,33.07
57033694,2017-12-24T16:43:08.153,SELL,0.001406,5.00688953
57033695,2017-12-24T16:43:08.153,SELL,0.001406,11.64388277
57033699,2017-12-24T16:43:13.937,SELL,0.00140588,0.6290464
57033700,2017-12-24T16:43:13.937,SELL,0.00140533,2.3709536
57033706,2017-12-24T16:43:27.907,BUY,0.001406,70.94594595
57033707,2017-12-24T16:43:30.61,SELL,0.00140533,6.2669295
57033708,2017-12-24T16:43:30.61,SELL,0.00140523,143.9299971
57033720,2017-12-24T16:43:39.94,BUY,0.00140533,14.26153
57033728,2017-12-24T16:44:01.893,SELL,0.00140523,3.0
57033730,2017-12-24T16:44:04.677,BUY,0.00140525,10.0
57033732,2017-12-24T16:44:04.847,BUY,0.00140533,1.4e-07
57033733,2017-12-24T16:44:04.847,BUY,0.00140533,1.09999986
57033740,2017-12-24T16:44:28.083,BUY,0.00140533,4.91257255
57033741,2017-12-24T16:44:28.083,BUY,0.00140533,21.73041221
57033766,2017-12-24T16:44:50.837,SELL,0.00140526,72.34040423
57033768,2017-12-24T16:44:56.573,BUY,0.0014053,22.0
57033769,2017-12-24T16:45:03.073,SELL,0.00140526,6.1077924
57033771,2017-12-24T16:45:03.84,BUY,0.00140555,1.34840454
57033777,2017-12-24T16:45:16.81,BUY,0.00140555,2.07
57033783,2017-12-24T16:45:40.623,BUY,0.00140555,0.00159546
57033789,2017-12-24T16:45:52.983,BUY,0.001406,23.95
57033791,2017-12-24T16:45:54.25,BUY,0.001406,38.0
57033797,2017-12-24T16:46:12.317,BUY,0.001406,2.182332
57033799,2017-12-24T16:46:13.66,BUY,0.001406,2.182332
57033801,2017-12-24T16:46:14.363,BUY,0.001406,1.08120773
57033803,2017-12-24T16:46:18.753,BUY,0.001406,2.182024
57033805,2017-12-24T16:46:22.113,BUY,0.0014059,2.182024
57033807,2017-12-24T16:46:26.927,BUY,0.0014059,28.47
57033809,2017-12-24T16:46:30.363,BUY,0.0014059,0.00764883
57033810,2017-12-24T16:46:30.363,BUY,0.001406,2.16959517
57033812,2017-12-24T16:46:32.74,BUY,0.001406,286.31
57033813,2017-12-24T16:46:33.55,SELL,0.00140555,4.0
57033814,2017-12-24T16:46:33.55,SELL,0.00140526,395.217
57033816,2017-12-24T16:46:34.053,BUY,0.001406,2.177244
57033823,2017-12-24T16:46:37.723,BUY,0.001406,2.17709
57033826,2017-12-24T16:46:42.32,BUY,0.001406,2.177802
57033828,2017-12-24T16:46:48.023,BUY,0.001406,2.17709
57033829,2017-12-24T16:46:50.083,SELL,0.00140525,70.98381071
57033830,2017-12-24T16:46:50.083,SELL,0.00140525,20.0
57033832,2017-12-24T16:46:54.023,BUY,0.001406,3.05484455
57033843,2017-12-24T16:47:13.697,BUY,0.00140599,2.19951496
57033844,2017-12-24T16:47:13.697,BUY,0.001406,22.80048504
57033856,2017-12-24T16:47:33.073,BUY,0.00140525,33.520661
57033866,2017-12-24T16:47:44.827,BUY,0.00140525,3.55858574
57033871,2017-12-24T16:47:49.107,BUY,0.00140525,673.79555903
57033878,2017-12-24T16:47:52.28,BUY,0.00140525,212.86
57033881,2017-12-24T16:47:53.34,BUY,0.00140525,151.393626
57033892,2017-12-24T16:47:58.67,BUY,0.00140525,71.16
57033896,2017-12-24T16:48:01.61,BUY,0.00140525,71.16
57033898,2017-12-24T16:48:01.953,BUY,0.00140525,71.16
57033900,2017-12-24T16:48:01.967,BUY,0.00140525,70.36307345
57033904,2017-12-24T16:48:02.953,BUY,0.00140525,70.36307345
57033906,2017-12-24T16:48:03.06,BUY,0.00140525,1.42
57033908,2017-12-24T16:48:03.42,BUY,0.00140525,28.4
57033910,2017-12-24T16:48:03.513,BUY,0.00140525,53.3407
57033914,2017-12-24T16:48:04.093,SELL,0.00140524,8.47668764
57033915,2017-12-24T16:48:04.093,SELL,0.00140522,1.99464852
57033916,2017-12-24T16:48:04.093,SELL,0.00140522,4.10943035
57033918,2017-12-24T16:48:04.53,BUY,0.00140525,1.42
57033927,2017-12-24T16:48:08.047,BUY,0.00140525,161.446
57033936,2017-12-24T16:48:17.03,BUY,0.00140525,53.37
57033939,2017-12-24T16:48:17.36,BUY,0.00140525,13.34
57033941,2017-12-24T16:48:18.203,BUY,0.00140525,3.33
57033944,2017-12-24T16:48:18.767,BUY,0.00140525,0.83
57033947,2017-12-24T16:48:19.813,BUY,0.00140525,16.1464
57033949,2017-12-24T16:48:19.86,BUY,0.00140525,22.8609
57033951,2017-12-24T16:48:19.907,BUY,0.00140525,1.972561
57033957,2017-12-24T16:48:23.97,BUY,0.00140525,5.00004199
57033969,2017-12-24T16:48:29.72,BUY,0.00140525,21.00559345
57033971,2017-12-24T16:48:31.72,BUY,0.00140525,78.957542
57033981,2017-12-24T16:48:41.393,BUY,0.00140525,35.57712082
57033982,2017-12-24T16:48:41.393,BUY,0.00140525,1.01792421
57033985,2017-12-24T16:48:41.957,BUY,0.00140525,65.851106
57033998,2017-12-24T16:48:48.567,SELL,0.00140522,0.87199604
57033999,2017-12-24T16:48:48.567,SELL,0.00140522,6.01425305
57034000,2017-12-24T16:48:48.567,SELL,0.00140522,0.33484323
57034004,2017-12-24T16:48:49.817,BUY,0.00140525,28.31308524
57034006,2017-12-24T16:48:50.003,BUY,0.00140525,2.13485145
57034008,2017-12-24T16:48:51.317,BUY,0.00140525,2.6534766
57034011,2017-12-24T16:48:53.067,BUY,0.00140525,28.552667
57034014,2017-12-24T16:48:53.66,BUY,0.00140525,44.27146127
57034015,2017-12-24T16:48:53.66,BUY,0.00140525,14.72314246
57034018,2017-12-24T16:48:55.397,SELL,0.00140522,3.61054616
57034023,2017-12-24T16:48:56.99,BUY,0.00140525,0.03947842
57034024,2017-12-24T16:48:57.003,BUY,0.00140525,9.96052158
57034027,2017-12-24T16:48:59.223,BUY,0.00140525,10.0
57034048,2017-12-24T16:49:21.337,BUY,0.00140525,12.29077163
57034051,2017-12-24T16:49:21.803,BUY,0.00140525,2.185004
57034090,2017-12-24T16:49:51.12,BUY,0.00140525,2.182525
57034098,2017-12-24T16:50:02.777,SELL,0.00140522,3.62096492
57034099,2017-12-24T16:50:02.777,SELL,0.00140522,5.0
57034102,2017-12-24T16:50:03.357,BUY,0.001405,23.0
57034120,2017-12-24T16:50:15.78,BUY,0.001405,31.37903508
57034121,2017-12-24T16:50:15.78,BUY,0.00140525,18.62096492
57034128,2017-12-24T16:50:18.53,BUY,0.00140525,3.0
57034134,2017-12-24T16:50:21.53,BUY,0.00140525,2.182538
57034139,2017-12-24T16:50:27.047,BUY,0.00140525,0.79903575
57034140,2017-12-24T16:50:27.047,BUY,0.00140525,1.0
57034141,2017-12-24T16:50:27.047,BUY,0.00140525,0.38350225
57034153,2017-12-24T16:50:29.797,BUY,0.00140525,9.61649775
57034154,2017-12-24T16:50:29.797,BUY,0.001406,8.91249752
57034161,2017-12-24T16:50:33.157,BUY,0.001406,2.186868
57034169,2017-12-24T16:50:38.86,BUY,0.001406,2.186868
57034175,2017-12-24T16:50:45.517,BUY,0.001406,2.186868
57034183,2017-12-24T16:50:49.517,BUY,0.001406,2.186868
57034186,2017-12-24T16:50:50.563,BUY,0.001406,5.1
57034189,2017-12-24T16:50:53.44,BUY,0.001406,1.049209
57034197,2017-12-24T16:50:58.063,BUY,0.001406,2.181681
57034201,2017-12-24T16:51:01.707,BUY,0.001406,2.181681
57034222,2017-12-24T16:51:17.113,BUY,0.001406,3.19835333
57034232,2017-12-24T16:51:34.833,BUY,0.001406,0.876688
57034250,2017-12-24T16:52:00.43,BUY,0.001406,0.71301564
57034268,2017-12-24T16:52:21.34,BUY,0.00140599,2.18377902
57034269,2017-12-24T16:52:21.34,BUY,0.001406,0.59710198
57034272,2017-12-24T16:52:23.557,BUY,0.001406,2.18
57034274,2017-12-24T16:52:24.027,BUY,0.001406,50.0
57034276,2017-12-24T16:52:24.59,BUY,0.001406,7.1
57034278,2017-12-24T16:52:24.683,BUY,0.001406,12.6949
57034287,2017-12-24T16:52:29.027,BUY,0.001406,1.84535404
57034288,2017-12-24T16:52:29.027,BUY,0.001406,4.09512028
57034295,2017-12-24T16:52:41.263,BUY,0.001406,1.0
57034305,2017-12-24T16:52:54.64,SELL,0.00140525,2.182538
57034306,2017-12-24T16:52:54.64,SELL,0.00140525,8.53005355
57034313,2017-12-24T16:52:58.67,BUY,0.00140525,3.0
57034318,2017-12-24T16:53:03.077,BUY,0.00140525,7.20331156
57034319,2017-12-24T16:53:03.077,BUY,0.001406,3.00220222
57034326,2017-12-24T16:53:06.92,BUY,0.001406,50.0
57034327,2017-12-24T16:53:08.937,SELL,0.00140428,6.6822586
57034362,2017-12-24T16:53:42.643,BUY,0.001406,0.5
57034376,2017-12-24T16:53:54.677,SELL,0.00140428,3.00953364
57034377,2017-12-24T16:53:54.677,SELL,0.00140428,68.77576814
57034388,2017-12-24T16:54:01.723,SELL,0.00140428,31.22423186
57034392,2017-12-24T16:54:03.66,BUY,0.00140428,3.0
57034397,2017-12-24T16:54:05.99,BUY,0.00140428,20.0
57034423,2017-12-24T16:54:28.227,BUY,0.00140428,17.18036802
57034470,2017-12-24T16:55:09.323,SELL,0.00140428,0.52
57034502,2017-12-24T16:55:29.843,SELL,0.00140428,20.16
57034503,2017-12-24T16:55:33.467,SELL,0.00140428,89.59005275
57034505,2017-12-24T16:55:34.717,SELL,0.00140428,0.57428131
57034506,2017-12-24T16:55:36.28,SELL,0.00140428,10.28658537
57033832,2017-12-24T16:46:54.023,BUY,0.001406,3.05484455
57033843,2017-12-24T16:47:13.697,BUY,0.00140599,2.19951496
57033844,2017-12-24T16:47:13.697,BUY,0.001406,22.80048504
57033856,2017-12-24T16:47:33.073,BUY,0.00140525,33.520661
57033866,2017-12-24T16:47:44.827,BUY,0.00140525,3.55858574
57033871,2017-12-24T16:47:49.107,BUY,0.00140525,673.79555903
57033878,2017-12-24T16:47:52.28,BUY,0.00140525,212.86
57033881,2017-12-24T16:47:53.34,BUY,0.00140525,151.393626
57033892,2017-12-24T16:47:58.67,BUY,0.00140525,71.16
57033896,2017-12-24T16:48:01.61,BUY,0.00140525,71.16
57033898,2017-12-24T16:48:01.953,BUY,0.00140525,71.16
57033900,2017-12-24T16:48:01.967,BUY,0.00140525,70.36307345
57033904,2017-12-24T16:48:02.953,BUY,0.00140525,70.36307345
57033906,2017-12-24T16:48:03.06,BUY,0.00140525,1.42
57033908,2017-12-24T16:48:03.42,BUY,0.00140525,28.4
57033910,2017-12-24T16:48:03.513,BUY,0.00140525,53.3407
57033914,2017-12-24T16:48:04.093,SELL,0.00140524,8.47668764
57033915,2017-12-24T16:48:04.093,SELL,0.00140522,1.99464852
57033916,2017-12-24T16:48:04.093,SELL,0.00140522,4.10943035
57033918,2017-12-24T16:48:04.53,BUY,0.00140525,1.42
57033927,2017-12-24T16:48:08.047,BUY,0.00140525,161.446
57033936,2017-12-24T16:48:17.03,BUY,0.00140525,53.37
57033939,2017-12-24T16:48:17.36,BUY,0.00140525,13.34
57033941,2017-12-24T16:48:18.203,BUY,0.00140525,3.33
57033944,2017-12-24T16:48:18.767,BUY,0.00140525,0.83
57033947,2017-12-24T16:48:19.813,BUY,0.00140525,16.1464
57033949,2017-12-24T16:48:19.86,BUY,0.00140525,22.8609
57033951,2017-12-24T16:48:19.907,BUY,0.00140525,1.972561
57033957,2017-12-24T16:48:23.97,BUY,0.00140525,5.00004199
57033969,2017-12-24T16:48:29.72,BUY,0.00140525,21.00559345
57033971,2017-12-24T16:48:31.72,BUY,0.00140525,78.957542
57033981,2017-12-24T16:48:41.393,BUY,0.00140525,35.57712082
57033982,2017-12-24T16:48:41.393,BUY,0.00140525,1.01792421
57033985,2017-12-24T16:48:41.957,BUY,0.00140525,65.851106
57033998,2017-12-24T16:48:48.567,SELL,0.00140522,0.87199604
57033999,2017-12-24T16:48:48.567,SELL,0.00140522,6.01425305
57034000,2017-12-24T16:48:48.567,SELL,0.00140522,0.33484323
57034004,2017-12-24T16:48:49.817,BUY,0.00140525,28.31308524
57034006,2017-12-24T16:48:50.003,BUY,0.00140525,2.13485145
57034008,2017-12-24T16:48:51.317,BUY,0.00140525,2.6534766
57034011,2017-12-24T16:48:53.067,BUY,0.00140525,28.552667
57034014,2017-12-24T16:48:53.66,BUY,0.00140525,44.27146127
57034015,2017-12-24T16:48:53.66,BUY,0.00140525,14.72314246
57034018,2017-12-24T16:48:55.397,SELL,0.00140522,3.61054616
57034023,2017-12-24T16:48:56.99,BUY,0.00140525,0.03947842
57034024,2017-12-24T16:48:57.003,BUY,0.00140525,9.96052158
57034027,2017-12-24T16:48:59.223,BUY,0.00140525,10.0
57034048,2017-12-24T16:49:21.337,BUY,0.00140525,12.29077163
57034051,2017-12-24T16:49:21.803,BUY,0.00140525,2.185004
57034090,2017-12-24T16:49:51.12,BUY,0.00140525,2.182525
57034098,2017-12-24T16:50:02.777,SELL,0.00140522,3.62096492
57034099,2017-12-24T16:50:02.777,SELL,0.00140522,5.0
57034102,2017-12-24T16:50:03.357,BUY,0.001405,23.0
57034120,2017-12-24T16:50:15.78,BUY,0.001405,31.37903508
57034121,2017-12-24T16:50:15.78,BUY,0.00140525,18.62096492
57034128,2017-12-24T16:50:18.53,BUY,0.00140525,3.0
57034134,2017-12-24T16:50:21.53,BUY,0.00140525,2.182538
57034139,2017-12-24T16:50:27.047,BUY,0.00140525,0.79903575
57034140,2017-12-24T16:50:27.047,BUY,0.00140525,1.0
57034141,2017-12-24T16:50:27.047,BUY,0.00140525,0.38350225
57034153,2017-12-24T16:50:29.797,BUY,0.00140525,9.61649775
57034154,2017-12-24T16:50:29.797,BUY,0.001406,8.91249752
57034161,2017-12-24T16:50:33.157,BUY,0.001406,2.186868
57034169,2017-12-24T16:50:38.86,BUY,0.001406,2.186868
57034175,2017-12-24T16:50:45.517,BUY,0.001406,2.186868
57034183,2017-12-24T16:50:49.517,BUY,0.001406,2.186868
57034186,2017-12-24T16:50:50.563,BUY,0.001406,5.1
57034189,2017-12-24T16:50:53.44,BUY,0.001406,1.049209
57034197,2017-12-24T16:50:58.063,BUY,0.001406,2.181681
57034201,2017-12-24T16:51:01.707,BUY,0.001406,2.181681
57034222,2017-12-24T16:51:17.113,BUY,0.001406,3.19835333
57034232,2017-12-24T16:51:34.833,BUY,0.001406,0.876688
57034250,2017-12-24T16:52:00.43,BUY,0.001406,0.71301564
57034268,2017-12-24T16:52:21.34,BUY,0.00140599,2.18377902
57034269,2017-12-24T16:52:21.34,BUY,0.001406,0.59710198
57034272,2017-12-24T16:52:23.557,BUY,0.001406,2.18
57034274,2017-12-24T16:52:24.027,BUY,0.001406,50.0
57034276,2017-12-24T16:52:24.59,BUY,0.001406,7.1
57034278,2017-12-24T16:52:24.683,BUY,0.001406,12.6949
57034287,2017-12-24T16:52:29.027,BUY,0.001406,1.84535404
57034288,2017-12-24T16:52:29.027,BUY,0.001406,4.09512028
57034295,2017-12-24T16:52:41.263,BUY,0.001406,1.0
57034305,2017-12-24T16:52:54.64,SELL,0.00140525,2.182538
57034306,2017-12-24T16:52:54.64,SELL,0.00140525,8.53005355
57034313,2017-12-24T16:52:58.67,BUY,0.00140525,3.0
57034318,2017-12-24T16:53:03.077,BUY,0.00140525,7.20331156
57034319,2017-12-24T16:53:03.077,BUY,0.001406,3.00220222
57034326,2017-12-24T16:53:06.92,BUY,0.001406,50.0
57034327,2017-12-24T16:53:08.937,SELL,0.00140428,6.6822586
57034362,2017-12-24T16:53:42.643,BUY,0.001406,0.5
57034376,2017-12-24T16:53:54.677,SELL,0.00140428,3.00953364
57034377,2017-12-24T16:53:54.677,SELL,0.00140428,68.77576814
57034388,2017-12-24T16:54:01.723,SELL,0.00140428,31.22423186
57034392,2017-12-24T16:54:03.66,BUY,0.00140428,3.0
57034397,2017-12-24T16:54:05.99,BUY,0.00140428,20.0
57034423,2017-12-24T16:54:28.227,BUY,0.00140428,17.18036802
57034470,2017-12-24T16:55:09.323,SELL,0.00140428,0.52
57034502,2017-12-24T16:55:29.843,SELL,0.00140428,20.16
57034503,2017-12-24T16:55:33.467,SELL,0.00140428,89.59005275
57034505,2017-12-24T16:55:34.717,SELL,0.00140428,0.57428131
57034506,2017-12-24T16:55:36.28,SELL,0.00140428,10.28658537
57034509,2017-12-24T16:55:43.297,SELL,0.00140428,0.87479326
57034531,2017-12-24T16:56:08.237,BUY,0.00140366,0.7342683
57034532,2017-12-24T16:56:08.237,BUY,0.00140366,1.4539127
57034535,2017-12-24T16:56:12.597,BUY,0.00140366,0.7488922
57034536,2017-12-24T16:56:12.597,BUY,0.00140366,1.4392888
57034543,2017-12-24T16:56:18.363,BUY,0.00140366,2.18271
57034556,2017-12-24T16:56:31.897,BUY,0.00140334,1.4685366
57034557,2017-12-24T16:56:31.897,BUY,0.00140334,1.4685366
57034558,2017-12-24T16:56:31.897,BUY,0.00140334,0.7329268
57034564,2017-12-24T16:56:33.083,SELL,0.00140303,1.0
57034577,2017-12-24T16:56:40.007,BUY,0.00140318,2.93707321
57034578,2017-12-24T16:56:40.007,BUY,0.00140318,14.68536579
57034587,2017-12-24T16:56:49.85,SELL,0.00140303,3.11562028
57034597,2017-12-24T16:56:56.443,BUY,0.00140318,2.4e-07
57034598,2017-12-24T16:56:56.443,BUY,0.00140318,1.4685366
57034600,2017-12-24T16:56:56.443,BUY,0.00140428,3.20043297
57034601,2017-12-24T16:56:56.443,BUY,0.001406,22.31731119
57034609,2017-12-24T16:56:59.523,BUY,0.001406,0.81183735
57034613,2017-12-24T16:57:00.773,BUY,0.001406,5.000043
57034616,2017-12-24T16:57:07.04,BUY,0.00140599,2.16519582
57034617,2017-12-24T16:57:07.04,BUY,0.001406,12.98759218
57034654,2017-12-24T16:57:50.357,BUY,0.00140599,19.76400679
57034681,2017-12-24T16:58:18.953,BUY,0.00140599,2.643471
57034706,2017-12-24T16:58:37.767,BUY,0.001405,1.08871623
57034724,2017-12-24T16:58:46.66,BUY,0.001405,23.91128377
57034725,2017-12-24T16:58:46.66,BUY,0.00140599,26.29065018
57034751,2017-12-24T16:59:34.523,BUY,0.00140599,2.31617458
57034796,2017-12-24T17:00:30.84,SELL,0.0014038,20.0
57034814,2017-12-24T17:00:47.043,BUY,0.00140538,0.38295004
57034824,2017-12-24T17:00:56.547,BUY,0.00140538,15.038291
57034846,2017-12-24T17:01:41.08,BUY,0.00140538,14.23102648
57034867,2017-12-24T17:02:32.35,SELL,0.0014038,20.0
57034868,2017-12-24T17:02:32.35,SELL,0.0014038,0.41229617
57034869,2017-12-24T17:02:32.35,SELL,0.00140303,0.88437972
57034870,2017-12-24T17:02:32.35,SELL,0.00140303,19.74842826
57034871,2017-12-24T17:02:32.35,SELL,0.00140278,3.16075835
57034891,2017-12-24T17:02:40.913,BUY,0.00140537,2.15232044
57034892,2017-12-24T17:02:40.913,BUY,0.00140538,1.00528564
57034893,2017-12-24T17:02:40.913,BUY,0.00140538,20.150887
57034895,2017-12-24T17:02:41.883,BUY,0.00140538,3.000043
57034913,2017-12-24T17:02:58.823,BUY,0.0014058,2.280043
57034966,2017-12-24T17:03:40.14,BUY,0.0014058,27.104648
57034982,2017-12-24T17:04:16.36,BUY,0.0014058,0.615309
57034983,2017-12-24T17:04:16.36,BUY,0.0014058,3.56500525
57035016,2017-12-24T17:05:02.07,BUY,0.0014058,33.66917501
57035017,2017-12-24T17:05:02.07,BUY,0.00140599,447.77452386
57035023,2017-12-24T17:05:08.57,BUY,0.00140599,1.06064
57035029,2017-12-24T17:05:12.99,BUY,0.00140599,0.15053359
57035047,2017-12-24T17:05:36.37,SELL,0.00140599,1.31647542
57035055,2017-12-24T17:05:40.587,BUY,0.00140599,3.74765821
57035061,2017-12-24T17:05:53.98,BUY,0.001406,9.15248307
57035062,2017-12-24T17:05:53.98,BUY,0.00140671,90.84751693
57035069,2017-12-24T17:06:07.62,BUY,0.00140756,6.73627484
57035087,2017-12-24T17:06:36.5,BUY,0.00140756,25.0
57035093,2017-12-24T17:06:42.813,SELL,0.00140599,176.25234179
57035094,2017-12-24T17:06:42.813,SELL,0.00140599,6.38518055
57035096,2017-12-24T17:06:44.47,BUY,0.00140599,2.12839352
57035107,2017-12-24T17:07:10.877,BUY,0.00140598,1.42249534
57035112,2017-12-24T17:07:26.847,BUY,0.00140598,0.71730066
57035113,2017-12-24T17:07:33.787,SELL,0.00140598,4.28269934
57035140,2017-12-24T17:10:27.847,BUY,0.00140598,14.76330933
57035153,2017-12-24T17:11:28.26,BUY,0.00140597,8.0
57035166,2017-12-24T17:12:45.263,SELL,0.0014055,20.7512079
57035171,2017-12-24T17:13:05.173,SELL,0.00140538,7.22564675
57035172,2017-12-24T17:13:05.173,SELL,0.00140538,6.82329804
57035177,2017-12-24T17:13:17.58,BUY,0.00140538,2.92764946
57035181,2017-12-24T17:13:33.143,SELL,0.00140278,1e-06
57035182,2017-12-24T17:13:33.143,SELL,0.00140245,30.0
57035183,2017-12-24T17:13:33.143,SELL,0.00140242,10.85405941
57035184,2017-12-24T17:13:33.143,SELL,0.00140221,6.90228996
57035185,2017-12-24T17:13:33.143,SELL,0.00140216,10.0
57035186,2017-12-24T17:13:33.143,SELL,0.00140215,10.75302685
57035187,2017-12-24T17:13:33.143,SELL,0.0014021,35.0
57035188,2017-12-24T17:13:33.143,SELL,0.00140206,440.34888217
57035189,2017-12-24T17:13:33.143,SELL,0.00140119,3.07554293
57035190,2017-12-24T17:13:33.143,SELL,0.0014011,0.61070084
57035191,2017-12-24T17:13:33.143,SELL,0.00140099,5.0568241
57035192,2017-12-24T17:13:33.143,SELL,0.0014,8.0
57035193,2017-12-24T17:13:33.143,SELL,0.0014,50.0
57035195,2017-12-24T17:13:33.52,BUY,0.0014,408.01
57035197,2017-12-24T17:13:34.27,BUY,0.0014,1.1
57035200,2017-12-24T17:13:34.597,BUY,0.0014,9.2350666
57035207,2017-12-24T17:13:36.177,BUY,0.0014,393.602897
57035219,2017-12-24T17:13:38.55,BUY,0.0014,52.30945822
57035234,2017-12-24T17:13:57.63,SELL,0.00139828,2.58319507
57035236,2017-12-24T17:13:58.897,BUY,0.00139828,4.86836975
57035243,2017-12-24T17:14:04.02,BUY,0.00139828,11.27252718
57035245,2017-12-24T17:14:04.88,BUY,0.00139828,11.27252718
57035247,2017-12-24T17:14:06.02,BUY,0.00139828,25.98841075
57035252,2017-12-24T17:14:06.613,BUY,0.00139828,26.05130137
57035254,2017-12-24T17:14:07.223,BUY,0.00139828,26.04306564
57035257,2017-12-24T17:14:07.553,BUY,0.00139828,26.04288752
57035265,2017-12-24T17:14:15.46,SELL,0.00139694,0.5726771
57035266,2017-12-24T17:14:15.46,SELL,0.0013963,0.69985008
57035308,2017-12-24T17:15:15.387,BUY,0.00139786,7.86917144
57035314,2017-12-24T17:15:19.9,SELL,0.0013963,1.14381532
57035315,2017-12-24T17:15:19.9,SELL,0.0013963,1.28438641
57035328,2017-12-24T17:15:37.637,SELL,0.0013963,0.60705043
57035330,2017-12-24T17:15:39.043,SELL,0.0013963,10.99977565
57035331,2017-12-24T17:15:39.043,SELL,0.0013963,6.0
57035334,2017-12-24T17:15:42.2,SELL,0.00139595,9.04083957
57035335,2017-12-24T17:15:42.2,SELL,0.00139464,16.70264629
57035336,2017-12-24T17:15:42.2,SELL,0.00139404,21.52017126
57035337,2017-12-24T17:15:42.2,SELL,0.00139404,4.0
57035341,2017-12-24T17:15:47.517,SELL,0.00139231,4.13655836
57035342,2017-12-24T17:15:47.717,SELL,0.0013922,1.16242653
57035344,2017-12-24T17:15:49.437,BUY,0.00139324,3.58767561
57034556,2017-12-24T16:56:31.897,BUY,0.00140334,1.4685366
57034557,2017-12-24T16:56:31.897,BUY,0.00140334,1.4685366
57034558,2017-12-24T16:56:31.897,BUY,0.00140334,0.7329268
57034564,2017-12-24T16:56:33.083,SELL,0.00140303,1.0
57034577,2017-12-24T16:56:40.007,BUY,0.00140318,2.93707321
57034578,2017-12-24T16:56:40.007,BUY,0.00140318,14.68536579
57034587,2017-12-24T16:56:49.85,SELL,0.00140303,3.11562028
57034597,2017-12-24T16:56:56.443,BUY,0.00140318,2.4e-07
57034598,2017-12-24T16:56:56.443,BUY,0.00140318,1.4685366
57034600,2017-12-24T16:56:56.443,BUY,0.00140428,3.20043297
57034601,2017-12-24T16:56:56.443,BUY,0.001406,22.31731119
57034609,2017-12-24T16:56:59.523,BUY,0.001406,0.81183735
57034613,2017-12-24T16:57:00.773,BUY,0.001406,5.000043
57034616,2017-12-24T16:57:07.04,BUY,0.00140599,2.16519582
57034617,2017-12-24T16:57:07.04,BUY,0.001406,12.98759218
57034654,2017-12-24T16:57:50.357,BUY,0.00140599,19.76400679
57034681,2017-12-24T16:58:18.953,BUY,0.00140599,2.643471
57034706,2017-12-24T16:58:37.767,BUY,0.001405,1.08871623
57034724,2017-12-24T16:58:46.66,BUY,0.001405,23.91128377
57034725,2017-12-24T16:58:46.66,BUY,0.00140599,26.29065018
57034751,2017-12-24T16:59:34.523,BUY,0.00140599,2.31617458
57034796,2017-12-24T17:00:30.84,SELL,0.0014038,20.0
57034814,2017-12-24T17:00:47.043,BUY,0.00140538,0.38295004
57034824,2017-12-24T17:00:56.547,BUY,0.00140538,15.038291
57034846,2017-12-24T17:01:41.08,BUY,0.00140538,14.23102648
57034867,2017-12-24T17:02:32.35,SELL,0.0014038,20.0
57034868,2017-12-24T17:02:32.35,SELL,0.0014038,0.41229617
57034869,2017-12-24T17:02:32.35,SELL,0.00140303,0.88437972
57034870,2017-12-24T17:02:32.35,SELL,0.00140303,19.74842826
57034871,2017-12-24T17:02:32.35,SELL,0.00140278,3.16075835
57034891,2017-12-24T17:02:40.913,BUY,0.00140537,2.15232044
57034892,2017-12-24T17:02:40.913,BUY,0.00140538,1.00528564
57034893,2017-12-24T17:02:40.913,BUY,0.00140538,20.150887
57034895,2017-12-24T17:02:41.883,BUY,0.00140538,3.000043
57034913,2017-12-24T17:02:58.823,BUY,0.0014058,2.280043
57034966,2017-12-24T17:03:40.14,BUY,0.0014058,27.104648
57034982,2017-12-24T17:04:16.36,BUY,0.0014058,0.615309
57034983,2017-12-24T17:04:16.36,BUY,0.0014058,3.56500525
57035016,2017-12-24T17:05:02.07,BUY,0.0014058,33.66917501
57035017,2017-12-24T17:05:02.07,BUY,0.00140599,447.77452386
57035023,2017-12-24T17:05:08.57,BUY,0.00140599,1.06064
57035029,2017-12-24T17:05:12.99,BUY,0.00140599,0.15053359
57035047,2017-12-24T17:05:36.37,SELL,0.00140599,1.31647542
57035055,2017-12-24T17:05:40.587,BUY,0.00140599,3.74765821
57035061,2017-12-24T17:05:53.98,BUY,0.001406,9.15248307
57035062,2017-12-24T17:05:53.98,BUY,0.00140671,90.84751693
57035069,2017-12-24T17:06:07.62,BUY,0.00140756,6.73627484
57035087,2017-12-24T17:06:36.5,BUY,0.00140756,25.0
57035093,2017-12-24T17:06:42.813,SELL,0.00140599,176.25234179
57035094,2017-12-24T17:06:42.813,SELL,0.00140599,6.38518055
57035096,2017-12-24T17:06:44.47,BUY,0.00140599,2.12839352
