9510579,2017-12-24T15:06:53.5,SELL,5.485e-05,3627.27272727
9510585,2017-12-24T15:06:55.487,SELL,5.485e-05,1229.4036025
9510586,2017-12-24T15:06:55.487,SELL,5.485e-05,1102.90745333
9510588,2017-12-24T15:06:55.64,BUY,5.485e-05,16.17785109
9510601,2017-12-24T15:07:09.457,SELL,5.408e-05,94.33962264
9510607,2017-12-24T15:07:14.303,SELL,5.408e-05,78.83819465
9510621,2017-12-24T15:07:30.777,SELL,5.409e-05,40.2223544
9510631,2017-12-24T15:07:33.357,SELL,5.41e-05,52.86453347
9510636,2017-12-24T15:07:40.327,BUY,5.481e-05,54.6946217
9510641,2017-12-24T15:07:51.003,BUY,5.48e-05,55.23957537
9510642,2017-12-24T15:07:51.003,BUY,5.481e-05,126.75389925
9510653,2017-12-24T15:08:10.04,SELL,5.42e-05,20.0
9510654,2017-12-24T15:08:10.04,SELL,5.411e-05,1082.90745333
9510657,2017-12-24T15:08:13.247,BUY,5.48e-05,18.63578283
9510661,2017-12-24T15:08:15.667,SELL,5.484e-05,163.71286779
9510667,2017-12-24T15:08:18.153,SELL,5.477e-05,1119.18414662
9510668,2017-12-24T15:08:18.153,SELL,5.412e-05,147.09660338
9510675,2017-12-24T15:08:26.64,BUY,5.475e-05,1082.90745333
9510676,2017-12-24T15:08:26.64,BUY,5.476e-05,740.29643303
9510685,2017-12-24T15:08:36.55,BUY,5.476e-05,370.70356697
9510694,2017-12-24T15:08:44.07,SELL,5.476e-05,29.29643303
9510695,2017-12-24T15:08:44.07,SELL,5.476e-05,154.01702383
9510696,2017-12-24T15:08:44.07,SELL,5.476e-05,486.20049583
9510706,2017-12-24T15:08:55.307,BUY,5.476e-05,20.0
9510707,2017-12-24T15:08:57.29,SELL,5.414e-05,28.22201317
9510717,2017-12-24T15:09:06.233,SELL,5.418e-05,100.0
9510732,2017-12-24T15:09:20.877,BUY,5.475e-05,173.17781729
9510735,2017-12-24T15:09:22.957,SELL,5.475e-05,3.83388682
9510745,2017-12-24T15:09:28.1,BUY,5.474e-05,13.16611318
9510753,2017-12-24T15:09:36.947,SELL,5.476e-05,3287.48601836
9510760,2017-12-24T15:09:40.9,BUY,5.476e-05,18.26151
9510763,2017-12-24T15:09:42.713,BUY,5.476e-05,1049.05905542
9510765,2017-12-24T15:09:44.777,SELL,5.475e-05,73.88888889
9510767,2017-12-24T15:09:46.84,BUY,5.476e-05,2447.00812525
9510773,2017-12-24T15:09:51.437,SELL,5.476e-05,78.0
9510781,2017-12-24T15:10:02.157,SELL,5.476e-05,168.77996987
9510782,2017-12-24T15:10:02.157,SELL,5.476e-05,794.73621645
9510784,2017-12-24T15:10:04.36,BUY,5.48e-05,19.91838152
9510789,2017-12-24T15:10:15.367,BUY,5.485e-05,545.57885141
9510790,2017-12-24T15:10:17.49,SELL,5.48e-05,20.08161848
9510791,2017-12-24T15:10:17.49,SELL,5.48e-05,231.90355835
9510798,2017-12-24T15:10:27.54,BUY,5.485e-05,181.85961714
9510802,2017-12-24T15:10:35.42,BUY,5.485e-05,274.29158614
9510807,2017-12-24T15:10:40,BUY,5.485e-05,376.98406672
9510808,2017-12-24T15:10:40.263,SELL,5.481e-05,20.25931928
9510809,2017-12-24T15:10:41.453,SELL,5.481e-05,1020.0
9510812,2017-12-24T15:10:45.093,BUY,5.485e-05,109.3135694
9510813,2017-12-24T15:10:45.11,BUY,5.485e-05,109.3135694
9510814,2017-12-24T15:10:45.563,SELL,5.481e-05,109.31356939
9510816,2017-12-24T15:10:52.457,BUY,5.485e-05,522.13909635
9510817,2017-12-24T15:10:52.457,BUY,5.485e-05,91.46133584
9510820,2017-12-24T15:10:53.597,BUY,5.489e-05,1409.510457
9510825,2017-12-24T15:11:03.57,SELL,5.489e-05,400.0
9510827,2017-12-24T15:11:04.693,BUY,5.49e-05,414.74560109
9510831,2017-12-24T15:11:11.353,BUY,5.49e-05,653.41737158
9510834,2017-12-24T15:11:14.933,BUY,5.49e-05,571.4466735
9510842,2017-12-24T15:11:22.217,SELL,5.489e-05,412.06015559
9510843,2017-12-24T15:11:22.217,SELL,5.489e-05,911.12531969
9510844,2017-12-24T15:11:22.217,SELL,5.489e-05,910.79254931
9510845,2017-12-24T15:11:22.217,SELL,5.489e-05,545.18127163
9510849,2017-12-24T15:11:24.53,BUY,5.49e-05,54.54545455
9510853,2017-12-24T15:11:28.047,BUY,5.49e-05,2988.56356376
9510856,2017-12-24T15:11:29.25,BUY,5.49e-05,181.69398907
9510859,2017-12-24T15:11:31.08,BUY,5.49e-05,359.23445355
9510862,2017-12-24T15:11:32.407,BUY,5.49e-05,2786.3528929
9510863,2017-12-24T15:11:32.407,BUY,5.49e-05,54.20682332
9510864,2017-12-24T15:11:32.407,BUY,5.49e-05,344.67871102
9510869,2017-12-24T15:11:56.82,SELL,5.49e-05,1619.89736715
9510870,2017-12-24T15:11:56.82,SELL,5.49e-05,1000.0
9510876,2017-12-24T15:12:04.793,BUY,5.49e-05,1815.2866242
9510878,2017-12-24T15:12:06.747,BUY,5.49e-05,300.97738349
9510879,2017-12-24T15:12:11.95,SELL,5.485e-05,265.99033728
9510882,2017-12-24T15:12:16.093,BUY,5.485e-05,15.94537025
9510887,2017-12-24T15:12:21.407,SELL,5.481e-05,18.26151
9510896,2017-12-24T15:12:31.817,SELL,5.481e-05,36.85823543
9510901,2017-12-24T15:12:54.53,SELL,5.485e-05,90.92980857
9510904,2017-12-24T15:13:02.42,BUY,5.49e-05,228.5878964
9510905,2017-12-24T15:13:09.61,SELL,5.49e-05,65.22045796
9510908,2017-12-24T15:13:16.19,SELL,5.49e-05,431.69664453
9510909,2017-12-24T15:13:16.19,SELL,5.49e-05,233.12065918
9510910,2017-12-24T15:13:16.19,SELL,5.48e-05,18.09644165
9510914,2017-12-24T15:13:19.567,BUY,5.48e-05,1000.0
9510920,2017-12-24T15:13:29.087,SELL,5.475e-05,472.36051248
9510930,2017-12-24T15:13:32.62,BUY,5.475e-05,241.33196164
9510987,2017-12-24T15:13:55.08,BUY,5.475e-05,1992.93538211
9510988,2017-12-24T15:13:55.08,BUY,5.475e-05,900.0
9511000,2017-12-24T15:14:10.147,SELL,5.475e-05,113.10295472
9511001,2017-12-24T15:14:13.053,SELL,5.475e-05,707.21192167
9511009,2017-12-24T15:14:26.997,BUY,5.48e-05,894.69470119
9511012,2017-12-24T15:14:38.92,SELL,5.475e-05,38.73499107
9511013,2017-12-24T15:14:40.22,SELL,5.475e-05,3659.15538251
9511017,2017-12-24T15:14:49.067,SELL,5.475e-05,4575.06458625
9511027,2017-12-24T15:14:57.93,SELL,5.475e-05,12.0
9511031,2017-12-24T15:15:03.35,BUY,5.48e-05,43.24035082
9511041,2017-12-24T15:15:22.843,SELL,5.475e-05,6242.24434369
9511042,2017-12-24T15:15:24.92,SELL,5.475e-05,3594.942955
9511044,2017-12-24T15:15:27.593,BUY,5.48e-05,1820.26685112
9511053,2017-12-24T15:16:02.683,BUY,5.48e-05,468.75439139
9511060,2017-12-24T15:16:24.597,SELL,5.476e-05,217.4047454
9511064,2017-12-24T15:16:38.303,SELL,5.476e-05,943.57
9511068,2017-12-24T15:17:03.827,SELL,5.49e-05,100.31365567
9511069,2017-12-24T15:17:05.813,SELL,5.49e-05,2899.68634433
9511070,2017-12-24T15:17:05.813,SELL,5.476e-05,4219.67243139
9511071,2017-12-24T15:17:05.813,SELL,5.476e-05,301.08633994
9511072,2017-12-24T15:17:05.813,SELL,5.475e-05,1607.15426065
9511076,2017-12-24T15:17:13.47,SELL,5.475e-05,93.49289454
9511078,2017-12-24T15:17:28.65,SELL,5.475e-05,93.49289454
9511081,2017-12-24T15:17:34.79,BUY,5.48e-05,106.38418856
9511082,2017-12-24T15:17:34.79,BUY,5.495e-05,26626.0930805
9511089,2017-12-24T15:17:45.81,BUY,5.495e-05,3800.42764519
9511091,2017-12-24T15:17:47.077,SELL,5.475e-05,93.40556697
9511096,2017-12-24T15:17:51.077,BUY,5.495e-05,14.88535032
9511109,2017-12-24T15:18:07.347,SELL,5.475e-05,93.31840238
9511121,2017-12-24T15:18:24.32,SELL,5.475e-05,93.31840238
9511124,2017-12-24T15:18:42.687,SELL,5.475e-05,93.31840238
9511126,2017-12-24T15:18:51.377,SELL,5.475e-05,93.33582228
9511128,2017-12-24T15:18:59.05,SELL,5.475e-05,93.33582228
9511139,2017-12-24T15:19:21.637,SELL,5.475e-05,16.28264691
9511149,2017-12-24T15:19:31.92,BUY,5.494e-05,363.05732484
9511156,2017-12-24T15:19:36.22,BUY,5.494e-05,363.05732484
9511158,2017-12-24T15:19:41,BUY,5.494e-05,54.65753425
9511160,2017-12-24T15:19:46.283,BUY,5.494e-05,364.38356164
9511162,2017-12-24T15:19:47.88,BUY,5.494e-05,991.23505397
9511168,2017-12-24T15:20:33.847,BUY,5.494e-05,29.97488169
9511171,2017-12-24T15:20:36.317,BUY,5.494e-05,363.89533425
9511172,2017-12-24T15:20:36.317,BUY,5.495e-05,1751.72267647
9511173,2017-12-24T15:20:36.317,BUY,5.497e-05,940.81526216
9511174,2017-12-24T15:20:36.317,BUY,5.498e-05,2415.04644905
9511187,2017-12-24T15:20:50.477,BUY,5.498e-05,1000.0
9511189,2017-12-24T15:20:50.897,BUY,5.498e-05,76.40592951
9511192,2017-12-24T15:20:57.807,BUY,5.498e-05,940.65556293
9511195,2017-12-24T15:20:57.98,BUY,5.498e-05,1689.7992902
9511197,2017-12-24T15:20:59.743,BUY,5.498e-05,1690.40508367
9511199,2017-12-24T15:21:00.963,BUY,5.498e-05,16.33765713
9511203,2017-12-24T15:21:06.967,BUY,5.498e-05,1000.0
9511207,2017-12-24T15:21:08.387,BUY,5.498e-05,362.85024071
9511212,2017-12-24T15:21:12.733,BUY,5.498e-05,2125.60777031
9511219,2017-12-24T15:21:16.593,BUY,5.498e-05,1814.29610768
9511221,2017-12-24T15:21:16.81,BUY,5.498e-05,10393.39496781
9511222,2017-12-24T15:21:16.81,BUY,5.499e-05,353.5896881
9511233,2017-12-24T15:21:22.22,BUY,5.499e-05,40.97230996
9511249,2017-12-24T15:21:33.74,BUY,5.499e-05,15.05591926
9511251,2017-12-24T15:21:35.6,BUY,5.499e-05,25.8170922
9511253,2017-12-24T15:21:36.473,BUY,5.499e-05,487.95970677
9511254,2017-12-24T15:21:36.473,BUY,5.499e-05,460.98114429
9511261,2017-12-24T15:21:40.007,SELL,5.498e-05,47.0
9511262,2017-12-24T15:21:40.007,SELL,5.498e-05,45.55831173
9511316,2017-12-24T15:22:34.43,BUY,5.499e-05,393.30672855
9511317,2017-12-24T15:22:34.43,BUY,5.499e-05,979.77514952
9511336,2017-12-24T15:22:55.763,BUY,5.499e-05,1000.0
9511342,2017-12-24T15:23:03.267,SELL,5.498e-05,70.56002367
9511346,2017-12-24T15:23:08.703,SELL,5.498e-05,508.55095343
9511347,2017-12-24T15:23:08.703,SELL,5.498e-05,364.38356164
9511348,2017-12-24T15:23:08.703,SELL,5.498e-05,230.47786645
9511352,2017-12-24T15:23:14.91,SELL,5.498e-05,55.2554267
9511353,2017-12-24T15:23:14.91,SELL,5.498e-05,295.67572368
9511363,2017-12-24T15:23:19.817,SELL,5.498e-05,2811.04192439
9511367,2017-12-24T15:23:21.16,SELL,5.498e-05,191.52837331
9511372,2017-12-24T15:23:23.723,BUY,5.499e-05,1818.51245681
9511378,2017-12-24T15:23:27.053,BUY,5.499e-05,469.78876023
9511381,2017-12-24T15:23:28.367,BUY,5.499e-05,250.0
9511394,2017-12-24T15:23:38.37,BUY,5.499e-05,36.27932351
9511397,2017-12-24T15:23:39.387,BUY,5.499e-05,1821.91780822
9511413,2017-12-24T15:23:53.42,BUY,5.499e-05,307.41865248
9511439,2017-12-24T15:24:13.723,BUY,5.499e-05,1394.46527414
9511442,2017-12-24T15:24:16.647,SELL,5.498e-05,1346.47575783
9511450,2017-12-24T15:24:22.883,BUY,5.499e-05,426.28205128
9511459,2017-12-24T15:24:29.68,BUY,5.499e-05,89.65774325
9511465,2017-12-24T15:24:37.747,SELL,5.498e-05,355.27822079
9511466,2017-12-24T15:24:37.747,SELL,5.498e-05,8.38341164
9511467,2017-12-24T15:24:39.577,SELL,5.498e-05,41.61658836
9511468,2017-12-24T15:24:39.577,SELL,5.498e-05,108.14758889
9511470,2017-12-24T15:24:40.34,BUY,5.499e-05,67.7515159
9511486,2017-12-24T15:24:59.08,SELL,5.498e-05,74.60081211
9511487,2017-12-24T15:24:59.08,SELL,5.498e-05,140.22118789
9511488,2017-12-24T15:25:02.207,SELL,5.498e-05,404.06764441
9511489,2017-12-24T15:25:02.207,SELL,5.498e-05,405.0178301
9511493,2017-12-24T15:25:11.147,BUY,5.498e-05,356.17395216
9511498,2017-12-24T15:25:33.873,SELL,5.494e-05,389.09635375
9511499,2017-12-24T15:25:33.873,SELL,5.494e-05,473.63237209
9511504,2017-12-24T15:25:43.157,BUY,5.498e-05,1014.87314815
9511507,2017-12-24T15:25:46.58,SELL,5.495e-05,209.45426195
9511509,2017-12-24T15:25:48.69,BUY,5.498e-05,54.42888323
9511516,2017-12-24T15:26:00.067,BUY,5.498e-05,1023.58676144
9511522,2017-12-24T15:26:11.947,SELL,5.498e-05,555.76106238
9511523,2017-12-24T15:26:19.667,SELL,5.498e-05,1000.0
9511525,2017-12-24T15:26:20.557,BUY,5.499e-05,36.27955026
9511528,2017-12-24T15:26:20.87,BUY,5.499e-05,120.83974461
9511533,2017-12-24T15:26:28.28,BUY,5.499e-05,1000.0
9511535,2017-12-24T15:26:29.81,BUY,5.499e-05,5167.00882817
9511537,2017-12-24T15:26:31.563,BUY,5.499e-05,1033.02463971
9511541,2017-12-24T15:26:35.92,BUY,5.499e-05,11146.59644727
9511542,2017-12-24T15:26:35.92,BUY,5.499e-05,221.1151197
9511543,2017-12-24T15:26:35.92,BUY,5.5e-05,14278.96051394
9511548,2017-12-24T15:26:46.77,SELL,5.499e-05,926.52795839
9511550,2017-12-24T15:26:48.067,BUY,5.5e-05,1719.4596675
9511554,2017-12-24T15:26:53.393,BUY,5.5e-05,4026.64905682
9511556,2017-12-24T15:26:53.66,BUY,5.5e-05,5599.52567744
9511557,2017-12-24T15:26:53.66,BUY,5.5e-05,102.98555721
9511558,2017-12-24T15:26:53.66,BUY,5.5e-05,20.0
9511559,2017-12-24T15:26:53.677,BUY,5.5e-05,21.42857143
9511560,2017-12-24T15:26:53.677,BUY,5.5e-05,2513.7605985
9511561,2017-12-24T15:26:53.677,BUY,5.5e-05,18.24941386
9511562,2017-12-24T15:26:53.677,BUY,5.5e-05,100.0
9511565,2017-12-24T15:26:56.067,BUY,5.501e-05,12.99787527
9511576,2017-12-24T15:27:07.227,BUY,5.509e-05,200.0
9511577,2017-12-24T15:27:07.227,BUY,5.509e-05,19.3628903
9511589,2017-12-24T15:27:22.467,BUY,5.518e-05,25.25753263
9511592,2017-12-24T15:27:26.717,SELL,5.51e-05,48.55936384
9511593,2017-12-24T15:27:26.717,SELL,5.509e-05,48.04709697
9511596,2017-12-24T15:27:32.017,BUY,5.518e-05,392.74665647
9511617,2017-12-24T15:28:01.507,BUY,5.541e-05,757.5
9511630,2017-12-24T15:28:18.013,BUY,5.546e-05,240.10953009
9511639,2017-12-24T15:28:20.467,BUY,5.546e-05,1101.5994543
9511641,2017-12-24T15:28:23.873,BUY,5.546e-05,91.54244886
9511645,2017-12-24T15:28:26.297,BUY,5.591e-05,1074.64311744
9511646,2017-12-24T15:28:26.297,BUY,5.599e-05,1080.22953213
9511659,2017-12-24T15:28:37.55,BUY,5.6e-05,3511.20252939
9511665,2017-12-24T15:28:40.533,BUY,5.6e-05,752.49701985
9511666,2017-12-24T15:28:40.533,BUY,5.6e-05,2015.88791068
9512956,2017-12-24T15:37:37.27,BUY,5.707e-05,1462.15110543
9512957,2017-12-24T15:37:37.27,BUY,5.707e-05,1214.59728357
9512959,2017-12-24T15:37:41.07,SELL,5.707e-05,6555.4357688
9512976,2017-12-24T15:37:53.133,BUY,5.779e-05,1002.12928211
9512977,2017-12-24T15:37:53.133,BUY,5.782e-05,123.3262861
9512978,2017-12-24T15:37:53.133,BUY,5.782e-05,1663.2935254
9512986,2017-12-24T15:37:55.493,SELL,5.709e-05,40.30299
9512993,2017-12-24T15:37:57.933,BUY,5.782e-05,929.58681267
9512994,2017-12-24T15:37:57.933,BUY,5.782e-05,3502.98242472
9512995,2017-12-24T15:37:58.307,SELL,5.782e-05,1780.0
9512999,2017-12-24T15:38:01.73,SELL,5.782e-05,11.63528605
9513001,2017-12-24T15:38:02.247,SELL,5.782e-05,66.0
9513006,2017-12-24T15:38:06.183,SELL,5.782e-05,2709.79547656
9513010,2017-12-24T15:38:09.513,BUY,5.781e-05,689.60528753
9513014,2017-12-24T15:38:12.86,BUY,5.781e-05,175.0
9513016,2017-12-24T15:38:15.233,SELL,5.709e-05,5241.72359432
9513017,2017-12-24T15:38:15.233,SELL,5.707e-05,4338.76435146
9513018,2017-12-24T15:38:15.233,SELL,5.707e-05,222.05883573
9513020,2017-12-24T15:38:16.813,BUY,5.707e-05,18.19380643
9513026,2017-12-24T15:38:23.203,SELL,5.676e-05,139.71625062
9513027,2017-12-24T15:38:23.203,SELL,5.676e-05,500.0
9513028,2017-12-24T15:38:23.203,SELL,5.676e-05,300.0
9513029,2017-12-24T15:38:23.203,SELL,5.675e-05,2060.28374938
9513031,2017-12-24T15:38:25.003,SELL,5.675e-05,827.22799838
9513032,2017-12-24T15:38:25.47,SELL,5.675e-05,516.55711093
9513033,2017-12-24T15:38:25.47,SELL,5.669e-05,67.05926968
9513034,2017-12-24T15:38:25.47,SELL,5.668e-05,500.0
9513035,2017-12-24T15:38:25.47,SELL,5.665e-05,20.0
9513036,2017-12-24T15:38:25.47,SELL,5.661e-05,15.33872021
9513037,2017-12-24T15:38:25.47,SELL,5.661e-05,546.30197162
9513038,2017-12-24T15:38:25.47,SELL,5.65e-05,176.99115044
9513039,2017-12-24T15:38:25.707,SELL,5.641e-05,199.0
9513040,2017-12-24T15:38:25.707,SELL,5.612e-05,17.78767444
9513048,2017-12-24T15:38:29.097,BUY,5.65e-05,1715.21860847
9513050,2017-12-24T15:38:29.487,SELL,5.612e-05,157.34149213
9513054,2017-12-24T15:38:30.487,SELL,5.612e-05,191.90172722
9513055,2017-12-24T15:38:30.487,SELL,5.607e-05,302.42304434
9513058,2017-12-24T15:38:35.537,SELL,5.607e-05,96.57695566
9513059,2017-12-24T15:38:35.537,SELL,5.602e-05,198.11852567
9513061,2017-12-24T15:38:35.927,SELL,5.602e-05,158.00428761
9513062,2017-12-24T15:38:35.927,SELL,5.6e-05,115.6850625
9513063,2017-12-24T15:38:35.927,SELL,5.562e-05,21.00613122
9513066,2017-12-24T15:38:36.113,BUY,5.606e-05,40.20225419
9513067,2017-12-24T15:38:36.113,BUY,5.612e-05,98.67613785
9513068,2017-12-24T15:38:36.77,SELL,5.562e-05,158.78638946
9513069,2017-12-24T15:38:36.77,SELL,5.561e-05,38.37783043
9513070,2017-12-24T15:38:36.77,SELL,5.509e-05,94.72470142
9513071,2017-12-24T15:38:36.77,SELL,5.506e-05,2.80656002
9513094,2017-12-24T15:38:45.757,SELL,5.507e-05,1511.71752566
9513100,2017-12-24T15:38:47.273,SELL,5.508e-05,43.46620041
9513101,2017-12-24T15:38:47.273,SELL,5.508e-05,703.85508809
9513118,2017-12-24T15:38:57.777,BUY,5.599e-05,35.65202994
9513119,2017-12-24T15:38:57.777,BUY,5.6e-05,64.60797006
9513122,2017-12-24T15:38:58.59,SELL,5.599e-05,55.0
9513145,2017-12-24T15:39:07.23,SELL,5.511e-05,27.21829069
9513146,2017-12-24T15:39:07.23,SELL,5.51e-05,46.44734555
9513159,2017-12-24T15:39:14.123,SELL,5.515e-05,307.41865248
9513168,2017-12-24T15:39:16.64,SELL,5.515e-05,152.07992654
9513171,2017-12-24T15:39:18.36,BUY,5.515e-05,72.21913888
9513177,2017-12-24T15:39:20.47,BUY,5.597e-05,67.05926968
9513178,2017-12-24T15:39:20.47,BUY,5.598e-05,77.00552636
9513179,2017-12-24T15:39:20.47,BUY,5.599e-05,648.85508809
9513181,2017-12-24T15:39:20.843,SELL,5.6e-05,337.54211587
9513182,2017-12-24T15:39:20.843,SELL,5.516e-05,166.01644805
9513185,2017-12-24T15:39:22.063,BUY,5.515e-05,1243.81575526
9513190,2017-12-24T15:39:23.783,BUY,5.515e-05,1074.17272276
9513199,2017-12-24T15:39:25.19,SELL,5.515e-05,139.40803852
9513210,2017-12-24T15:39:26.407,SELL,5.515e-05,891.22349299
9513217,2017-12-24T15:39:28.063,SELL,5.516e-05,310.16932221
9513230,2017-12-24T15:39:31.97,BUY,5.649e-05,22.0
9513286,2017-12-24T15:39:43.77,BUY,5.649e-05,5.21829069
9513287,2017-12-24T15:39:43.77,BUY,5.649e-05,21.33507931
9513326,2017-12-24T15:39:52.913,BUY,5.63e-05,1130.462
9513327,2017-12-24T15:39:52.913,BUY,5.648e-05,800.0
9513328,2017-12-24T15:39:52.913,BUY,5.649e-05,171.43807148
9513336,2017-12-24T15:39:57.213,SELL,5.649e-05,77.0
9513338,2017-12-24T15:39:57.87,SELL,5.649e-05,1356.55497121
9513339,2017-12-24T15:39:57.87,SELL,5.649e-05,22.95553381
9513344,2017-12-24T15:40:00.087,BUY,5.649e-05,435.67506013
9513367,2017-12-24T15:40:05.12,BUY,5.649e-05,1900.14670929
9513378,2017-12-24T15:40:10.37,SELL,5.649e-05,18.72659176
9513380,2017-12-24T15:40:11.327,SELL,5.649e-05,684.92894355
9513385,2017-12-24T15:40:12.17,BUY,5.65e-05,281.59054326
9513404,2017-12-24T15:40:20.873,BUY,5.66e-05,11.52768117
9513431,2017-12-24T15:40:27.75,BUY,5.733e-05,26.55337
9513432,2017-12-24T15:40:27.75,BUY,5.749e-05,108.18408564
9513447,2017-12-24T15:40:34.003,BUY,5.733e-05,1859.4323712
9513448,2017-12-24T15:40:34.003,BUY,5.749e-05,0.41169934
9513449,2017-12-24T15:40:34.003,BUY,5.749e-05,1271.43594006
9513461,2017-12-24T15:40:36.94,SELL,5.749e-05,1817.33145007
9513467,2017-12-24T15:40:39.77,BUY,5.798e-05,1214.22708727
9513468,2017-12-24T15:40:39.77,BUY,5.799e-05,528.2469026
9513469,2017-12-24T15:40:39.77,BUY,5.799e-05,516.27466487
9513470,2017-12-24T15:40:39.77,BUY,5.8e-05,100.0
9513471,2017-12-24T15:40:39.91,SELL,5.8e-05,12430.49981488
9513474,2017-12-24T15:40:40.38,SELL,5.8e-05,1033.06695216
9513486,2017-12-24T15:40:46.317,SELL,5.75e-05,1445.60289672
9513492,2017-12-24T15:40:49.57,BUY,5.75e-05,26.08696
9513493,2017-12-24T15:40:50.24,SELL,5.749e-05,11.52768117
9513495,2017-12-24T15:40:53.053,SELL,5.749e-05,7033.04141597
9513499,2017-12-24T15:40:56.21,SELL,5.75e-05,857.59594112
9513503,2017-12-24T15:40:57.493,BUY,5.798e-05,19.33517498
9513504,2017-12-24T15:40:57.493,BUY,5.798e-05,15.15947835
9513505,2017-12-24T15:40:59.163,SELL,5.751e-05,1954.86320582
9513507,2017-12-24T15:41:00.21,BUY,5.798e-05,216.88534785
9513508,2017-12-24T15:41:03.807,SELL,5.751e-05,394.03653999
9513515,2017-12-24T15:41:11.247,BUY,5.751e-05,1010.92425727
9513516,2017-12-24T15:41:11.247,BUY,5.756e-05,394.6299735
9513530,2017-12-24T15:41:25.78,BUY,5.756e-05,58.2685765
9513534,2017-12-24T15:41:26.39,SELL,5.756e-05,240.43875413
9513540,2017-12-24T15:41:38.19,SELL,5.756e-05,470.6254181
9513541,2017-12-24T15:41:38.19,SELL,5.756e-05,581.77670903
9513543,2017-12-24T15:41:39.55,SELL,5.756e-05,3038.24713236
9513544,2017-12-24T15:41:39.66,SELL,5.756e-05,87.30935634
9513546,2017-12-24T15:41:40.877,SELL,5.756e-05,1367.29806966
9513567,2017-12-24T15:41:53.693,BUY,5.797e-05,460.05442173
9513568,2017-12-24T15:41:53.693,BUY,5.797e-05,43.24035082
9513569,2017-12-24T15:41:53.693,BUY,5.797e-05,200.0
9513570,2017-12-24T15:41:53.693,BUY,5.797e-05,433.80136853
9513571,2017-12-24T15:41:53.693,BUY,5.798e-05,851.90043656
9513577,2017-12-24T15:41:57.007,SELL,5.797e-05,100.0
9513578,2017-12-24T15:41:57.007,SELL,5.756e-05,149.00341219
9513582,2017-12-24T15:42:01.053,BUY,5.798e-05,100.0
9513588,2017-12-24T15:42:03.76,SELL,5.76e-05,90.0
9513593,2017-12-24T15:42:09.29,BUY,5.798e-05,1037.09614108
9513594,2017-12-24T15:42:10.993,SELL,5.798e-05,1025.47355225
9513596,2017-12-24T15:42:12.417,SELL,5.798e-05,299.14371657
9513597,2017-12-24T15:42:13.557,SELL,5.798e-05,448.89395
9513610,2017-12-24T15:42:23.2,SELL,5.798e-05,59.12874264
9513611,2017-12-24T15:42:23.217,SELL,5.798e-05,100.0
9513612,2017-12-24T15:42:23.217,SELL,5.798e-05,40.87125736
9513619,2017-12-24T15:42:30.297,SELL,5.798e-05,230.65430954
9513620,2017-12-24T15:42:35.53,SELL,5.761e-05,82.30041422
9513621,2017-12-24T15:42:38.953,SELL,5.761e-05,562.50572699
9513625,2017-12-24T15:42:44.473,SELL,5.76e-05,246.19943197
9513628,2017-12-24T15:42:46.753,BUY,5.76e-05,30.0
9513630,2017-12-24T15:42:48.473,BUY,5.76e-05,98.1418776
9513636,2017-12-24T15:42:55.833,BUY,5.76e-05,204.86290997
9513639,2017-12-24T15:43:01.303,BUY,5.761e-05,2437.49427301
9513645,2017-12-24T15:43:03.65,SELL,5.761e-05,43.49401957
9513646,2017-12-24T15:43:04.853,SELL,5.761e-05,3394.20637999
9513647,2017-12-24T15:43:04.853,SELL,5.76e-05,870.49075279
9513648,2017-12-24T15:43:04.853,SELL,5.76e-05,18.0
9513649,2017-12-24T15:43:04.853,SELL,5.756e-05,160.64211973
9513650,2017-12-24T15:43:04.853,SELL,5.756e-05,810.45769869
9513654,2017-12-24T15:43:09.837,SELL,5.751e-05,67.63278951
9513655,2017-12-24T15:43:09.837,SELL,5.751e-05,428.99333855
9513662,2017-12-24T15:43:16.403,SELL,5.75e-05,1014.87314815
9513665,2017-12-24T15:43:17.37,SELL,5.75e-05,2463.38772142
9513666,2017-12-24T15:43:17.37,SELL,5.75e-05,8673.91304348
9513667,2017-12-24T15:43:17.37,SELL,5.663e-05,878.97799206
9513668,2017-12-24T15:43:17.37,SELL,5.662e-05,46.5564549
9513669,2017-12-24T15:43:17.37,SELL,5.661e-05,1047.90740842
9513677,2017-12-24T15:43:22.73,BUY,5.75e-05,433.62023996
9513696,2017-12-24T15:43:30.967,BUY,5.75e-05,443.10296866
9513697,2017-12-24T15:43:30.967,BUY,5.75e-05,2342.09221387
9513709,2017-12-24T15:43:36.767,SELL,5.75e-05,38.0
9513712,2017-12-24T15:43:38.237,SELL,5.75e-05,500.0
9513716,2017-12-24T15:43:45.643,SELL,5.75e-05,296.12774686
9513717,2017-12-24T15:43:46.08,SELL,5.75e-05,27.6
9513724,2017-12-24T15:44:00.193,BUY,5.751e-05,12.14136672
9513727,2017-12-24T15:44:01.96,SELL,5.75e-05,360.04434332
9513730,2017-12-24T15:44:04.38,SELL,5.75e-05,6401.72837946
9513731,2017-12-24T15:44:04.38,SELL,5.75e-05,18.17063348
9513737,2017-12-24T15:44:09.65,BUY,5.75e-05,689.2698688
9513740,2017-12-24T15:44:10.727,BUY,5.75e-05,10.64952097
9513741,2017-12-24T15:44:10.727,BUY,5.75e-05,18.05568335
9513742,2017-12-24T15:44:10.727,BUY,5.751e-05,1680.92121326
9513743,2017-12-24T15:44:10.743,BUY,5.751e-05,9075.0
9513745,2017-12-24T15:44:15.32,SELL,5.751e-05,83.68950281
9513747,2017-12-24T15:44:16.993,BUY,5.756e-05,222.83770816
9513750,2017-12-24T15:44:19.807,SELL,5.756e-05,169.24339262
9513752,2017-12-24T15:44:23.057,SELL,5.762e-05,20.82610205
9513753,2017-12-24T15:44:23.057,SELL,5.756e-05,126.87575441
9513755,2017-12-24T15:44:24.95,BUY,5.797e-05,965.13485992
9513762,2017-12-24T15:44:33.42,BUY,5.797e-05,218.87373167
9513767,2017-12-24T15:44:35.013,SELL,5.753e-05,20.194603
9513770,2017-12-24T15:44:37.013,BUY,5.797e-05,162.46716624
9513771,2017-12-24T15:44:37.013,BUY,5.797e-05,200.0
9513789,2017-12-24T15:44:46.907,SELL,5.797e-05,122.70497637
9513793,2017-12-24T15:44:47.36,SELL,5.797e-05,20.14418575
9513796,2017-12-24T15:44:49.58,SELL,5.797e-05,120.79361816
9513797,2017-12-24T15:44:49.58,SELL,5.797e-05,30.19706211
9513802,2017-12-24T15:44:50.393,BUY,5.797e-05,12.74793643
9513807,2017-12-24T15:44:51.627,BUY,5.796e-05,1220.27482613
9513824,2017-12-24T15:45:03.52,SELL,5.775e-05,300.0
9513840,2017-12-24T15:45:11.193,SELL,5.71e-05,185.57014618
9513858,2017-12-24T15:45:20.9,SELL,5.71e-05,81.96656185
9513887,2017-12-24T15:45:29.323,SELL,5.71e-05,16.27992353
9513914,2017-12-24T15:45:41.437,SELL,5.71e-05,23.86837566
9513915,2017-12-24T15:45:41.45,SELL,5.71e-05,66.27043811
9513921,2017-12-24T15:45:43.217,BUY,5.761e-05,28.64056713
9513922,2017-12-24T15:45:43.217,BUY,5.775e-05,74.75955772
9513923,2017-12-24T15:45:43.217,BUY,5.775e-05,120.3901892
9513961,2017-12-24T15:45:59.72,SELL,5.71e-05,63.4137633
9513995,2017-12-24T15:46:13.05,SELL,5.721e-05,295.34220463
9513996,2017-12-24T15:46:13.05,SELL,5.711e-05,10.3299404
9513997,2017-12-24T15:46:13.16,SELL,5.711e-05,1000.0
9514016,2017-12-24T15:46:21.273,SELL,5.721e-05,15.05591926
9514030,2017-12-24T15:46:26.837,BUY,5.775e-05,495.25288651
9514037,2017-12-24T15:46:32.103,BUY,5.796e-05,54.88485308
9514044,2017-12-24T15:46:37.95,BUY,5.797e-05,220.55812848
9514050,2017-12-24T15:46:43.34,SELL,5.796e-05,17.83419787
9514051,2017-12-24T15:46:43.34,SELL,5.796e-05,96.20014835
9514055,2017-12-24T15:46:46.95,SELL,5.775e-05,174.33636864
9514067,2017-12-24T15:47:00.797,BUY,5.796e-05,268.33369565
9514073,2017-12-24T15:47:06.313,SELL,5.775e-05,1988.2375199
9514074,2017-12-24T15:47:06.313,SELL,5.775e-05,33.86166618
9514075,2017-12-24T15:47:06.313,SELL,5.775e-05,391.2385
9514088,2017-12-24T15:47:15.817,SELL,5.711e-05,46.04350595
9514089,2017-12-24T15:47:15.817,SELL,5.711e-05,78.08982737
9514110,2017-12-24T15:47:30.6,SELL,5.721e-05,40.66294533
9514111,2017-12-24T15:47:30.6,SELL,5.712e-05,190.0
9514112,2017-12-24T15:47:30.6,SELL,5.711e-05,322.13251993
9514113,2017-12-24T15:47:30.6,SELL,5.711e-05,39.22649273
9514115,2017-12-24T15:47:30.943,BUY,5.711e-05,40.66294533
9514117,2017-12-24T15:47:31.35,BUY,5.711e-05,40.66319947
9514121,2017-12-24T15:47:33.29,BUY,5.711e-05,86.1463776
9514131,2017-12-24T15:47:47.713,BUY,5.711e-05,58.9971147
9514132,2017-12-24T15:47:47.713,BUY,5.711e-05,149.70733904
9514133,2017-12-24T15:47:47.713,BUY,5.711e-05,110.89494163
9514138,2017-12-24T15:47:55.683,SELL,5.711e-05,781.4439182
9514154,2017-12-24T15:48:18.503,SELL,5.712e-05,1629.49173948
9514156,2017-12-24T15:48:18.66,BUY,5.774e-05,35.02013658
9514160,2017-12-24T15:48:24.77,BUY,5.774e-05,341.95256729
9514163,2017-12-24T15:48:29.583,SELL,5.774e-05,36.47871145
9514165,2017-12-24T15:48:30.02,BUY,5.775e-05,663.08297067
9514166,2017-12-24T15:48:30.02,BUY,5.796e-05,101.86648526
9514167,2017-12-24T15:48:30.02,BUY,5.796e-05,50.0
9514168,2017-12-24T15:48:30.02,BUY,5.796e-05,439.57847544
9514174,2017-12-24T15:48:38.93,SELL,5.774e-05,99.44331085
9514175,2017-12-24T15:48:38.93,SELL,5.774e-05,149.82107941
9514178,2017-12-24T15:48:47.71,BUY,5.774e-05,1036.51159596
9514180,2017-12-24T15:48:48.587,BUY,5.774e-05,291.84382307
9514182,2017-12-24T15:48:50.37,BUY,5.774e-05,35.77201782
9514183,2017-12-24T15:48:51.07,SELL,5.712e-05,128.12062325
9514207,2017-12-24T15:49:07.577,BUY,5.774e-05,403.05229306
9514209,2017-12-24T15:49:07.683,BUY,5.774e-05,15.24795462
9514230,2017-12-24T15:49:32.69,BUY,5.774e-05,420.53074732
9514231,2017-12-24T15:49:32.69,BUY,5.774e-05,200.0
9514238,2017-12-24T15:49:36.783,SELL,5.774e-05,35.77201782
9514244,2017-12-24T15:49:40.6,BUY,5.796e-05,172.10252492
9514257,2017-12-24T15:49:57.227,BUY,5.795e-05,3175.0
9514269,2017-12-24T15:50:03.087,SELL,5.796e-05,610.43165034
9514273,2017-12-24T15:50:04.603,BUY,5.796e-05,57.05090866
9514281,2017-12-24T15:50:15.107,BUY,5.796e-05,349.45073479
9514283,2017-12-24T15:50:16.467,BUY,5.796e-05,713.55876812
9514290,2017-12-24T15:50:24.297,SELL,5.795e-05,32.15137621
9514292,2017-12-24T15:50:27.25,SELL,5.776e-05,107.82325658
9514293,2017-12-24T15:50:27.25,SELL,5.774e-05,107.97393486
9514294,2017-12-24T15:50:27.25,SELL,5.774e-05,52.82135845
9514295,2017-12-24T15:50:27.25,SELL,5.715e-05,13246.01515394
9514296,2017-12-24T15:50:27.25,SELL,5.713e-05,32341.71745636
9514302,2017-12-24T15:50:33.657,BUY,5.795e-05,118.12913115
9514305,2017-12-24T15:50:36.423,SELL,5.714e-05,1209.93588498
9514306,2017-12-24T15:50:36.423,SELL,5.713e-05,16985.21592095
9514318,2017-12-24T15:50:49.143,SELL,5.713e-05,560.0
9514319,2017-12-24T15:50:49.347,SELL,5.713e-05,2634.07502609
9514320,2017-12-24T15:50:49.347,SELL,5.713e-05,20.0
9514321,2017-12-24T15:50:49.347,SELL,5.713e-05,35.71988795
9514322,2017-12-24T15:50:49.347,SELL,5.711e-05,717.47343081
9514323,2017-12-24T15:50:49.347,SELL,5.711e-05,69.44309067
9514328,2017-12-24T15:50:54.443,BUY,5.711e-05,44.79794891
9514333,2017-12-24T15:50:59.32,SELL,5.711e-05,25.0
9514344,2017-12-24T15:51:11.76,SELL,5.711e-05,173.10870009
9514345,2017-12-24T15:51:11.76,SELL,5.711e-05,11.84756129
9514346,2017-12-24T15:51:11.76,SELL,5.711e-05,3546.90947294
9514355,2017-12-24T15:51:26.23,BUY,5.711e-05,174.66293119
9514367,2017-12-24T15:51:39.263,BUY,5.711e-05,170.39918435
9514368,2017-12-24T15:51:39.263,BUY,5.711e-05,863.26520511
9514369,2017-12-24T15:51:39.263,BUY,5.711e-05,48.10007417
9514414,2017-12-24T15:52:14.303,SELL,5.7e-05,69.46975
9514422,2017-12-24T15:52:16.553,BUY,5.7e-05,17.26375909
9514425,2017-12-24T15:52:17.977,BUY,5.7e-05,305.05735856
9514431,2017-12-24T15:52:20.57,SELL,5.725e-05,3352.56987768
9514433,2017-12-24T15:52:22.54,SELL,5.725e-05,4835.35573843
9514439,2017-12-24T15:52:24.353,BUY,5.725e-05,69.46975
9514442,2017-12-24T15:52:26.68,BUY,5.725e-05,826.24362445
9514453,2017-12-24T15:52:42.34,SELL,5.711e-05,713.55876812
9514459,2017-12-24T15:52:44.81,BUY,5.724e-05,708.71808734
9514496,2017-12-24T15:53:13.69,SELL,5.712e-05,104.85585755
9514497,2017-12-24T15:53:13.69,SELL,5.711e-05,1019.93799251
9514506,2017-12-24T15:53:30.507,SELL,5.695e-05,450.0
9514507,2017-12-24T15:53:30.507,SELL,5.669e-05,747.61039406
9514508,2017-12-24T15:53:30.507,SELL,5.667e-05,56.91753731
9514510,2017-12-24T15:53:30.943,BUY,5.711e-05,34.93258624
9514519,2017-12-24T15:53:38.93,SELL,5.7e-05,350.0
9514524,2017-12-24T15:53:44.197,SELL,5.7e-05,18.983
9514525,2017-12-24T15:53:44.197,SELL,5.668e-05,200.0
9514528,2017-12-24T15:53:45.573,BUY,5.668e-05,141.96696117
9514535,2017-12-24T15:53:57.137,BUY,5.668e-05,121.83435475
9514540,2017-12-24T15:54:12.17,BUY,5.668e-05,7.30965314
9514541,2017-12-24T15:54:12.17,BUY,5.668e-05,610.43165034
9514542,2017-12-24T15:54:12.17,BUY,5.668e-05,4223.02248452
9514545,2017-12-24T15:54:17.08,SELL,5.667e-05,42.45830101
9514546,2017-12-24T15:54:17.08,SELL,5.666e-05,1534.41435712
9514547,2017-12-24T15:54:17.08,SELL,5.665e-05,1692.05822899
9514551,2017-12-24T15:54:21.86,SELL,5.665e-05,8005.68290428
9514552,2017-12-24T15:54:21.86,SELL,5.664e-05,100.0
9514553,2017-12-24T15:54:21.86,SELL,5.65e-05,2580.85159292
9514554,2017-12-24T15:54:21.86,SELL,5.65e-05,139.18138282
9514555,2017-12-24T15:54:21.86,SELL,5.65e-05,7044.09924128
9514557,2017-12-24T15:54:22.783,BUY,5.668e-05,4131.62891752
9514559,2017-12-24T15:54:24.143,BUY,5.668e-05,375.77838303
9514561,2017-12-24T15:54:29.927,SELL,5.65e-05,14194.83881181
9514562,2017-12-24T15:54:29.927,SELL,5.649e-05,11299.02581345
9514566,2017-12-24T15:54:33.567,SELL,5.649e-05,57.05090866
9514567,2017-12-24T15:54:34.083,SELL,5.649e-05,403.05229306
9514572,2017-12-24T15:54:37.46,BUY,5.665e-05,35.2858151
9514577,2017-12-24T15:54:48.82,BUY,5.665e-05,929.84904482
9514578,2017-12-24T15:54:49.023,SELL,5.665e-05,47.0
9514580,2017-12-24T15:54:50.273,SELL,5.665e-05,24.05003709
9514583,2017-12-24T15:54:54.697,SELL,5.665e-05,118.14817222
9514588,2017-12-24T15:55:04.87,BUY,5.668e-05,200.0
9514591,2017-12-24T15:55:07.463,BUY,5.668e-05,1478.2658671
9514592,2017-12-24T15:55:07.463,BUY,5.668e-05,24.05003709
9514593,2017-12-24T15:55:07.557,SELL,5.668e-05,2026.26560604
9514594,2017-12-24T15:55:07.557,SELL,5.665e-05,100.74034659
9514595,2017-12-24T15:55:07.557,SELL,5.649e-05,4090.99437571
9514599,2017-12-24T15:55:21.733,SELL,5.649e-05,5167.00882816
9514600,2017-12-24T15:55:22.733,SELL,5.649e-05,486.64816291
9514601,2017-12-24T15:55:23.233,SELL,5.649e-05,639.80015179
9514605,2017-12-24T15:55:29.733,SELL,5.649e-05,59.07408611
9514607,2017-12-24T15:55:35.39,BUY,5.668e-05,145.40645378
9514614,2017-12-24T15:55:41.08,BUY,5.668e-05,1074.86837235
9514616,2017-12-24T15:55:44.643,SELL,5.668e-05,61.81092446
9514624,2017-12-24T15:56:04.99,BUY,5.65e-05,138.18907554
9514629,2017-12-24T15:56:13.07,BUY,5.668e-05,43.71049224
9514638,2017-12-24T15:56:35.077,BUY,5.668e-05,23.07393126
9514640,2017-12-24T15:56:39.047,BUY,5.668e-05,157.00589055
9514641,2017-12-24T15:56:39.047,BUY,5.668e-05,435.67506013
9514642,2017-12-24T15:56:39.577,SELL,5.668e-05,63.52154532
9514643,2017-12-24T15:56:41.343,SELL,5.668e-05,16.17785109
9514646,2017-12-24T15:56:46.67,SELL,5.668e-05,20.0
9514647,2017-12-24T15:56:48.923,SELL,5.668e-05,116.94900679
9514659,2017-12-24T15:57:09.223,BUY,5.699e-05,5461.41454575
9514662,2017-12-24T15:57:13.77,SELL,5.668e-05,14.73486194
9514674,2017-12-24T15:57:30.057,SELL,5.7e-05,820.36057055
9514676,2017-12-24T15:57:32.883,SELL,5.7e-05,179.63942945
9514677,2017-12-24T15:57:35.697,SELL,5.668e-05,158.9306431
9514679,2017-12-24T15:57:39.917,SELL,5.668e-05,181.99306359
9514684,2017-12-24T15:57:48.683,SELL,5.668e-05,24.7774609
9514688,2017-12-24T15:57:55.013,SELL,5.668e-05,55.47103155
9514689,2017-12-24T15:57:55.013,SELL,5.668e-05,527.96840817
9514690,2017-12-24T15:57:55.013,SELL,5.668e-05,27.0
9514691,2017-12-24T15:57:55.013,SELL,5.668e-05,111.5655434
9514692,2017-12-24T15:57:55.013,SELL,5.668e-05,175.98800282
9514693,2017-12-24T15:57:55.013,SELL,5.668e-05,5525.77406233
9514703,2017-12-24T15:58:23.207,BUY,5.7e-05,441.49131146
9514704,2017-12-24T15:58:23.207,BUY,5.706e-05,626.10994652
9514705,2017-12-24T15:58:23.207,BUY,5.711e-05,885.83449633
9514719,2017-12-24T15:58:40.21,BUY,5.711e-05,73.45076286
9514721,2017-12-24T15:58:40.227,BUY,5.711e-05,827.74158932
9514727,2017-12-24T15:58:48.37,BUY,5.775e-05,17.26973684
9514731,2017-12-24T15:58:51.777,BUY,5.774e-05,12.09323012
9514734,2017-12-24T15:58:55.183,SELL,5.711e-05,72.10614731
9514735,2017-12-24T15:58:55.183,SELL,5.711e-05,17.64434631
9514751,2017-12-24T15:59:08.56,SELL,5.712e-05,163.79743917
9514752,2017-12-24T15:59:08.56,SELL,5.711e-05,591.09970696
9514772,2017-12-24T15:59:18.11,SELL,5.711e-05,252.59029517
9514780,2017-12-24T15:59:21.703,BUY,5.772e-05,18.54741684
9514789,2017-12-24T15:59:24.093,BUY,5.771e-05,141.96696117
9514790,2017-12-24T15:59:24.093,BUY,5.772e-05,5679.62925618
9514792,2017-12-24T15:59:27.11,BUY,5.772e-05,40.07514132
9514797,2017-12-24T15:59:31.533,BUY,5.771e-05,185.59008
9514798,2017-12-24T15:59:31.533,BUY,5.772e-05,616.46299822
9514804,2017-12-24T15:59:36.41,SELL,5.711e-05,200.0
9514815,2017-12-24T15:59:41.55,BUY,5.771e-05,100.0
9514820,2017-12-24T15:59:43.287,BUY,5.771e-05,1000.0
9514839,2017-12-24T15:59:55.43,BUY,5.771e-05,215.07917954
9514848,2017-12-24T16:00:00.9,BUY,5.771e-05,12.25208611
9514849,2017-12-24T16:00:00.9,BUY,5.772e-05,431.4444102
9514850,2017-12-24T16:00:00.9,BUY,5.773e-05,431.35833284
9514863,2017-12-24T16:00:12.493,BUY,5.773e-05,679.4470605
9514874,2017-12-24T16:00:22.403,BUY,5.771e-05,81.8607548
9514875,2017-12-24T16:00:22.403,BUY,5.772e-05,938.15784836
9514876,2017-12-24T16:00:22.403,BUY,5.773e-05,358.7344936
9514877,2017-12-24T16:00:22.42,BUY,5.774e-05,967.96447035
9514880,2017-12-24T16:00:28.577,BUY,5.771e-05,1527.60372655
9514901,2017-12-24T16:00:37.763,BUY,5.774e-05,364.04275589
9514928,2017-12-24T16:00:57.863,BUY,5.774e-05,0.91237438
9514929,2017-12-24T16:00:57.863,BUY,5.774e-05,4000.22113532
9514933,2017-12-24T16:01:01.16,BUY,5.774e-05,2269.5947744
9514937,2017-12-24T16:01:02.723,SELL,5.774e-05,43.52705663
9514947,2017-12-24T16:01:17.727,BUY,5.775e-05,21.0725306
9514948,2017-12-24T16:01:17.727,BUY,5.775e-05,5.90363513
9514952,2017-12-24T16:01:18.523,BUY,5.775e-05,194.09636487
9514953,2017-12-24T16:01:18.943,SELL,5.775e-05,920.82438651
9514968,2017-12-24T16:01:35.777,BUY,5.775e-05,976.15367526
9514969,2017-12-24T16:01:35.777,BUY,5.782e-05,18.76066406
9514979,2017-12-24T16:01:43.137,BUY,5.782e-05,791.69703463
9514985,2017-12-24T16:01:46.53,BUY,5.784e-05,18.75547907
9514986,2017-12-24T16:01:46.53,BUY,5.792e-05,1368.60582273
9514988,2017-12-24T16:01:51.45,SELL,5.782e-05,336.19943197
9514992,2017-12-24T16:01:54.687,BUY,5.792e-05,46.07765806
9514999,2017-12-24T16:02:00.703,BUY,5.792e-05,124.36958132
9515015,2017-12-24T16:02:17.753,SELL,5.788e-05,38.04698688
9515018,2017-12-24T16:02:19.033,BUY,5.788e-05,64.78169928
9515019,2017-12-24T16:02:19.033,BUY,5.792e-05,336.05221915
9515020,2017-12-24T16:02:19.033,BUY,5.792e-05,204.59813908
9515030,2017-12-24T16:02:37.273,SELL,5.793e-05,511.83476178
9515031,2017-12-24T16:02:37.273,SELL,5.792e-05,510.40340178
9515034,2017-12-24T16:02:42.93,BUY,5.795e-05,279.85074627
9515040,2017-12-24T16:02:45.79,BUY,5.796e-05,200.0
9515041,2017-12-24T16:02:45.79,BUY,5.798e-05,669.34569046
9515042,2017-12-24T16:02:45.79,BUY,5.8e-05,30.0
9515043,2017-12-24T16:02:45.79,BUY,5.8e-05,372.20149254
9515044,2017-12-24T16:02:45.79,BUY,5.8e-05,2873.80326085
9515045,2017-12-24T16:02:45.79,BUY,5.8e-05,44.57824166
9515050,2017-12-24T16:02:51.65,SELL,5.8e-05,34.7953457
9515057,2017-12-24T16:02:57.993,BUY,5.82e-05,69.78046843
9515059,2017-12-24T16:03:01.667,SELL,5.82e-05,23.67028726
9515063,2017-12-24T16:03:02.793,SELL,5.82e-05,26.09650928
9515071,2017-12-24T16:03:13.06,BUY,5.825e-05,43.35753481
9515072,2017-12-24T16:03:13.06,BUY,5.827e-05,163.93186822
9515073,2017-12-24T16:03:13.437,SELL,5.82e-05,200.0
9515081,2017-12-24T16:03:25.703,BUY,5.827e-05,160.68204296
9515082,2017-12-24T16:03:28.44,SELL,5.821e-05,295.17393597
9515083,2017-12-24T16:03:28.44,SELL,5.82e-05,204.82606403
9515086,2017-12-24T16:03:29.33,BUY,5.827e-05,749.68490905
9515088,2017-12-24T16:03:30.657,SELL,5.823e-05,43.46620041
9515089,2017-12-24T16:03:30.657,SELL,5.82e-05,438.54279959
9515095,2017-12-24T16:03:31.533,BUY,5.827e-05,659.1979404
9515096,2017-12-24T16:03:31.533,BUY,5.836e-05,26.08696
9515097,2017-12-24T16:03:31.55,BUY,5.847e-05,118.79696497
9515098,2017-12-24T16:03:31.55,BUY,5.848e-05,16.87580687
9515099,2017-12-24T16:03:31.55,BUY,5.848e-05,4280.07856921
9515104,2017-12-24T16:03:35.847,BUY,5.848e-05,153.32502907
9515123,2017-12-24T16:03:54.287,BUY,5.848e-05,826.73139412
9515129,2017-12-24T16:04:00.46,SELL,5.848e-05,68.38307688
9515130,2017-12-24T16:04:00.46,SELL,5.848e-05,115.7552483
9515132,2017-12-24T16:04:01.883,BUY,5.85e-05,200.0
9515133,2017-12-24T16:04:01.883,BUY,5.853e-05,526.86927183
9515135,2017-12-24T16:04:17.447,BUY,5.849e-05,624.11273
9515136,2017-12-24T16:04:17.447,BUY,5.849e-05,122.84698069
9515139,2017-12-24T16:04:18.277,BUY,5.849e-05,74.24505926
9515145,2017-12-24T16:04:21.37,BUY,5.849e-05,427.02070005
9515150,2017-12-24T16:04:24.683,BUY,5.85e-05,200.0
9515153,2017-12-24T16:04:25.917,BUY,5.853e-05,522.36331927
9515163,2017-12-24T16:04:33.373,BUY,5.865e-05,1056.54906807
9515164,2017-12-24T16:04:33.373,BUY,5.865e-05,375.0
9515165,2017-12-24T16:04:33.373,BUY,5.865e-05,169.46564421
9515166,2017-12-24T16:04:34.23,SELL,5.853e-05,44.34633053
9515170,2017-12-24T16:04:35.187,BUY,5.865e-05,4.01261666
9515171,2017-12-24T16:04:35.187,BUY,5.866e-05,1285.0
9515172,2017-12-24T16:04:35.187,BUY,5.87e-05,21.71310405
9515173,2017-12-24T16:04:35.187,BUY,5.87e-05,3000.0
9515174,2017-12-24T16:04:35.187,BUY,5.87e-05,170.0
9515183,2017-12-24T16:04:38.67,BUY,5.874e-05,110.83699633
9515186,2017-12-24T16:04:40.093,BUY,5.874e-05,11.90287672
9515187,2017-12-24T16:04:40.093,BUY,5.877e-05,64.44248436
9515193,2017-12-24T16:04:42.453,BUY,5.877e-05,182.56327006
9515194,2017-12-24T16:04:42.453,BUY,5.88e-05,100.0
9515195,2017-12-24T16:04:42.453,BUY,5.88e-05,287.1595744
9515198,2017-12-24T16:04:44.937,BUY,5.874e-05,200.0
9515199,2017-12-24T16:04:44.937,BUY,5.88e-05,105.55696103
9515200,2017-12-24T16:04:44.937,BUY,5.883e-05,333.37829852
9515201,2017-12-24T16:04:44.937,BUY,5.889e-05,18.0
9515202,2017-12-24T16:04:44.937,BUY,5.89e-05,471.86515146
9515203,2017-12-24T16:04:44.937,BUY,5.89e-05,350.33928332
9515204,2017-12-24T16:04:44.937,BUY,5.895e-05,834.36159096
9515205,2017-12-24T16:04:44.937,BUY,5.896e-05,500.0
9515206,2017-12-24T16:04:44.937,BUY,5.897e-05,500.0
9515207,2017-12-24T16:04:44.937,BUY,5.898e-05,30.0
9515208,2017-12-24T16:04:44.937,BUY,5.898e-05,6417.85315125
9515209,2017-12-24T16:04:45.343,SELL,5.898e-05,25.0
9515210,2017-12-24T16:04:45.767,SELL,5.898e-05,1367.3423043
9515214,2017-12-24T16:04:47.11,SELL,5.898e-05,3841.12376976
9515215,2017-12-24T16:04:47.11,SELL,5.87e-05,1370.46708093
9515216,2017-12-24T16:04:47.11,SELL,5.87e-05,11225.22229013
9515221,2017-12-24T16:04:48.657,BUY,5.899e-05,27.70925577
9515225,2017-12-24T16:04:49.297,SELL,5.877e-05,73.34
9515227,2017-12-24T16:04:50.22,SELL,5.877e-05,61.01888
9515229,2017-12-24T16:04:50.72,BUY,5.899e-05,34.13411186
9515230,2017-12-24T16:04:51.923,SELL,5.877e-05,18.81718983
9515233,2017-12-24T16:04:52.843,BUY,5.899e-05,826.72910942
9515237,2017-12-24T16:04:53.75,BUY,5.899e-05,20.79494619
9515244,2017-12-24T16:04:56.33,SELL,5.877e-05,2232.09479972
9515248,2017-12-24T16:04:58.25,BUY,5.889e-05,23.516
9515249,2017-12-24T16:04:58.25,BUY,5.899e-05,1259.97568685
9515250,2017-12-24T16:04:58.25,BUY,5.9e-05,10.0
9515251,2017-12-24T16:04:58.25,BUY,5.9e-05,50.0
9515252,2017-12-24T16:04:58.25,BUY,5.9e-05,80.0
9515253,2017-12-24T16:04:58.25,BUY,5.9e-05,100.0
9515254,2017-12-24T16:04:58.25,BUY,5.9e-05,246.37511111
9515255,2017-12-24T16:04:58.267,BUY,5.9e-05,25.0
9515256,2017-12-24T16:04:58.267,BUY,5.9e-05,231.00972673
9515257,2017-12-24T16:04:58.267,BUY,5.9e-05,200.0
9515258,2017-12-24T16:04:58.267,BUY,5.9e-05,50.0
9515259,2017-12-24T16:04:58.267,BUY,5.9e-05,30.12987243
9515260,2017-12-24T16:04:58.267,BUY,5.9e-05,154.0
9515261,2017-12-24T16:04:58.267,BUY,5.9e-05,65.0
9515262,2017-12-24T16:04:58.267,BUY,5.9e-05,2000.0
9515263,2017-12-24T16:04:58.267,BUY,5.9e-05,106.68830916
9515264,2017-12-24T16:04:58.267,BUY,5.9e-05,324.04331551
9515265,2017-12-24T16:04:58.267,BUY,5.9e-05,933.8078857
9515266,2017-12-24T16:04:58.267,BUY,5.9e-05,209.20484595
9515271,2017-12-24T16:05:03.347,BUY,5.9e-05,369.10661568
9515275,2017-12-24T16:05:03.503,BUY,5.9e-05,300.0
9515276,2017-12-24T16:05:03.987,SELL,5.889e-05,15.49398245
9515278,2017-12-24T16:05:05.27,BUY,5.889e-05,411.5267176
9515279,2017-12-24T16:05:05.27,BUY,5.9e-05,996.58393586
9515280,2017-12-24T16:05:05.27,BUY,5.9e-05,21.71154255
9515281,2017-12-24T16:05:05.27,BUY,5.9e-05,25.69519444
9515282,2017-12-24T16:05:05.27,BUY,5.9e-05,61.76085601
9515291,2017-12-24T16:05:08.847,BUY,5.907e-05,1833.29701847
9515292,2017-12-24T16:05:08.863,BUY,5.91e-05,3285.53264172
9515307,2017-12-24T16:05:14.863,BUY,5.91e-05,1056.60254427
9515309,2017-12-24T16:05:15.863,BUY,5.91e-05,665.94596419
9515312,2017-12-24T16:05:17.77,BUY,5.91e-05,1782.91884982
9515313,2017-12-24T16:05:17.77,BUY,5.91e-05,1369.87869078
9515321,2017-12-24T16:05:20.38,BUY,5.913e-05,9.0
9515322,2017-12-24T16:05:20.38,BUY,5.92e-05,119.26270135
9515339,2017-12-24T16:05:27.087,BUY,5.92e-05,174.77563787
9515342,2017-12-24T16:05:27.24,BUY,5.925e-05,23.26336058
9515350,2017-12-24T16:05:31.71,BUY,5.925e-05,538.00233593
9515354,2017-12-24T16:05:33.243,BUY,5.925e-05,166.41030335
9515356,2017-12-24T16:05:33.68,BUY,5.925e-05,646.4668709
9515361,2017-12-24T16:05:36.727,SELL,5.925e-05,165.72449266
9515364,2017-12-24T16:05:39.07,BUY,5.927e-05,295.88140596
9515365,2017-12-24T16:05:39.76,SELL,5.927e-05,25.8170922
9515368,2017-12-24T16:05:40.777,BUY,5.928e-05,104.71159528
9515369,2017-12-24T16:05:41.087,SELL,5.927e-05,387.01338117
9515370,2017-12-24T16:05:41.103,SELL,5.925e-05,1615.7282046
9515371,2017-12-24T16:05:41.103,SELL,5.925e-05,505.93027978
9515372,2017-12-24T16:05:41.103,SELL,5.925e-05,627.79525572
9515373,2017-12-24T16:05:41.65,SELL,5.925e-05,3217.74193548
9515381,2017-12-24T16:05:46.167,BUY,5.928e-05,82.48933641
9515383,2017-12-24T16:05:49.353,SELL,5.928e-05,153.32502907
9515386,2017-12-24T16:05:49.997,SELL,5.928e-05,200.0
9515389,2017-12-24T16:05:51.213,BUY,5.93e-05,300.0
9515394,2017-12-24T16:05:54.277,BUY,5.93e-05,126.28205128
9515398,2017-12-24T16:05:58.34,BUY,5.935e-05,28.23500967
9515403,2017-12-24T16:06:01.78,BUY,5.936e-05,16.84636119
9515404,2017-12-24T16:06:01.78,BUY,5.936e-05,708.71187933
9515405,2017-12-24T16:06:01.793,BUY,5.937e-05,817.57073981
9515406,2017-12-24T16:06:01.793,BUY,5.937e-05,817.57073981
9515407,2017-12-24T16:06:01.793,BUY,5.937e-05,1976.41101489
9515420,2017-12-24T16:06:07.56,BUY,5.937e-05,300.0
9515421,2017-12-24T16:06:08.717,SELL,5.936e-05,90.67520342
9515424,2017-12-24T16:06:09.327,BUY,5.935e-05,3549.74783018
9515433,2017-12-24T16:06:12.437,BUY,5.935e-05,17.99107958
9515435,2017-12-24T16:06:14.03,BUY,5.935e-05,81.63600505
9515437,2017-12-24T16:06:14.077,BUY,5.935e-05,527.8086533
9515440,2017-12-24T16:06:14.563,BUY,5.935e-05,84.22868691
9515443,2017-12-24T16:06:15.53,BUY,5.935e-05,16.8071817
9515445,2017-12-24T16:06:15.687,BUY,5.935e-05,983.66391028
9515447,2017-12-24T16:06:15.907,BUY,5.935e-05,136.74810446
9515449,2017-12-24T16:06:16.47,BUY,5.935e-05,368.82570322
9515451,2017-12-24T16:06:18,BUY,5.935e-05,27.17732862
9515453,2017-12-24T16:06:18.25,BUY,5.935e-05,797.80963054
9515455,2017-12-24T16:06:18.517,BUY,5.937e-05,1447.91429942
9515456,2017-12-24T16:06:20.407,SELL,5.935e-05,76.58376586
9515457,2017-12-24T16:06:20.593,SELL,5.935e-05,3074.69529719
9515458,2017-12-24T16:06:21.33,SELL,5.93e-05,75.40309401
9515459,2017-12-24T16:06:21.33,SELL,5.93e-05,448.01314012
9515461,2017-12-24T16:06:21.36,BUY,5.935e-05,1937.64419076
9515462,2017-12-24T16:06:21.36,BUY,5.937e-05,4301.7087491
9515464,2017-12-24T16:06:21.563,BUY,5.937e-05,1473.43734314
9515466,2017-12-24T16:06:22.347,BUY,5.937e-05,1310.61503158
9515470,2017-12-24T16:06:24.267,SELL,5.935e-05,1800.0
9515471,2017-12-24T16:06:24.267,SELL,5.93e-05,29.36121488
9515472,2017-12-24T16:06:24.267,SELL,5.927e-05,1388.3807206
9515474,2017-12-24T16:06:24.487,BUY,5.937e-05,1309.16488209
9515475,2017-12-24T16:06:24.487,BUY,5.937e-05,200.0
9515478,2017-12-24T16:06:25.517,BUY,5.938e-05,25.0
9515484,2017-12-24T16:06:30.597,SELL,5.938e-05,679.58995368
9515487,2017-12-24T16:06:33.13,BUY,5.938e-05,18.524756
9515490,2017-12-24T16:06:35.05,BUY,5.938e-05,1068.4104544
9515492,2017-12-24T16:06:36.08,BUY,5.938e-05,1403.05870554
9515499,2017-12-24T16:06:39.19,SELL,5.937e-05,2614.45547877
9515500,2017-12-24T16:06:39.19,SELL,5.937e-05,417.71862431
9515503,2017-12-24T16:06:40.63,SELL,5.93e-05,327.75057673
9515504,2017-12-24T16:06:40.63,SELL,5.927e-05,79.53309533
9515505,2017-12-24T16:06:40.63,SELL,5.92e-05,5993.12572359
9515507,2017-12-24T16:06:40.63,BUY,5.92e-05,1097.00085965
9515508,2017-12-24T16:06:40.63,BUY,5.937e-05,254.44907731
9515509,2017-12-24T16:06:41.677,SELL,5.9e-05,3775.52280176
9515510,2017-12-24T16:06:41.677,SELL,5.877e-05,1750.94482738
9515511,2017-12-24T16:06:41.693,SELL,5.87e-05,5973.05357194
9515513,2017-12-24T16:06:43.537,SELL,5.853e-05,83.82923742
9515514,2017-12-24T16:06:43.537,SELL,5.85e-05,180.24052051
9515516,2017-12-24T16:06:44.177,BUY,5.78e-05,300.01780909
9515519,2017-12-24T16:06:44.897,BUY,5.78e-05,300.01593399
9515522,2017-12-24T16:06:45.77,BUY,5.78e-05,250.81725036
9515527,2017-12-24T16:06:46.1,BUY,5.78e-05,1e-08
9515530,2017-12-24T16:06:46.287,SELL,5.775e-05,875.05482915
9515531,2017-12-24T16:06:46.427,SELL,5.775e-05,16.35102281
9515533,2017-12-24T16:06:48.897,SELL,5.775e-05,3390.74124782
9515535,2017-12-24T16:06:49.007,BUY,5.775e-05,1148.62480477
9515546,2017-12-24T16:06:53.337,BUY,5.775e-05,743.96830423
9515548,2017-12-24T16:06:53.397,BUY,5.775e-05,304.64278743
9515549,2017-12-24T16:06:53.397,BUY,5.78e-05,54.21946945
9515550,2017-12-24T16:06:53.397,BUY,5.87e-05,44.13774312
9515552,2017-12-24T16:06:54.32,SELL,5.78e-05,17.51006829
9515554,2017-12-24T16:06:54.71,BUY,5.87e-05,100.0
9515573,2017-12-24T16:07:02.46,SELL,5.782e-05,726.86927183
9515577,2017-12-24T16:07:03.273,SELL,5.782e-05,210.69324247
9515606,2017-12-24T16:07:13.183,SELL,5.784e-05,120.0
9515607,2017-12-24T16:07:13.183,SELL,5.784e-05,29.15204339
9515634,2017-12-24T16:07:28.217,SELL,5.8e-05,148.94085106
9515641,2017-12-24T16:07:30.06,SELL,5.801e-05,25.85761076
9515642,2017-12-24T16:07:30.06,SELL,5.8e-05,151.05914894
9515643,2017-12-24T16:07:30.06,SELL,5.8e-05,189.7946513
9515644,2017-12-24T16:07:30.06,SELL,5.786e-05,3381.99371665
9515646,2017-12-24T16:07:31.013,BUY,5.8e-05,126.28205128
9515675,2017-12-24T16:07:41.42,SELL,5.802e-05,30.19706212
9515685,2017-12-24T16:07:45.69,SELL,5.804e-05,750.13273953
9515686,2017-12-24T16:07:45.69,SELL,5.802e-05,1644.63180855
9515687,2017-12-24T16:07:45.69,SELL,5.802e-05,899.08063347
9515688,2017-12-24T16:07:45.69,SELL,5.801e-05,1217.10915928
9515689,2017-12-24T16:07:45.69,SELL,5.801e-05,34.47681434
9515690,2017-12-24T16:07:45.69,SELL,5.801e-05,1187.64468338
9515691,2017-12-24T16:07:45.69,SELL,5.8e-05,506.27710131
9515695,2017-12-24T16:07:48.5,SELL,5.802e-05,1375.73811077
9515696,2017-12-24T16:07:48.5,SELL,5.801e-05,1780.0
9515697,2017-12-24T16:07:48.5,SELL,5.8e-05,592.96701688
9515699,2017-12-24T16:07:53.503,SELL,5.8e-05,428.12142058
9515700,2017-12-24T16:07:54.737,SELL,5.8e-05,115.99193183
9515701,2017-12-24T16:07:54.737,SELL,5.8e-05,411.81672147
9515704,2017-12-24T16:07:57.503,SELL,5.8e-05,142.81680844
9515705,2017-12-24T16:07:57.503,SELL,5.8e-05,84.24318513
9515708,2017-12-24T16:08:00.957,BUY,5.8e-05,1662.5
9515716,2017-12-24T16:08:08.723,BUY,5.8e-05,51.00562468
9515717,2017-12-24T16:08:09.77,SELL,5.78e-05,325.90726432
9515718,2017-12-24T16:08:09.77,SELL,5.774e-05,99.98268098
9515719,2017-12-24T16:08:09.77,SELL,5.772e-05,1631.63137393
9515720,2017-12-24T16:08:12.177,SELL,5.712e-05,500.0
9515721,2017-12-24T16:08:12.177,SELL,5.711e-05,324.81704809
9515722,2017-12-24T16:08:12.177,SELL,5.711e-05,623.09725133
9515724,2017-12-24T16:08:12.787,BUY,5.772e-05,87.68153423
9515725,2017-12-24T16:08:12.803,BUY,5.8e-05,455.87061986
9515726,2017-12-24T16:08:14.99,SELL,5.711e-05,2336.2294838
9515730,2017-12-24T16:08:15.99,BUY,5.711e-05,119.77045743
9515734,2017-12-24T16:08:20.083,SELL,5.695e-05,35.11852502
9515735,2017-12-24T16:08:20.1,SELL,5.695e-05,125.56351794
9515737,2017-12-24T16:08:21.07,SELL,5.695e-05,454.82239173
9515739,2017-12-24T16:08:25.617,SELL,5.668e-05,104.71159528
9515740,2017-12-24T16:08:27.053,SELL,5.668e-05,1351.44993696
9515743,2017-12-24T16:08:29.197,BUY,5.711e-05,61.018
9515755,2017-12-24T16:08:47.2,SELL,5.695e-05,100.89560996
9515758,2017-12-24T16:08:50.637,SELL,5.668e-05,601.78015254
9515761,2017-12-24T16:08:59.497,SELL,5.668e-05,323.88416789
9515769,2017-12-24T16:09:04.153,SELL,5.669e-05,477.374355
9515772,2017-12-24T16:09:06.25,BUY,5.712e-05,880.44664249
9515773,2017-12-24T16:09:08.047,SELL,5.669e-05,1699.10439004
9515780,2017-12-24T16:09:15.453,BUY,5.712e-05,364.78977247
9515781,2017-12-24T16:09:15.453,BUY,5.712e-05,145.40645378
9515786,2017-12-24T16:09:19.063,SELL,5.712e-05,2990.4077811
9515791,2017-12-24T16:09:23.61,BUY,5.712e-05,92.0
9515793,2017-12-24T16:09:25.877,BUY,5.712e-05,836.18283805
9515807,2017-12-24T16:09:34.723,BUY,5.713e-05,604.49411139
9515809,2017-12-24T16:09:34.893,BUY,5.713e-05,294.45212672
9515810,2017-12-24T16:09:37.223,SELL,5.712e-05,592.83931944
9515811,2017-12-24T16:09:37.223,SELL,5.712e-05,742.66487142
9515813,2017-12-24T16:09:37.55,BUY,5.712e-05,100.0
9515816,2017-12-24T16:09:39.537,BUY,5.712e-05,539.02166851
9515819,2017-12-24T16:09:40.27,BUY,5.712e-05,453.39370879
9515834,2017-12-24T16:09:53.897,SELL,5.715e-05,54.0842231
9515835,2017-12-24T16:09:53.897,SELL,5.713e-05,5167.05368489
9515845,2017-12-24T16:10:01.587,SELL,5.712e-05,128.26270135
9515857,2017-12-24T16:10:11.853,SELL,5.712e-05,71.73729865
9515858,2017-12-24T16:10:11.853,SELL,5.712e-05,148.04864589
9515859,2017-12-24T16:10:11.853,SELL,5.712e-05,45.06328716
9515861,2017-12-24T16:10:12.887,BUY,5.712e-05,100.0
9515865,2017-12-24T16:10:15.667,BUY,5.712e-05,635.1507683
9515869,2017-12-24T16:10:19.34,SELL,5.712e-05,864.8492317
9515871,2017-12-24T16:10:21.107,BUY,5.712e-05,167.90102676
9515872,2017-12-24T16:10:23.12,SELL,5.675e-05,1727.18412275
9515874,2017-12-24T16:10:23.467,BUY,5.712e-05,100.0
9515878,2017-12-24T16:10:24.717,BUY,5.712e-05,87.03734226
9515879,2017-12-24T16:10:24.717,BUY,5.712e-05,0.98771951
9515880,2017-12-24T16:10:25.327,SELL,5.675e-05,505.93027978
9515882,2017-12-24T16:10:26.45,SELL,5.676e-05,1417.61645357
9515888,2017-12-24T16:10:32.67,SELL,5.676e-05,143.30277302
9515893,2017-12-24T16:10:36.687,SELL,5.676e-05,880.44664249
9515896,2017-12-24T16:10:41.53,BUY,5.711e-05,87.31617647
9515898,2017-12-24T16:10:43.89,SELL,5.677e-05,52.4704354
9515899,2017-12-24T16:10:45.53,SELL,5.677e-05,300.0
9515914,2017-12-24T16:11:09.317,SELL,5.7e-05,162.546
9515915,2017-12-24T16:11:09.317,SELL,5.678e-05,227.96141778
9515917,2017-12-24T16:11:13.833,SELL,5.7e-05,63.351225
9515918,2017-12-24T16:11:13.833,SELL,5.678e-05,131.90248389
9515919,2017-12-24T16:11:15.71,SELL,5.678e-05,5101.03624145
9515921,2017-12-24T16:11:18.693,SELL,5.678e-05,97.62685444
9515925,2017-12-24T16:11:19.99,SELL,5.677e-05,34.31278605
9515928,2017-12-24T16:11:23.57,SELL,5.678e-05,538.00233593
9515934,2017-12-24T16:11:30.023,SELL,5.678e-05,200.0
9515939,2017-12-24T16:11:35.73,SELL,5.678e-05,138.22464048
9515940,2017-12-24T16:11:35.73,SELL,5.678e-05,924.29212281
9515941,2017-12-24T16:11:35.73,SELL,5.678e-05,56.52265953
9515942,2017-12-24T16:11:35.73,SELL,5.677e-05,3218.07131221
9515948,2017-12-24T16:11:48.547,BUY,5.678e-05,52.19359898
9515952,2017-12-24T16:11:51.733,SELL,5.678e-05,228.23409949
9515954,2017-12-24T16:11:52.25,BUY,5.678e-05,254.97851734
9515955,2017-12-24T16:11:52.28,SELL,5.677e-05,46.07765806
9515958,2017-12-24T16:11:53.907,BUY,5.678e-05,26.27430373
9515959,2017-12-24T16:11:56.377,SELL,5.677e-05,1301.58999942
9515960,2017-12-24T16:11:56.377,SELL,5.677e-05,599.65215591
9515961,2017-12-24T16:11:56.86,SELL,5.677e-05,617.27377721
9515963,2017-12-24T16:11:57.593,SELL,5.677e-05,3983.07406688
9515964,2017-12-24T16:11:57.593,SELL,5.677e-05,18.05944282
9515966,2017-12-24T16:11:57.89,BUY,5.678e-05,41.05300272
9515974,2017-12-24T16:12:05.893,SELL,5.69e-05,20.12110018
9515975,2017-12-24T16:12:05.893,SELL,5.68e-05,11.84877883
9515977,2017-12-24T16:12:11.16,BUY,5.706e-05,18.5109613
9515985,2017-12-24T16:12:21.427,SELL,5.681e-05,23.26336058
9515987,2017-12-24T16:12:22.91,SELL,5.681e-05,300.0
9515999,2017-12-24T16:12:39.303,BUY,5.702e-05,100.0
9516017,2017-12-24T16:13:01.45,BUY,5.7e-05,20.0
9516018,2017-12-24T16:13:01.45,BUY,5.701e-05,80.0
9516020,2017-12-24T16:13:03.23,SELL,5.678e-05,20.31510607
9516023,2017-12-24T16:13:10.31,BUY,5.677e-05,25.85761076
9516024,2017-12-24T16:13:10.31,BUY,5.678e-05,33.69139095
9516025,2017-12-24T16:13:10.31,BUY,5.7e-05,500.0
9516026,2017-12-24T16:13:10.31,BUY,5.7e-05,1000.0
9516027,2017-12-24T16:13:10.31,BUY,5.7e-05,1000.0
9516028,2017-12-24T16:13:10.31,BUY,5.701e-05,195.94116542
9516029,2017-12-24T16:13:10.31,BUY,5.701e-05,78.878025
9516030,2017-12-24T16:13:10.31,BUY,5.702e-05,146.76334011
9516031,2017-12-24T16:13:10.31,BUY,5.702e-05,911.39236543
9516039,2017-12-24T16:13:21.233,SELL,5.677e-05,1429.02215749
9516047,2017-12-24T16:13:30.58,BUY,5.702e-05,88.60763457
9516048,2017-12-24T16:13:30.58,BUY,5.702e-05,11.39236543
9516059,2017-12-24T16:13:43.707,BUY,5.702e-05,100.0
9516064,2017-12-24T16:13:52.097,BUY,5.702e-05,15.78296212
9516074,2017-12-24T16:14:14.617,BUY,5.702e-05,513.99124076
9516075,2017-12-24T16:14:16.663,SELL,5.681e-05,919.49109983
9516076,2017-12-24T16:14:16.663,SELL,5.68e-05,2000.0
9516077,2017-12-24T16:14:16.663,SELL,5.676e-05,973.03279784
9516081,2017-12-24T16:14:20.71,BUY,5.68e-05,78.44139213
9516085,2017-12-24T16:14:25.76,BUY,5.68e-05,191.25759908
9516087,2017-12-24T16:14:28.09,BUY,5.68e-05,33.32164152
9516091,2017-12-24T16:14:35.73,BUY,5.68e-05,334.59572898
9516095,2017-12-24T16:14:43.747,BUY,5.68e-05,511.00844306
9516106,2017-12-24T16:14:58.81,BUY,5.702e-05,558.83343169
9516107,2017-12-24T16:14:58.81,BUY,5.702e-05,39.41778
9516115,2017-12-24T16:15:38.833,SELL,5.703e-05,340.137572
9516120,2017-12-24T16:15:42.27,BUY,5.713e-05,148.80466845
9516121,2017-12-24T16:15:42.27,BUY,5.778e-05,29.15204339
9516122,2017-12-24T16:15:42.27,BUY,5.779e-05,743.96830423
9516123,2017-12-24T16:15:42.27,BUY,5.78e-05,35.11852502
9516124,2017-12-24T16:15:42.27,BUY,5.78e-05,167.90102676
9516138,2017-12-24T16:16:08.387,SELL,5.78e-05,2326.6504927
9516140,2017-12-24T16:16:12.027,BUY,5.779e-05,1000.0
9516146,2017-12-24T16:16:20.653,BUY,5.778e-05,1709.34936466
9516177,2017-12-24T16:17:13.3,BUY,5.778e-05,139.64288827
9516193,2017-12-24T16:17:30.163,BUY,5.778e-05,88.85653215
9516203,2017-12-24T16:17:37.837,SELL,5.797e-05,15.0
9516208,2017-12-24T16:17:41.87,SELL,5.797e-05,543.55215409
9516225,2017-12-24T16:18:31.533,SELL,5.798e-05,349.45073479
9516228,2017-12-24T16:18:38.423,BUY,5.799e-05,34.40248319
9516229,2017-12-24T16:18:39.72,SELL,5.798e-05,1026.88593303
9516230,2017-12-24T16:18:39.72,SELL,5.797e-05,7456.64256568
9516231,2017-12-24T16:18:39.72,SELL,5.797e-05,99.32515482
9516235,2017-12-24T16:18:41.567,BUY,5.796e-05,640.27119646
9516243,2017-12-24T16:18:49.537,BUY,5.795e-05,30.0
9516260,2017-12-24T16:19:15.243,BUY,5.792e-05,22.52742018
9516270,2017-12-24T16:19:23.4,BUY,5.791e-05,194.44258828
9516272,2017-12-24T16:19:24.01,BUY,5.791e-05,171.98275862
9516286,2017-12-24T16:19:41.747,SELL,5.791e-05,187.05997913
9516287,2017-12-24T16:19:41.747,SELL,5.791e-05,139.40024743
9516301,2017-12-24T16:20:04,BUY,5.789e-05,50.0
9516305,2017-12-24T16:20:05.453,SELL,5.717e-05,352.76581331
9516313,2017-12-24T16:20:23.63,SELL,5.717e-05,374.25117282
9516314,2017-12-24T16:20:23.63,SELL,5.717e-05,175.01691446
9516315,2017-12-24T16:20:23.63,SELL,5.694e-05,100.40393396
9516316,2017-12-24T16:20:23.63,SELL,5.693e-05,35.13086246
9516317,2017-12-24T16:20:23.63,SELL,5.682e-05,141.92622572
9516370,2017-12-24T16:21:25.95,SELL,5.687e-05,51.48260676
9516371,2017-12-24T16:21:25.95,SELL,5.686e-05,560.44674341
9516376,2017-12-24T16:21:34.5,BUY,5.717e-05,61.05400984
9516386,2017-12-24T16:21:47.47,SELL,5.717e-05,150.0
9516394,2017-12-24T16:21:55.22,BUY,5.717e-05,276.13160556
9516395,2017-12-24T16:21:56.47,SELL,5.688e-05,802.05307822
9516397,2017-12-24T16:21:57.407,BUY,5.717e-05,1746.09294321
9516411,2017-12-24T16:22:16.55,BUY,5.775e-05,100.40393396
9516412,2017-12-24T16:22:16.55,BUY,5.776e-05,819.59606604
9516424,2017-12-24T16:22:57.26,SELL,5.717e-05,76.34536108
9516429,2017-12-24T16:23:32.5,SELL,5.717e-05,177.56169571
9516430,2017-12-24T16:23:32.5,SELL,5.717e-05,29.72770732
9516436,2017-12-24T16:23:44.203,SELL,5.717e-05,53.93946955
9516444,2017-12-24T16:24:07.647,SELL,5.718e-05,513.99124076
9516449,2017-12-24T16:24:27.43,SELL,5.718e-05,82.50614815
9516450,2017-12-24T16:24:27.43,SELL,5.718e-05,34.80255334
9516458,2017-12-24T16:24:55.497,BUY,5.718e-05,184.93472401
9516459,2017-12-24T16:24:55.497,BUY,5.718e-05,85.97703765
9516467,2017-12-24T16:25:02.717,BUY,5.72e-05,55.143
9516488,2017-12-24T16:25:28.813,SELL,5.721e-05,10407.18339121
9516489,2017-12-24T16:25:28.813,SELL,5.72e-05,801.79995729
9516490,2017-12-24T16:25:28.813,SELL,5.72e-05,150.0
9516491,2017-12-24T16:25:28.813,SELL,5.72e-05,151.1653735
9516502,2017-12-24T16:25:44.77,BUY,5.725e-05,27.11
9516503,2017-12-24T16:25:49.52,SELL,5.726e-05,0.69822667
9516505,2017-12-24T16:25:51.94,SELL,5.72e-05,368.82570322
9516506,2017-12-24T16:25:59.82,SELL,5.72e-05,201.69349551
9516507,2017-12-24T16:26:03.397,SELL,5.72e-05,500.0
9516511,2017-12-24T16:26:54.45,SELL,5.72e-05,62.2447984
9516512,2017-12-24T16:27:11.017,SELL,5.719e-05,774.96275572
9516514,2017-12-24T16:27:18.47,BUY,5.719e-05,30.82833221
9516517,2017-12-24T16:27:28.533,SELL,5.718e-05,340.1208347
9516518,2017-12-24T16:27:40.537,SELL,5.718e-05,342.7730317
9516521,2017-12-24T16:27:45.537,BUY,5.719e-05,137.20430233
9516524,2017-12-24T16:27:47.24,BUY,5.719e-05,95.06
9516526,2017-12-24T16:27:51.897,BUY,5.719e-05,860.27369066
9516528,2017-12-24T16:27:58.49,BUY,5.719e-05,1700.0
9516531,2017-12-24T16:28:05.913,BUY,5.719e-05,267.00847112
9516532,2017-12-24T16:28:15.417,SELL,5.718e-05,679.4470605
9516535,2017-12-24T16:28:22.48,BUY,5.719e-05,1000.0
9516542,2017-12-24T16:28:52.607,BUY,5.719e-05,1000.0
9516544,2017-12-24T16:28:53.17,BUY,5.719e-05,1395.35755819
9516548,2017-12-24T16:28:55.483,BUY,5.719e-05,51.49501661
9516555,2017-12-24T16:29:06.423,BUY,5.719e-05,1660.91860465
9516559,2017-12-24T16:29:17.017,SELL,5.718e-05,2018.54787176
9516565,2017-12-24T16:29:39.753,BUY,5.719e-05,626.63870681
9516566,2017-12-24T16:29:39.753,BUY,5.719e-05,1689.79929021
9516567,2017-12-24T16:29:39.753,BUY,5.719e-05,2432.29298741
9516568,2017-12-24T16:29:41.35,SELL,5.718e-05,500.0
9516572,2017-12-24T16:30:07.227,BUY,5.719e-05,1420.17841512
9516574,2017-12-24T16:30:12.37,BUY,5.719e-05,2246.27935091
9516575,2017-12-24T16:30:12.37,BUY,5.719e-05,200.0
9516585,2017-12-24T16:31:06.517,SELL,5.719e-05,800.0
9516591,2017-12-24T16:31:27.347,SELL,5.719e-05,859.34936466
9516601,2017-12-24T16:31:55.54,BUY,5.719e-05,447.15384122
9516603,2017-12-24T16:32:00.867,BUY,5.719e-05,624.10734012
9516604,2017-12-24T16:32:00.867,BUY,5.72e-05,232.99673345
9516605,2017-12-24T16:32:00.867,BUY,5.72e-05,167.0096679
9516606,2017-12-24T16:32:00.867,BUY,5.726e-05,199.30177333
9516607,2017-12-24T16:32:00.867,BUY,5.755e-05,219.00779168
9516608,2017-12-24T16:32:00.867,BUY,5.774e-05,175.01691446
9516609,2017-12-24T16:32:00.867,BUY,5.777e-05,1000.0
9516610,2017-12-24T16:32:00.867,BUY,5.778e-05,35.13086246
9516611,2017-12-24T16:32:00.867,BUY,5.778e-05,718.57498521
9516612,2017-12-24T16:32:00.867,BUY,5.778e-05,24.0
9516613,2017-12-24T16:32:00.867,BUY,5.791e-05,44.5091038
9516625,2017-12-24T16:32:21.073,BUY,5.786e-05,737.70038726
9516629,2017-12-24T16:32:24.527,BUY,5.785e-05,430.62779934
9516667,2017-12-24T16:33:44.07,BUY,5.759e-05,200.0
9516669,2017-12-24T16:33:48.117,SELL,5.719e-05,443.57721734
9516670,2017-12-24T16:33:48.117,SELL,5.719e-05,516.42278266
9516677,2017-12-24T16:34:02.65,SELL,5.72e-05,20.59886422
9516685,2017-12-24T16:34:18.183,BUY,5.72e-05,1402.47333916
9516690,2017-12-24T16:34:22.387,BUY,5.72e-05,777.51724432
9516693,2017-12-24T16:34:23.9,BUY,5.72e-05,721.76675116
9516698,2017-12-24T16:34:39.937,SELL,5.719e-05,1487.83312679
9516701,2017-12-24T16:34:51.36,SELL,5.719e-05,80.42811412
9516702,2017-12-24T16:34:52.873,SELL,5.719e-05,1472.44962363
9516707,2017-12-24T16:34:59.297,BUY,5.72e-05,516.03395455
9516709,2017-12-24T16:35:00.86,BUY,5.72e-05,219.79702797
9516710,2017-12-24T16:35:09.61,SELL,5.719e-05,1956.48841656
9516714,2017-12-24T16:35:19.3,SELL,5.719e-05,193.93359333
9516715,2017-12-24T16:35:19.3,SELL,5.719e-05,53.22024789
9516716,2017-12-24T16:35:21.41,SELL,5.719e-05,11.77975211
9516717,2017-12-24T16:35:21.41,SELL,5.719e-05,68.22024789
9516724,2017-12-24T16:35:48.007,SELL,5.719e-05,3451.59506055
9516727,2017-12-24T16:36:00.32,SELL,5.719e-05,1549.68021311
9516728,2017-12-24T16:36:00.32,SELL,5.719e-05,406.80820346
9516735,2017-12-24T16:36:16.027,SELL,5.719e-05,4324.30421482
9516736,2017-12-24T16:36:16.027,SELL,5.719e-05,82.9163506
9516739,2017-12-24T16:36:19.933,BUY,5.72e-05,1571.29408493
9516740,2017-12-24T16:36:19.933,BUY,5.72e-05,19.27791739
9516752,2017-12-24T16:36:48.28,SELL,5.72e-05,409.42799768
9516753,2017-12-24T16:36:48.28,SELL,5.72e-05,351.48638835
9516785,2017-12-24T16:38:07.133,SELL,5.725e-05,189.7946513
9516787,2017-12-24T16:38:18.073,BUY,5.77e-05,86.65511265
9516788,2017-12-24T16:38:18.18,SELL,5.725e-05,148.21427839
9516789,2017-12-24T16:38:18.18,SELL,5.72e-05,448.28311052
9516791,2017-12-24T16:38:18.43,BUY,5.77e-05,13.34488735
9516792,2017-12-24T16:38:18.43,BUY,5.77e-05,6.01788112
9516800,2017-12-24T16:39:18.017,SELL,5.725e-05,294.69548133
9516801,2017-12-24T16:39:19.987,SELL,5.725e-05,53.77613439
9516802,2017-12-24T16:39:19.987,SELL,5.72e-05,240.91934694
9516804,2017-12-24T16:39:24.627,SELL,5.72e-05,294.69548133
9516820,2017-12-24T16:40:18.54,SELL,5.721e-05,12.0
9516821,2017-12-24T16:40:18.977,SELL,5.721e-05,100.0
9516834,2017-12-24T16:41:07.483,BUY,5.722e-05,235.0
9516836,2017-12-24T16:41:11.453,BUY,5.725e-05,11.93174269
9516838,2017-12-24T16:41:16.077,BUY,5.725e-05,62.06825731
9516839,2017-12-24T16:41:16.077,BUY,5.725e-05,0.24687189
9516845,2017-12-24T16:41:36.44,BUY,5.725e-05,372.75312811
9516846,2017-12-24T16:41:36.44,BUY,5.725e-05,1000.08187807
9516847,2017-12-24T16:41:36.44,BUY,5.73e-05,727.01698613
9516848,2017-12-24T16:41:36.44,BUY,5.765e-05,1540.14800769
9516860,2017-12-24T16:42:13.367,BUY,5.763e-05,97.0
9516861,2017-12-24T16:42:13.367,BUY,5.765e-05,184.98241039
9516862,2017-12-24T16:42:13.367,BUY,5.765e-05,252.53948089
9516867,2017-12-24T16:42:30.18,BUY,5.765e-05,338.22820154
9516868,2017-12-24T16:42:30.18,BUY,5.77e-05,22.29173827
9516870,2017-12-24T16:42:30.697,BUY,5.77e-05,71.69038061
9516871,2017-12-24T16:42:30.697,BUY,5.781e-05,288.82955919
9516874,2017-12-24T16:43:04.277,BUY,5.78e-05,90.72337319
9516884,2017-12-24T16:43:41.737,BUY,5.779e-05,1731.70596885
9516897,2017-12-24T16:44:48.79,BUY,5.778e-05,54.71780835
9516900,2017-12-24T16:45:19.45,BUY,5.778e-05,45.28219165
9516902,2017-12-24T16:45:26.137,BUY,5.779e-05,120.82615748
9516903,2017-12-24T16:45:28.59,SELL,5.778e-05,14.99
9516904,2017-12-24T16:45:29.263,SELL,5.778e-05,360.5199398
9516908,2017-12-24T16:45:39.123,BUY,5.781e-05,1076.04902291
9516912,2017-12-24T16:45:48.343,BUY,5.781e-05,148.42843638
9516913,2017-12-24T16:45:48.343,BUY,5.781e-05,36.27955026
9516915,2017-12-24T16:45:50.47,SELL,5.778e-05,443.57721734
9516920,2017-12-24T16:46:02.5,BUY,5.781e-05,200.0
9516926,2017-12-24T16:46:25.707,BUY,5.78e-05,1345.16179419
9516927,2017-12-24T16:46:25.707,BUY,5.78e-05,254.83820581
9516930,2017-12-24T16:46:35.85,SELL,5.778e-05,228.17783983
9516934,2017-12-24T16:46:50.96,BUY,5.778e-05,0.00016017
9516935,2017-12-24T16:46:50.96,BUY,5.778e-05,82.9163506
9516938,2017-12-24T16:46:57.977,SELL,5.778e-05,107.65694983
9516940,2017-12-24T16:47:11.587,SELL,5.778e-05,90.72337319
9516945,2017-12-24T16:47:39.17,BUY,5.779e-05,917.11368748
9516951,2017-12-24T16:48:00.937,SELL,5.75e-05,146.66112391
9516952,2017-12-24T16:48:00.937,SELL,5.75e-05,174.955744
9516953,2017-12-24T16:48:00.937,SELL,5.722e-05,36.15869884
9516954,2017-12-24T16:48:00.937,SELL,5.722e-05,3333.1548534
9516955,2017-12-24T16:48:00.937,SELL,5.721e-05,174.38811189
9516956,2017-12-24T16:48:00.937,SELL,5.72e-05,743.94102177
9516967,2017-12-24T16:48:38.55,SELL,5.722e-05,2522.17836412
9516975,2017-12-24T16:48:51.927,SELL,5.722e-05,12499.82068966
9516988,2017-12-24T16:49:25.18,SELL,5.722e-05,821.53036239
9516990,2017-12-24T16:49:28.557,BUY,5.778e-05,17.30702665
9516997,2017-12-24T16:49:39.603,BUY,5.779e-05,50.0
9517000,2017-12-24T16:49:42.213,BUY,5.778e-05,146.99273231
9517004,2017-12-24T16:49:49.387,BUY,5.778e-05,10175.34391781
9517021,2017-12-24T16:50:23.513,BUY,5.778e-05,113.55815554
9517023,2017-12-24T16:50:30.687,SELL,5.723e-05,15.0
9517042,2017-12-24T16:50:43.39,BUY,5.778e-05,1730.10380623
9517060,2017-12-24T16:51:02.847,BUY,5.777e-05,24.310351
9517063,2017-12-24T16:51:06.533,SELL,5.726e-05,5248.59589673
9517092,2017-12-24T16:51:40.71,SELL,5.729e-05,20.0
9517108,2017-12-24T16:51:58.21,SELL,5.729e-05,24.0
9517127,2017-12-24T16:52:44.437,SELL,5.729e-05,78.44139213
9517141,2017-12-24T16:53:17.813,SELL,5.729e-05,21.42762967
9517146,2017-12-24T16:53:24.377,BUY,5.729e-05,449.53717991
9517161,2017-12-24T16:53:56.677,SELL,5.727e-05,15.0
9517166,2017-12-24T16:54:07.46,SELL,5.727e-05,159.14455307
9517167,2017-12-24T16:54:07.46,SELL,5.726e-05,43.56684902
9517168,2017-12-24T16:54:07.46,SELL,5.726e-05,114.06933374
9517169,2017-12-24T16:54:07.46,SELL,5.726e-05,430.17897486
9517175,2017-12-24T16:54:14.773,SELL,5.726e-05,161.48542476
9517176,2017-12-24T16:54:16.13,SELL,5.726e-05,108.33560038
9517187,2017-12-24T16:54:47.073,SELL,5.722e-05,511.83476178
9517188,2017-12-24T16:54:51.353,SELL,5.722e-05,161.48542475
9517193,2017-12-24T16:55:04.293,SELL,5.722e-05,194.44258828
9517194,2017-12-24T16:55:04.76,SELL,5.722e-05,351.48638835
9517198,2017-12-24T16:55:08.59,SELL,5.722e-05,135.49728274
9517202,2017-12-24T16:55:14.84,BUY,5.722e-05,867.67467013
9517203,2017-12-24T16:55:14.84,BUY,5.722e-05,123.8690218
9517204,2017-12-24T16:55:18.763,SELL,5.722e-05,31.6522473
9517211,2017-12-24T16:55:43.093,SELL,5.722e-05,117.68325042
9517215,2017-12-24T16:55:52.86,SELL,5.72e-05,446.76294821
9517217,2017-12-24T16:55:53.33,BUY,5.722e-05,435.81789584
9517220,2017-12-24T16:55:56.313,BUY,5.722e-05,136.10414127
9517232,2017-12-24T16:56:15.487,BUY,5.765e-05,198.59570547
9517237,2017-12-24T16:56:25.457,BUY,5.765e-05,170.16184803
9517241,2017-12-24T16:56:33.003,SELL,5.765e-05,35.77440609
9517255,2017-12-24T16:57:08.46,BUY,5.763e-05,140.81984976
9517294,2017-12-24T16:58:19.03,BUY,5.763e-05,270.24976167
9517297,2017-12-24T16:58:25.327,BUY,5.763e-05,103.85280941
9517312,2017-12-24T16:59:00.19,SELL,5.722e-05,50.0
9517313,2017-12-24T16:59:00.19,SELL,5.722e-05,221.15869884
9517315,2017-12-24T16:59:12.677,SELL,5.722e-05,214.30940688
9517316,2017-12-24T16:59:12.677,SELL,5.72e-05,440.94489192
9517317,2017-12-24T16:59:12.677,SELL,5.72e-05,200.0
9517318,2017-12-24T16:59:12.677,SELL,5.72e-05,203.8992889
9517319,2017-12-24T16:59:12.677,SELL,5.72e-05,670.95021853
9517324,2017-12-24T16:59:19.177,BUY,5.728e-05,777.40734326
9517330,2017-12-24T16:59:37.523,BUY,5.761e-05,70.0
9517333,2017-12-24T16:59:47.743,SELL,5.761e-05,100.48542518
9517336,2017-12-24T16:59:53.04,BUY,5.763e-05,49.36428553
9517337,2017-12-24T16:59:53.04,BUY,5.763e-05,97.41210938
9517342,2017-12-24T17:00:02.62,BUY,5.764e-05,846.43005957
9517343,2017-12-24T17:00:02.62,BUY,5.765e-05,116.22765001
9517344,2017-12-24T17:00:06.337,SELL,5.722e-05,14.92232369
9517353,2017-12-24T17:00:25.637,SELL,5.721e-05,17.43271583
9517354,2017-12-24T17:00:25.637,SELL,5.721e-05,174.35871952
9517355,2017-12-24T17:00:25.637,SELL,5.72e-05,113.01198604
9517386,2017-12-24T17:02:04.85,SELL,5.72e-05,417.71862431
9517400,2017-12-24T17:02:42.087,BUY,5.74e-05,438.4208872
9517406,2017-12-24T17:02:57.777,BUY,5.735e-05,35.0
9517407,2017-12-24T17:02:57.777,BUY,5.74e-05,351.57798013
9517414,2017-12-24T17:03:15.713,BUY,5.74e-05,100.0
9517416,2017-12-24T17:03:22.573,BUY,5.74e-05,98.87826622
9517417,2017-12-24T17:03:22.573,BUY,5.74e-05,3.68466443
9517429,2017-12-24T17:04:04.063,BUY,5.74e-05,8.3959998
9517431,2017-12-24T17:04:09.097,BUY,5.75e-05,21.87937675
9517432,2017-12-24T17:04:09.097,BUY,5.763e-05,0.17227542
9517439,2017-12-24T17:04:29.643,SELL,5.74e-05,14.25208382
9517453,2017-12-24T17:05:01.88,BUY,5.74e-05,661.95378279
9517455,2017-12-24T17:05:05.46,BUY,5.74e-05,23.79413339
9517456,2017-12-24T17:05:05.46,BUY,5.74e-05,50.48542518
9517463,2017-12-24T17:05:16.07,BUY,5.763e-05,99.82772458
9517464,2017-12-24T17:05:16.07,BUY,5.764e-05,258.59630555
9517468,2017-12-24T17:05:21.54,BUY,5.764e-05,444.95834494
9517490,2017-12-24T17:05:55.2,BUY,5.764e-05,142.87540909
9517491,2017-12-24T17:05:55.2,BUY,5.764e-05,240.18801916
9517495,2017-12-24T17:06:03.887,BUY,5.768e-05,2751.691801
9517509,2017-12-24T17:06:22.827,SELL,5.764e-05,372.2381599
9517524,2017-12-24T17:06:41.187,BUY,5.769e-05,45.0
9517542,2017-12-24T17:07:06.597,BUY,5.768e-05,3376.31947704
9517547,2017-12-24T17:07:14.753,SELL,5.768e-05,358.42403013
9517549,2017-12-24T17:07:14.957,BUY,5.769e-05,33.60476269
9517550,2017-12-24T17:07:14.957,BUY,5.769e-05,2704.83981748
9517556,2017-12-24T17:07:20.19,BUY,5.769e-05,795.16018252
9517562,2017-12-24T17:07:27.41,SELL,5.769e-05,255.48482914
9517563,2017-12-24T17:07:27.41,SELL,5.769e-05,22.60116254
9517572,2017-12-24T17:07:42.88,SELL,5.77e-05,1053.89922075
9517573,2017-12-24T17:07:42.88,SELL,5.769e-05,364.88234287
9517577,2017-12-24T17:07:52.973,SELL,5.769e-05,47.63610316
9517584,2017-12-24T17:08:20.51,SELL,5.769e-05,331.56274949
9517585,2017-12-24T17:08:20.51,SELL,5.769e-05,61.98271871
9517588,2017-12-24T17:08:22.523,BUY,5.769e-05,92.97401322
9517591,2017-12-24T17:08:25.197,BUY,5.769e-05,38.48051858
9517592,2017-12-24T17:08:25.197,BUY,5.771e-05,2.56623207
9517596,2017-12-24T17:08:38.18,BUY,5.769e-05,100.0
9517597,2017-12-24T17:08:38.18,BUY,5.771e-05,149.41365949
9517601,2017-12-24T17:08:42.307,BUY,5.771e-05,308.20648114
9517612,2017-12-24T17:09:16.403,BUY,5.792e-05,100.0
9517619,2017-12-24T17:09:25.403,BUY,5.794e-05,34.71519893
9517620,2017-12-24T17:09:25.403,BUY,5.794e-05,100.0
9517621,2017-12-24T17:09:25.403,BUY,5.796e-05,219.24533743
9517622,2017-12-24T17:09:25.403,BUY,5.796e-05,100.0
9517641,2017-12-24T17:09:55.797,BUY,5.799e-05,700.0
9517642,2017-12-24T17:09:55.797,BUY,5.799e-05,100.0
9517643,2017-12-24T17:09:55.797,BUY,5.8e-05,66.93872675
9517644,2017-12-24T17:09:55.797,BUY,5.8e-05,974.19796107
9517645,2017-12-24T17:09:55.797,BUY,5.8e-05,775.5830006
9517656,2017-12-24T17:10:11.847,SELL,5.794e-05,76.18991422
9517663,2017-12-24T17:10:24.207,BUY,5.799e-05,2220.35251526
9517665,2017-12-24T17:10:28.253,SELL,5.794e-05,100.0
9517667,2017-12-24T17:10:30.58,BUY,5.799e-05,454.31205569
9517671,2017-12-24T17:10:40.207,SELL,5.799e-05,509.64415139
9517686,2017-12-24T17:11:09.413,SELL,5.794e-05,4.14927114
9517688,2017-12-24T17:11:09.443,BUY,5.794e-05,1248.19513966
9517693,2017-12-24T17:11:20.243,BUY,5.794e-05,334.59572898
9517697,2017-12-24T17:11:23.68,SELL,5.796e-05,33.32164152
9517701,2017-12-24T17:11:26.103,SELL,5.796e-05,26.27430373
9517711,2017-12-24T17:11:41.383,BUY,5.798e-05,1246.60471601
9517712,2017-12-24T17:11:41.383,BUY,5.799e-05,16.230002
9517713,2017-12-24T17:11:41.383,BUY,5.799e-05,1217.10915928
9517718,2017-12-24T17:11:42.79,BUY,5.8e-05,564.27267931
9517721,2017-12-24T17:11:51.887,SELL,5.799e-05,6.0739344
9517728,2017-12-24T17:12:02.31,SELL,5.797e-05,1999.38970927
9517729,2017-12-24T17:12:02.31,SELL,5.768e-05,19.82837635
9517738,2017-12-24T17:12:11.59,SELL,5.725e-05,348.84422132
9517766,2017-12-24T17:12:51.36,SELL,5.724e-05,3878.60156374
9517775,2017-12-24T17:13:07.047,BUY,5.724e-05,741.0
9517776,2017-12-24T17:13:07.047,BUY,5.724e-05,12.23478304
9517778,2017-12-24T17:13:11.673,SELL,5.724e-05,15.55122494
9517780,2017-12-24T17:13:13.347,SELL,5.724e-05,1835.26777434
9517816,2017-12-24T17:14:15.6,BUY,5.798e-05,30.0
9517827,2017-12-24T17:14:27.74,BUY,5.799e-05,111.79733574
9517829,2017-12-24T17:14:30.477,BUY,5.799e-05,210.0
9517830,2017-12-24T17:14:35.71,SELL,5.731e-05,19.0
9517849,2017-12-24T17:14:53.133,SELL,5.732e-05,76.71300701
9517853,2017-12-24T17:14:58.493,SELL,5.733e-05,43.36956522
9517883,2017-12-24T17:15:41.06,SELL,5.731e-05,240.0
9517885,2017-12-24T17:15:41.577,BUY,5.733e-05,591.10204603
9517892,2017-12-24T17:15:47.92,BUY,5.733e-05,821.56895534
9517893,2017-12-24T17:15:47.92,BUY,5.733e-05,26.0
9517928,2017-12-24T17:16:59.253,BUY,5.794e-05,139.08257223
9517929,2017-12-24T17:16:59.253,BUY,5.795e-05,2001.32538679
9517949,2017-12-24T17:17:43.74,BUY,5.799e-05,643.26021081
9517951,2017-12-24T17:17:47.833,BUY,5.799e-05,665.27780005
9517958,2017-12-24T17:17:58.6,SELL,5.796e-05,253.31366459
9517959,2017-12-24T17:17:58.6,SELL,5.795e-05,265.09894375
9517969,2017-12-24T17:18:11.807,SELL,5.735e-05,63.48186573
9517972,2017-12-24T17:18:14.633,BUY,5.735e-05,1169.53694786
9518016,2017-12-24T17:18:56.42,SELL,5.735e-05,671.18419529
9518030,2017-12-24T17:19:33.7,SELL,5.735e-05,100.0
9518035,2017-12-24T17:19:39.203,BUY,5.799e-05,60.35523366
9518041,2017-12-24T17:19:47.187,BUY,5.799e-05,20.0
9518047,2017-12-24T17:19:54.627,BUY,5.798e-05,35.27355406
9518051,2017-12-24T17:19:56.547,BUY,5.798e-05,2000.0
9518064,2017-12-24T17:20:14.033,SELL,5.74e-05,261.50627615
9518065,2017-12-24T17:20:14.033,SELL,5.739e-05,515.55533539
9518066,2017-12-24T17:20:14.033,SELL,5.735e-05,1436.53703381
9518085,2017-12-24T17:20:32.66,SELL,5.735e-05,1202.72423526
9518086,2017-12-24T17:20:32.66,SELL,5.735e-05,192.63332293
9518091,2017-12-24T17:20:38.487,SELL,5.735e-05,45.0
9518093,2017-12-24T17:20:42.27,SELL,5.735e-05,378.46148661
9518094,2017-12-24T17:20:42.27,SELL,5.735e-05,2066.27267924
9518110,2017-12-24T17:21:09.803,BUY,5.734e-05,261.50627615
9518111,2017-12-24T17:21:09.803,BUY,5.735e-05,2296.32782212
9518119,2017-12-24T17:21:20.227,SELL,5.733e-05,18.26923077
9518120,2017-12-24T17:21:20.227,SELL,5.733e-05,900.0
9518121,2017-12-24T17:21:20.227,SELL,5.731e-05,2631.47859941
9518132,2017-12-24T17:21:40.727,BUY,5.735e-05,50.0
9518139,2017-12-24T17:21:54.21,BUY,5.733e-05,2382.61889319
9518140,2017-12-24T17:21:55.133,SELL,5.731e-05,900.0
9518142,2017-12-24T17:21:58.76,BUY,5.733e-05,172.49457002
9518148,2017-12-24T17:22:02.383,BUY,5.733e-05,302.23344815
9518159,2017-12-24T17:22:26.073,SELL,5.731e-05,41.04675065
9518161,2017-12-24T17:22:26.45,BUY,5.795e-05,11.5229885
9518172,2017-12-24T17:22:44.433,SELL,5.732e-05,2382.61889319
9518179,2017-12-24T17:23:03.92,BUY,5.732e-05,12.00714194
9518184,2017-12-24T17:23:09.717,SELL,5.731e-05,499.46047855
9518186,2017-12-24T17:23:09.75,SELL,5.731e-05,478.44863313
9518187,2017-12-24T17:23:09.75,SELL,5.731e-05,68.81844922
9518188,2017-12-24T17:23:09.75,SELL,5.725e-05,15.0
9518191,2017-12-24T17:23:13.2,BUY,5.725e-05,488.37792931
9518192,2017-12-24T17:23:13.2,BUY,5.732e-05,886.41258916
9518200,2017-12-24T17:23:21.78,SELL,5.725e-05,3330.52533247
9518205,2017-12-24T17:23:31.61,SELL,5.725e-05,136.04150395
9518215,2017-12-24T17:23:53.063,SELL,5.727e-05,1905.74325869
9518221,2017-12-24T17:23:57.69,BUY,5.732e-05,553.93592552
9518223,2017-12-24T17:23:59.86,SELL,5.733e-05,23.0139021
9518233,2017-12-24T17:24:15.627,BUY,5.732e-05,51.78127973
9518234,2017-12-24T17:24:15.627,BUY,5.799e-05,299.80793141
9518239,2017-12-24T17:24:24.067,BUY,5.8e-05,25.86207
9518256,2017-12-24T17:25:08.57,BUY,5.79e-05,68.81844922
9518257,2017-12-24T17:25:08.57,BUY,5.791e-05,10533.99993302
9518258,2017-12-24T17:25:08.57,BUY,5.792e-05,860.27369066
9518259,2017-12-24T17:25:08.57,BUY,5.794e-05,18.5109613
9518260,2017-12-24T17:25:08.57,BUY,5.794e-05,100.46317957
9518267,2017-12-24T17:25:17.337,BUY,5.729e-05,15.0
9518276,2017-12-24T17:25:30.51,BUY,5.729e-05,1233.19513966
9518313,2017-12-24T17:27:10.39,SELL,5.731e-05,12.00714194
9518316,2017-12-24T17:27:17.797,SELL,5.732e-05,261.7344268
9518332,2017-12-24T17:27:48.64,SELL,5.73e-05,351.58921114
9518335,2017-12-24T17:27:50.347,SELL,5.73e-05,648.41078886
9518336,2017-12-24T17:27:50.347,SELL,5.729e-05,69.19237958
9518337,2017-12-24T17:27:50.347,SELL,5.729e-05,139.31564246
9518338,2017-12-24T17:27:50.347,SELL,5.726e-05,2473.60652157
9517620,2017-12-24T17:09:25.403,BUY,5.794e-05,100.0
9517621,2017-12-24T17:09:25.403,BUY,5.796e-05,219.24533743
9517622,2017-12-24T17:09:25.403,BUY,5.796e-05,100.0
9517641,2017-12-24T17:09:55.797,BUY,5.799e-05,700.0
9517642,2017-12-24T17:09:55.797,BUY,5.799e-05,100.0
9517643,2017-12-24T17:09:55.797,BUY,5.8e-05,66.93872675
9517644,2017-12-24T17:09:55.797,BUY,5.8e-05,974.19796107
9517645,2017-12-24T17:09:55.797,BUY,5.8e-05,775.5830006
9517656,2017-12-24T17:10:11.847,SELL,5.794e-05,76.18991422
9517663,2017-12-24T17:10:24.207,BUY,5.799e-05,2220.35251526
9517665,2017-12-24T17:10:28.253,SELL,5.794e-05,100.0
9517667,2017-12-24T17:10:30.58,BUY,5.799e-05,454.31205569
9517671,2017-12-24T17:10:40.207,SELL,5.799e-05,509.64415139
9517686,2017-12-24T17:11:09.413,SELL,5.794e-05,4.14927114
9517688,2017-12-24T17:11:09.443,BUY,5.794e-05,1248.19513966
9517693,2017-12-24T17:11:20.243,BUY,5.794e-05,334.59572898
9517697,2017-12-24T17:11:23.68,SELL,5.796e-05,33.32164152
9517701,2017-12-24T17:11:26.103,SELL,5.796e-05,26.27430373
9517711,2017-12-24T17:11:41.383,BUY,5.798e-05,1246.60471601
9517712,2017-12-24T17:11:41.383,BUY,5.799e-05,16.230002
9517713,2017-12-24T17:11:41.383,BUY,5.799e-05,1217.10915928
9517718,2017-12-24T17:11:42.79,BUY,5.8e-05,564.27267931
9517721,2017-12-24T17:11:51.887,SELL,5.799e-05,6.0739344
9517728,2017-12-24T17:12:02.31,SELL,5.797e-05,1999.38970927
9517729,2017-12-24T17:12:02.31,SELL,5.768e-05,19.82837635
9517738,2017-12-24T17:12:11.59,SELL,5.725e-05,348.84422132
9517766,2017-12-24T17:12:51.36,SELL,5.724e-05,3878.60156374
9517775,2017-12-24T17:13:07.047,BUY,5.724e-05,741.0
9517776,2017-12-24T17:13:07.047,BUY,5.724e-05,12.23478304
9517778,2017-12-24T17:13:11.673,SELL,5.724e-05,15.55122494
9517780,2017-12-24T17:13:13.347,SELL,5.724e-05,1835.26777434
9517816,2017-12-24T17:14:15.6,BUY,5.798e-05,30.0
9517827,2017-12-24T17:14:27.74,BUY,5.799e-05,111.79733574
9517829,2017-12-24T17:14:30.477,BUY,5.799e-05,210.0
9517830,2017-12-24T17:14:35.71,SELL,5.731e-05,19.0
9517849,2017-12-24T17:14:53.133,SELL,5.732e-05,76.71300701
9517853,2017-12-24T17:14:58.493,SELL,5.733e-05,43.36956522
9517883,2017-12-24T17:15:41.06,SELL,5.731e-05,240.0
9517885,2017-12-24T17:15:41.577,BUY,5.733e-05,591.10204603
9517892,2017-12-24T17:15:47.92,BUY,5.733e-05,821.56895534
9517893,2017-12-24T17:15:47.92,BUY,5.733e-05,26.0
9517928,2017-12-24T17:16:59.253,BUY,5.794e-05,139.08257223
9517929,2017-12-24T17:16:59.253,BUY,5.795e-05,2001.32538679
9517949,2017-12-24T17:17:43.74,BUY,5.799e-05,643.26021081
9517951,2017-12-24T17:17:47.833,BUY,5.799e-05,665.27780005
9517958,2017-12-24T17:17:58.6,SELL,5.796e-05,253.31366459
9517959,2017-12-24T17:17:58.6,SELL,5.795e-05,265.09894375
9517969,2017-12-24T17:18:11.807,SELL,5.735e-05,63.48186573
9517972,2017-12-24T17:18:14.633,BUY,5.735e-05,1169.53694786
9518016,2017-12-24T17:18:56.42,SELL,5.735e-05,671.18419529
9518030,2017-12-24T17:19:33.7,SELL,5.735e-05,100.0
9518035,2017-12-24T17:19:39.203,BUY,5.799e-05,60.35523366
9518041,2017-12-24T17:19:47.187,BUY,5.799e-05,20.0
9518047,2017-12-24T17:19:54.627,BUY,5.798e-05,35.27355406
9518051,2017-12-24T17:19:56.547,BUY,5.798e-05,2000.0
9518064,2017-12-24T17:20:14.033,SELL,5.74e-05,261.50627615
9518065,2017-12-24T17:20:14.033,SELL,5.739e-05,515.55533539
9518066,2017-12-24T17:20:14.033,SELL,5.735e-05,1436.53703381
9518085,2017-12-24T17:20:32.66,SELL,5.735e-05,1202.72423526
9518086,2017-12-24T17:20:32.66,SELL,5.735e-05,192.63332293
9518091,2017-12-24T17:20:38.487,SELL,5.735e-05,45.0
9518093,2017-12-24T17:20:42.27,SELL,5.735e-05,378.46148661
9518094,2017-12-24T17:20:42.27,SELL,5.735e-05,2066.27267924
9518110,2017-12-24T17:21:09.803,BUY,5.734e-05,261.50627615
9518111,2017-12-24T17:21:09.803,BUY,5.735e-05,2296.32782212
9518119,2017-12-24T17:21:20.227,SELL,5.733e-05,18.26923077
9518120,2017-12-24T17:21:20.227,SELL,5.733e-05,900.0
9518121,2017-12-24T17:21:20.227,SELL,5.731e-05,2631.47859941
9518132,2017-12-24T17:21:40.727,BUY,5.735e-05,50.0
9518139,2017-12-24T17:21:54.21,BUY,5.733e-05,2382.61889319
9518140,2017-12-24T17:21:55.133,SELL,5.731e-05,900.0
9518142,2017-12-24T17:21:58.76,BUY,5.733e-05,172.49457002
9518148,2017-12-24T17:22:02.383,BUY,5.733e-05,302.23344815
9518159,2017-12-24T17:22:26.073,SELL,5.731e-05,41.04675065
9518161,2017-12-24T17:22:26.45,BUY,5.795e-05,11.5229885
9518172,2017-12-24T17:22:44.433,SELL,5.732e-05,2382.61889319
9518179,2017-12-24T17:23:03.92,BUY,5.732e-05,12.00714194
9518184,2017-12-24T17:23:09.717,SELL,5.731e-05,499.46047855
9518186,2017-12-24T17:23:09.75,SELL,5.731e-05,478.44863313
9518187,2017-12-24T17:23:09.75,SELL,5.731e-05,68.81844922
9518188,2017-12-24T17:23:09.75,SELL,5.725e-05,15.0
9518191,2017-12-24T17:23:13.2,BUY,5.725e-05,488.37792931
9518192,2017-12-24T17:23:13.2,BUY,5.732e-05,886.41258916
9518200,2017-12-24T17:23:21.78,SELL,5.725e-05,3330.52533247
9518205,2017-12-24T17:23:31.61,SELL,5.725e-05,136.04150395
9518215,2017-12-24T17:23:53.063,SELL,5.727e-05,1905.74325869
9518221,2017-12-24T17:23:57.69,BUY,5.732e-05,553.93592552
9518223,2017-12-24T17:23:59.86,SELL,5.733e-05,23.0139021
9518233,2017-12-24T17:24:15.627,BUY,5.732e-05,51.78127973
9518234,2017-12-24T17:24:15.627,BUY,5.799e-05,299.80793141
9518239,2017-12-24T17:24:24.067,BUY,5.8e-05,25.86207
9518256,2017-12-24T17:25:08.57,BUY,5.79e-05,68.81844922
9518257,2017-12-24T17:25:08.57,BUY,5.791e-05,10533.99993302
9518258,2017-12-24T17:25:08.57,BUY,5.792e-05,860.27369066
9518259,2017-12-24T17:25:08.57,BUY,5.794e-05,18.5109613
9518260,2017-12-24T17:25:08.57,BUY,5.794e-05,100.46317957
9518267,2017-12-24T17:25:17.337,BUY,5.729e-05,15.0
9518276,2017-12-24T17:25:30.51,BUY,5.729e-05,1233.19513966
9518313,2017-12-24T17:27:10.39,SELL,5.731e-05,12.00714194
9518316,2017-12-24T17:27:17.797,SELL,5.732e-05,261.7344268
9518332,2017-12-24T17:27:48.64,SELL,5.73e-05,351.58921114
9518335,2017-12-24T17:27:50.347,SELL,5.73e-05,648.41078886
9518336,2017-12-24T17:27:50.347,SELL,5.729e-05,69.19237958
9518337,2017-12-24T17:27:50.347,SELL,5.729e-05,139.31564246
9518338,2017-12-24T17:27:50.347,SELL,5.726e-05,2473.60652157
9518347,2017-12-24T17:28:11.847,SELL,5.726e-05,38.8359598
9518353,2017-12-24T17:28:17.457,SELL,5.727e-05,29.12696985
9518354,2017-12-24T17:28:18.52,SELL,5.727e-05,4335.5276172
9518356,2017-12-24T17:28:23.16,SELL,5.727e-05,43.69045478
9518392,2017-12-24T17:29:45.96,SELL,5.73e-05,228.23409949
9518408,2017-12-24T17:30:23.03,SELL,5.732e-05,12.08023948
9518409,2017-12-24T17:30:28.667,SELL,5.732e-05,7.91976052
9518410,2017-12-24T17:30:28.683,SELL,5.73e-05,1521.76590051
9518411,2017-12-24T17:30:28.683,SELL,5.727e-05,75.22663568
9518412,2017-12-24T17:30:28.683,SELL,5.727e-05,20.0
9518413,2017-12-24T17:30:28.683,SELL,5.726e-05,1853.79830855
9518414,2017-12-24T17:30:28.683,SELL,5.724e-05,3494.53865336
9518415,2017-12-24T17:30:28.683,SELL,5.719e-05,923.2801189
9518416,2017-12-24T17:30:28.683,SELL,5.719e-05,317.53890322
9518417,2017-12-24T17:30:28.683,SELL,5.719e-05,534.83723808
9518418,2017-12-24T17:30:28.683,SELL,5.719e-05,100.0
9518419,2017-12-24T17:30:28.683,SELL,5.719e-05,17.44186047
9518425,2017-12-24T17:30:36.84,BUY,5.719e-05,347.48428164
9518432,2017-12-24T17:30:42.263,BUY,5.719e-05,70.0
9518435,2017-12-24T17:30:45.357,BUY,5.719e-05,872.09302326
9518438,2017-12-24T17:30:47.03,BUY,5.719e-05,1508.06680175
9518447,2017-12-24T17:31:15.61,SELL,5.719e-05,25.25753263
9518454,2017-12-24T17:31:26.703,SELL,5.72e-05,2185.41042498
9518455,2017-12-24T17:31:26.703,SELL,5.719e-05,1640.30652526
9518460,2017-12-24T17:31:32.233,SELL,5.721e-05,87.05782607
9518478,2017-12-24T17:32:05.813,SELL,5.724e-05,21.84522739
9518483,2017-12-24T17:32:20.457,SELL,5.724e-05,4241.72359432
9518499,2017-12-24T17:33:14.163,BUY,5.738e-05,33.11258278
9518506,2017-12-24T17:33:46.197,BUY,5.737e-05,26.14606937
9518512,2017-12-24T17:33:51.79,BUY,5.737e-05,214.48291659
9518513,2017-12-24T17:33:51.79,BUY,5.737e-05,75.22663568
9518514,2017-12-24T17:33:51.79,BUY,5.738e-05,8418.55443458
9518519,2017-12-24T17:33:55.65,BUY,5.742e-05,500.0
9518529,2017-12-24T17:34:08.743,SELL,5.742e-05,766.85993132
9518530,2017-12-24T17:34:08.743,SELL,5.741e-05,154.98477287
9518532,2017-12-24T17:34:11.12,BUY,5.741e-05,505.87764796
9518548,2017-12-24T17:34:37.59,BUY,5.741e-05,266.48755325
9518574,2017-12-24T17:35:25.437,SELL,5.741e-05,82.28228624
9518581,2017-12-24T17:35:33.75,SELL,5.741e-05,2177.06599671
9518583,2017-12-24T17:35:39.453,SELL,5.742e-05,266.48755325
9518587,2017-12-24T17:35:54.83,SELL,5.742e-05,424.8170975
9518588,2017-12-24T17:35:54.83,SELL,5.741e-05,228.30270151
9518593,2017-12-24T17:36:10.64,SELL,5.741e-05,314.49345412
9518594,2017-12-24T17:36:10.64,SELL,5.739e-05,130.87824088
9518595,2017-12-24T17:36:10.64,SELL,5.738e-05,869.20529801
9518596,2017-12-24T17:36:10.64,SELL,5.724e-05,4563.50119812
9518616,2017-12-24T17:37:13.067,BUY,5.738e-05,95.6133542
9518631,2017-12-24T17:37:39.897,BUY,5.738e-05,89.10886802
9518649,2017-12-24T17:38:03.413,BUY,5.741e-05,230.88872488
9518658,2017-12-24T17:38:18.43,BUY,5.741e-05,84.94092144
9518659,2017-12-24T17:38:23.743,SELL,5.738e-05,56.48753926
9518660,2017-12-24T17:38:23.743,SELL,5.726e-05,44.29909256
9518669,2017-12-24T17:38:45.167,SELL,5.726e-05,376.98406672
9518681,2017-12-24T17:39:07.247,SELL,5.726e-05,670.27705997
9518682,2017-12-24T17:39:07.247,SELL,5.726e-05,100.82190758
9518710,2017-12-24T17:40:16.53,SELL,5.727e-05,1000.0
9518716,2017-12-24T17:40:40.517,SELL,5.727e-05,43.96031236
9518730,2017-12-24T17:42:53.337,BUY,5.741e-05,74.64226379
9518731,2017-12-24T17:42:53.337,BUY,5.741e-05,72.28804
9518732,2017-12-24T17:42:53.337,BUY,5.741e-05,1649.50979262
9518735,2017-12-24T17:43:14.353,BUY,5.735e-05,856.09480954
9518736,2017-12-24T17:43:14.353,BUY,5.741e-05,350.49020738
9518740,2017-12-24T17:43:20.103,BUY,5.742e-05,68.71717989
9518743,2017-12-24T17:43:25.773,BUY,5.742e-05,1931.28282011
9518744,2017-12-24T17:43:25.773,BUY,5.745e-05,996.11027244
9518750,2017-12-24T17:43:34.057,BUY,5.745e-05,719.86717279
9518761,2017-12-24T17:44:01.76,SELL,5.726e-05,149.17809242
9518772,2017-12-24T17:44:24.683,SELL,5.724e-05,914.57781568
9518785,2017-12-24T17:44:53.483,BUY,5.726e-05,60.71848258
9518791,2017-12-24T17:45:08.78,BUY,5.745e-05,20.14447519
9518796,2017-12-24T17:45:19.11,BUY,5.745e-05,259.91377415
9518815,2017-12-24T17:46:33.91,BUY,5.73e-05,18.72637813
9518818,2017-12-24T17:46:41.91,BUY,5.73e-05,164.90135917
9518821,2017-12-24T17:46:44.707,BUY,5.73e-05,120.49788269
9518825,2017-12-24T17:47:05.66,BUY,5.73e-05,179.98792683
9518833,2017-12-24T17:47:37.443,SELL,5.728e-05,100.0
9518835,2017-12-24T17:48:06.337,SELL,5.724e-05,1141.81842066
9518840,2017-12-24T17:48:54.087,BUY,5.728e-05,100.0
9518841,2017-12-24T17:49:03.15,SELL,5.724e-05,1068.3513705
9518842,2017-12-24T17:49:03.15,SELL,5.724e-05,88.84990648
9518843,2017-12-24T17:49:03.15,SELL,5.724e-05,337.94653827
9518844,2017-12-24T17:49:03.15,SELL,5.724e-05,379.40229788
9518845,2017-12-24T17:49:03.15,SELL,5.721e-05,55.62304798
9518846,2017-12-24T17:49:03.15,SELL,5.72e-05,245.83052857
9518847,2017-12-24T17:49:03.15,SELL,5.719e-05,20.0
9518848,2017-12-24T17:49:03.15,SELL,5.719e-05,1500.0
9518849,2017-12-24T17:49:03.15,SELL,5.719e-05,6303.99631032
9518856,2017-12-24T17:49:20.65,BUY,5.728e-05,67.0
9518867,2017-12-24T17:49:35.683,BUY,5.728e-05,87.29050279
9518869,2017-12-24T17:49:42.73,BUY,5.728e-05,10.67698666
9518870,2017-12-24T17:49:42.73,BUY,5.728e-05,89.32301334
9518873,2017-12-24T17:49:46.31,SELL,5.719e-05,187.61726078
9518875,2017-12-24T17:49:49.073,BUY,5.728e-05,305.19877793
9518879,2017-12-24T17:49:58.013,BUY,5.728e-05,93.1912537
9518885,2017-12-24T17:50:03.247,SELL,5.719e-05,900.0
9518888,2017-12-24T17:50:05.793,BUY,5.728e-05,77.02359017
9518889,2017-12-24T17:50:05.793,BUY,5.728e-05,11.79100262
9518891,2017-12-24T17:50:12.31,SELL,5.72e-05,292.08447059
9518902,2017-12-24T17:50:36.25,BUY,5.728e-05,30.50418994
9518919,2017-12-24T17:51:43.673,SELL,5.721e-05,11.93624922
9518928,2017-12-24T17:51:58.097,BUY,5.721e-05,87.39730816
9518929,2017-12-24T17:51:58.517,SELL,5.72e-05,441.37662835
9518930,2017-12-24T17:51:58.517,SELL,5.719e-05,2137.97119547
9518936,2017-12-24T17:52:13.613,SELL,5.72e-05,100.0
9518937,2017-12-24T17:52:13.613,SELL,5.72e-05,50.0
9518938,2017-12-24T17:52:18.613,SELL,5.72e-05,93.1912537
9518945,2017-12-24T17:52:40.207,SELL,5.72e-05,34.1340319
9518950,2017-12-24T17:52:58.897,SELL,5.72e-05,77.79765
9518951,2017-12-24T17:53:00.21,SELL,5.72e-05,190.53250621
9518967,2017-12-24T17:53:35.21,BUY,5.72e-05,9.46749379
9518983,2017-12-24T17:54:03.663,SELL,5.72e-05,87.41258741
9518984,2017-12-24T17:54:03.663,SELL,5.719e-05,4167.01653486
9518985,2017-12-24T17:54:03.663,SELL,5.718e-05,45745.57087773
9518989,2017-12-24T17:54:14.057,SELL,5.718e-05,2927.39309255
9518990,2017-12-24T17:54:14.15,SELL,5.718e-05,9504.77702585
9518994,2017-12-24T17:54:15.15,BUY,5.719e-05,129.94582474
9518996,2017-12-24T17:54:20.727,SELL,5.718e-05,769.89341903
9518997,2017-12-24T17:54:21.46,SELL,5.718e-05,400.2223473
9519002,2017-12-24T17:54:33.18,SELL,5.718e-05,7578.6322628
9519003,2017-12-24T17:54:33.18,SELL,5.718e-05,64.57917135
9519010,2017-12-24T17:54:47.73,SELL,5.718e-05,17.37923973
9519012,2017-12-24T17:54:52.197,SELL,5.718e-05,5.26614296
9519013,2017-12-24T17:54:52.197,SELL,5.717e-05,650.25255913
9519015,2017-12-24T17:54:55.933,SELL,5.717e-05,719.1978746
9519016,2017-12-24T17:54:55.933,SELL,5.712e-05,201.19725184
9519017,2017-12-24T17:54:55.947,SELL,5.711e-05,113.03808286
9519049,2017-12-24T17:56:02.34,SELL,5.682e-05,893.07042239
9519050,2017-12-24T17:56:02.357,SELL,5.681e-05,1685.79495884
9519055,2017-12-24T17:56:21.403,SELL,5.681e-05,70.05788397
9519062,2017-12-24T17:56:33.547,BUY,5.681e-05,70.41013906
9519064,2017-12-24T17:56:36.64,BUY,5.681e-05,47.52684386
9519066,2017-12-24T17:56:38.373,BUY,5.681e-05,26.40380214
9519068,2017-12-24T17:56:41.937,BUY,5.681e-05,810.80081775
9519073,2017-12-24T17:56:53.483,SELL,5.68e-05,3127.15477642
9519076,2017-12-24T17:56:55.42,BUY,5.701e-05,35.08156463
9519082,2017-12-24T17:57:19.75,SELL,5.68e-05,3000.0
9519088,2017-12-24T17:57:41.503,SELL,5.68e-05,2486.01781169
9519089,2017-12-24T17:57:47.173,SELL,5.68e-05,347.48428164
9519098,2017-12-24T17:58:24.77,SELL,5.68e-05,1377.45155059
9519103,2017-12-24T17:58:42.833,SELL,5.68e-05,24.0
9519108,2017-12-24T17:58:48.52,BUY,5.7e-05,477.9376
9519111,2017-12-24T17:58:55.13,BUY,5.7e-05,13.459425
9519119,2017-12-24T17:59:30.27,SELL,5.68e-05,550.56658366
9519139,2017-12-24T18:01:00.213,SELL,5.681e-05,100.0
9519140,2017-12-24T18:01:00.213,SELL,5.68e-05,250.1713787
9519144,2017-12-24T18:01:24.48,SELL,5.68e-05,100.0
9519145,2017-12-24T18:01:24.76,SELL,5.68e-05,20.0
9519154,2017-12-24T18:02:10.09,SELL,5.68e-05,248.3814741
9519158,2017-12-24T18:02:12.53,BUY,5.7e-05,342.4963906
9519162,2017-12-24T18:02:35.14,BUY,5.7e-05,140.0
9519175,2017-12-24T18:03:27.11,BUY,5.7e-05,26.1065844
9519176,2017-12-24T18:03:27.11,BUY,5.7e-05,43.8934156
9519182,2017-12-24T18:03:50.233,BUY,5.7e-05,93.0
9519187,2017-12-24T18:04:07.72,SELL,5.68e-05,189.19921535
9519204,2017-12-24T18:05:36.927,SELL,5.68e-05,57.48710695
9519207,2017-12-24T18:05:43.083,SELL,5.68e-05,688.25272755
9519209,2017-12-24T18:05:44.787,BUY,5.7e-05,17.54385964
9519225,2017-12-24T18:06:36.587,BUY,5.7e-05,88.02816901
9519226,2017-12-24T18:06:42.413,SELL,5.68e-05,119.08272796
9519233,2017-12-24T18:07:07.413,SELL,5.68e-05,289.41605721
9519243,2017-12-24T18:07:49.15,SELL,5.68e-05,50.81228054
9519244,2017-12-24T18:07:52.04,SELL,5.68e-05,907.59382801
9519251,2017-12-24T18:08:18.463,SELL,5.682e-05,125.25915698
9519260,2017-12-24T18:08:38.153,SELL,5.682e-05,458.14202061
9519269,2017-12-24T18:08:53.153,SELL,5.682e-05,1858.03059959
9519272,2017-12-24T18:09:02.387,SELL,5.682e-05,138.95340909
9519273,2017-12-24T18:09:02.387,SELL,5.681e-05,861.04659091
