33754625,2017-12-25T23:56:28.11,SELL,0.00340173,2.93233149
33754626,2017-12-25T23:56:28.11,SELL,0.00340003,25.06259438
33754642,2017-12-25T23:56:32.017,SELL,0.00340003,10.54240562
33754644,2017-12-25T23:56:33.063,BUY,0.00340003,7.980389
33754647,2017-12-25T23:56:33.437,BUY,0.00340003,8.1
33754651,2017-12-25T23:56:33.687,BUY,0.00340003,8.1
33754655,2017-12-25T23:56:33.78,BUY,0.00340003,4.0
33754660,2017-12-25T23:56:34.127,BUY,0.00340003,2.94115051
33754663,2017-12-25T23:56:34.877,BUY,0.00340003,0.43923736
33754665,2017-12-25T23:56:34.89,BUY,0.00340003,8.1
33754669,2017-12-25T23:56:35.797,SELL,0.00340002,4.01760133
33754677,2017-12-25T23:56:36.5,BUY,0.00340003,0.87847473
33754681,2017-12-25T23:56:37.047,BUY,0.00340003,2.434
33754684,2017-12-25T23:56:38.61,SELL,0.00340002,19.84870034
33754690,2017-12-25T23:56:39.58,BUY,0.00340002,2.97059735
33754691,2017-12-25T23:56:39.58,BUY,0.00340003,3.63345741
33754700,2017-12-25T23:56:42.297,BUY,0.00341501,0.40138214
33754703,2017-12-25T23:56:42.97,SELL,0.00340003,68.45789308
33754712,2017-12-25T23:56:45.97,SELL,0.00340003,2.91573738
33754714,2017-12-25T23:56:46.127,BUY,0.00341501,0.7861953
33754715,2017-12-25T23:56:46.127,BUY,0.00341501,3.67767457
33754721,2017-12-25T23:56:47.83,BUY,0.00341501,6.46423551
33754734,2017-12-25T23:56:51.5,SELL,0.00341501,8.17701005
33754743,2017-12-25T23:56:55.61,BUY,0.00341501,0.87847473
33754745,2017-12-25T23:56:56.237,BUY,0.00341501,0.35640306
33754749,2017-12-25T23:56:58.22,BUY,0.00341501,0.35138989
33754756,2017-12-25T23:57:07.063,SELL,0.00340003,15.0
33754758,2017-12-25T23:57:10.093,BUY,0.00341501,0.58564982
33754762,2017-12-25T23:57:13.313,BUY,0.00341501,4.79082599
33754763,2017-12-25T23:57:13.313,BUY,0.00341501,33.52090698
33754776,2017-12-25T23:57:15.987,SELL,0.00341501,5.33304136
33754796,2017-12-25T23:57:39.72,BUY,0.00341803,0.96194627
33754797,2017-12-25T23:57:39.737,BUY,0.00341803,1.8776852
33754799,2017-12-25T23:57:40.86,BUY,0.00341803,0.5851353
33754801,2017-12-25T23:57:41.017,BUY,0.00341803,0.46811175
33754807,2017-12-25T23:57:45.44,BUY,0.00341803,1.494
33754814,2017-12-25T23:57:46.393,BUY,0.00341803,0.35608816
33754818,2017-12-25T23:57:51.423,SELL,0.00341503,7.48312818
33754827,2017-12-25T23:58:01.27,SELL,0.00341501,0.27896235
33754828,2017-12-25T23:58:01.27,SELL,0.00341501,9.50914358
33754829,2017-12-25T23:58:01.27,SELL,0.00341501,9.77960741
33754830,2017-12-25T23:58:01.27,SELL,0.00341501,0.29282491
33754831,2017-12-25T23:58:01.27,SELL,0.00341501,7.48317054
33754839,2017-12-25T23:58:08.893,BUY,0.00341501,3.57558591
33754843,2017-12-25T23:58:16.8,BUY,0.003415,15.81339946
33754848,2017-12-25T23:58:21.91,SELL,0.00340004,2.91199403
33754849,2017-12-25T23:58:21.91,SELL,0.00340003,19.19437915
33754850,2017-12-25T23:58:21.91,SELL,0.00340003,0.88234515
33754851,2017-12-25T23:58:21.91,SELL,0.00340003,5.0
33754855,2017-12-25T23:58:23.77,BUY,0.00340003,5.35256879
33754857,2017-12-25T23:58:23.987,BUY,0.00340003,56.02827312
33754871,2017-12-25T23:58:47.69,BUY,0.00341499,10.0
33754872,2017-12-25T23:58:47.69,BUY,0.003415,14.18660054
33754873,2017-12-25T23:58:47.69,BUY,0.00341501,2.74028842
33754874,2017-12-25T23:58:47.69,BUY,0.00341503,19.86058061
33754875,2017-12-25T23:58:47.69,BUY,0.00341503,0.63472576
33754876,2017-12-25T23:58:48.457,SELL,0.00341503,3.91682663
33754895,2017-12-25T23:58:59.693,SELL,0.00341503,22.9160685
33754896,2017-12-25T23:58:59.693,SELL,0.00341503,27.43825642
33754905,2017-12-25T23:59:02.787,SELL,0.003415,11.0
33754907,2017-12-25T23:59:06.66,SELL,0.003415,9.9054648
33754928,2017-12-25T23:59:22.71,BUY,0.003415,8.51143561
33754935,2017-12-25T23:59:28.177,SELL,0.00340003,1.96188251
33754942,2017-12-25T23:59:34.32,SELL,0.00340003,15.76138632
33754943,2017-12-25T23:59:35.617,SELL,0.00340003,1.44387367
33754946,2017-12-25T23:59:36.647,BUY,0.003415,2.92825768
33754951,2017-12-25T23:59:38.32,SELL,0.00340004,3.92310922
33754955,2017-12-25T23:59:38.82,BUY,0.003415,2.92825768
33754958,2017-12-25T23:59:39.85,BUY,0.003415,0.29282576
33754967,2017-12-25T23:59:44.397,SELL,0.00340004,2.02668787
33754977,2017-12-25T23:59:50.49,BUY,0.003415,48.91753097
33754978,2017-12-25T23:59:50.49,BUY,0.00341503,61.84480555
33754979,2017-12-25T23:59:50.49,BUY,0.00341503,32.44876348
33754983,2017-12-25T23:59:52.96,SELL,0.00340004,11.35928839
33754984,2017-12-25T23:59:52.977,SELL,0.0034,14.7319642
33754985,2017-12-25T23:59:52.977,SELL,0.0034,1.43124741
33754986,2017-12-25T23:59:53.147,SELL,0.0034,6.16628073
33754989,2017-12-25T23:59:55.007,SELL,0.0034,13.50247186
33754990,2017-12-25T23:59:55.007,SELL,0.0034,11.32210356
33754991,2017-12-25T23:59:55.007,SELL,0.0034,10.0
33754992,2017-12-25T23:59:55.007,SELL,0.0034,12.0
33754993,2017-12-25T23:59:55.007,SELL,0.0034,11.58219451
33754994,2017-12-25T23:59:55.007,SELL,0.00339949,5.93822387
33754995,2017-12-25T23:59:55.007,SELL,0.00339946,1.0
33754996,2017-12-25T23:59:55.007,SELL,0.00339733,3.6581021
33754997,2017-12-25T23:59:55.007,SELL,0.00339502,0.28916639
33754998,2017-12-25T23:59:55.007,SELL,0.00339501,1.0
33754999,2017-12-25T23:59:55.007,SELL,0.003395,100.0
33755000,2017-12-25T23:59:55.007,SELL,0.0033915,0.54014506
33755001,2017-12-25T23:59:55.007,SELL,0.0033915,0.53536486
33755002,2017-12-25T23:59:55.007,SELL,0.0033915,2.64349534
33755003,2017-12-25T23:59:55.007,SELL,0.0033915,1.40938827
33755004,2017-12-25T23:59:55.007,SELL,0.00339005,52.38
33755005,2017-12-25T23:59:55.007,SELL,0.00339001,37.83104104
33755006,2017-12-25T23:59:55.007,SELL,0.00339,7.35619469
33755007,2017-12-25T23:59:55.007,SELL,0.00339,1.0
33755008,2017-12-25T23:59:55.007,SELL,0.00339,0.30005958
33755009,2017-12-25T23:59:55.007,SELL,0.00339,126.44790432
33755010,2017-12-25T23:59:55.523,SELL,0.00339,36.08863184
33755011,2017-12-25T23:59:55.537,SELL,0.00339,3.16666667
33755071,2017-12-26T00:00:10.697,SELL,0.00339002,0.33105532
33755073,2017-12-26T00:00:11.023,SELL,0.00339002,2.07153664
33755085,2017-12-26T00:00:17.773,BUY,0.003415,11.71303074
33755090,2017-12-26T00:00:21.4,BUY,0.003415,1.75695461
33755093,2017-12-26T00:00:22.6,SELL,0.00339003,1.61790153
33755102,2017-12-26T00:00:28.9,SELL,0.00339003,5.0
33755109,2017-12-26T00:00:32.493,SELL,0.00339003,6.85189173
33755111,2017-12-26T00:00:33.807,BUY,0.00339003,10.0
33755113,2017-12-26T00:00:34.68,BUY,0.00339003,10.0
33755115,2017-12-26T00:00:35.26,BUY,0.00339003,9.36098539
33755119,2017-12-26T00:00:36.837,BUY,0.00341494,1.14028567
33755120,2017-12-26T00:00:36.837,BUY,0.00341497,28.40881433
33755122,2017-12-26T00:00:37.46,BUY,0.00341497,65.37144684
33755123,2017-12-26T00:00:37.46,BUY,0.003415,77.67025316
33755131,2017-12-26T00:00:42.04,BUY,0.003415,14.71235113
33755132,2017-12-26T00:00:42.32,SELL,0.00339004,1.27929524
33755134,2017-12-26T00:00:42.96,BUY,0.00339004,2.58427523
33755138,2017-12-26T00:00:44.837,BUY,0.00339004,1.1
33755139,2017-12-26T00:00:45.527,SELL,0.00339003,0.63901461
33755140,2017-12-26T00:00:45.527,SELL,0.00339003,9.39666674
33755144,2017-12-26T00:00:46.133,BUY,0.00339004,1.1
33755146,2017-12-26T00:00:46.93,BUY,0.00339004,11.42559609
33755147,2017-12-26T00:00:46.93,BUY,0.00339004,0.84404492
33755149,2017-12-26T00:00:47.227,BUY,0.003415,36.7192474
33755150,2017-12-26T00:00:47.227,BUY,0.00341503,28.03378944
33755151,2017-12-26T00:00:47.227,BUY,0.00341503,1.44283368
33755152,2017-12-26T00:00:47.227,BUY,0.00342601,51.94
33755153,2017-12-26T00:00:47.227,BUY,0.00342601,0.9129838
33755154,2017-12-26T00:00:47.227,BUY,0.00342602,8.23403519
33755155,2017-12-26T00:00:47.227,BUY,0.00342602,15.73771049
33755157,2017-12-26T00:00:47.837,SELL,0.00342394,14.74926253
33755158,2017-12-26T00:00:48.01,SELL,0.00342394,4.34653747
33755182,2017-12-26T00:00:59.383,SELL,0.00339007,0.29497882
33755183,2017-12-26T00:00:59.383,SELL,0.00339004,9.73635824
33755232,2017-12-26T00:01:08.43,SELL,0.00339013,0.29497359
33755233,2017-12-26T00:01:08.43,SELL,0.0033901,5.57430589
33755243,2017-12-26T00:01:09.9,BUY,0.00342372,4.381161
33755248,2017-12-26T00:01:10.633,BUY,0.00342372,0.33262359
33755251,2017-12-26T00:01:11.133,BUY,0.00342372,0.26856517
33755264,2017-12-26T00:01:12.807,BUY,0.00342371,0.21661984
33755275,2017-12-26T00:01:16.26,SELL,0.00339011,4.98204522
33755276,2017-12-26T00:01:16.26,SELL,0.00339011,0.29497533
33755277,2017-12-26T00:01:16.26,SELL,0.00339011,4.98204522
33755278,2017-12-26T00:01:16.26,SELL,0.00339008,24.1
33755279,2017-12-26T00:01:16.26,SELL,0.00339007,66.60365271
33755283,2017-12-26T00:01:16.883,BUY,0.00342368,9.76673874
33755284,2017-12-26T00:01:16.883,BUY,0.00342393,4.00124924
33755296,2017-12-26T00:01:20.057,BUY,0.00342364,0.49654173
33755306,2017-12-26T00:01:21.12,SELL,0.00339016,2.04868131
33755313,2017-12-26T00:01:26.167,SELL,0.00339016,1.66371152
33755319,2017-12-26T00:01:27.09,BUY,0.00342359,0.3449975
33755321,2017-12-26T00:01:27.29,BUY,0.00342358,0.21907413
33755324,2017-12-26T00:01:28.853,BUY,0.00342355,1.55213958
33755325,2017-12-26T00:01:28.853,BUY,0.00342358,10.32333288
33755331,2017-12-26T00:01:29.637,BUY,0.00342358,0.16133112
33755342,2017-12-26T00:01:33.073,BUY,0.00342358,0.34875964
33755344,2017-12-26T00:01:33.54,BUY,0.00342358,0.35952903
33755348,2017-12-26T00:01:36.62,SELL,0.00339016,1.07208316
33755349,2017-12-26T00:01:36.62,SELL,0.00339016,0.29497098
33755355,2017-12-26T00:01:39.4,BUY,0.00339016,13.05970852
33755362,2017-12-26T00:01:40.167,BUY,0.00339016,5.2317
33755369,2017-12-26T00:01:41.887,BUY,0.00339016,0.99782855
33755372,2017-12-26T00:01:42.37,BUY,0.00342602,2.6724687
33755378,2017-12-26T00:01:44.637,BUY,0.00342601,3.99155286
33755380,2017-12-26T00:01:44.9,BUY,0.00342601,0.47029635
33755390,2017-12-26T00:01:48.31,BUY,0.00342602,0.21297015
33755392,2017-12-26T00:01:48.903,SELL,0.00342601,0.60594394
33755393,2017-12-26T00:01:48.903,SELL,0.00339016,0.39405606
33755395,2017-12-26T00:01:50.467,SELL,0.00339016,3.35735546
33755396,2017-12-26T00:01:50.467,SELL,0.00339016,1.39585026
33755397,2017-12-26T00:01:50.48,SELL,0.00339013,71.36852889
33755399,2017-12-26T00:01:50.7,SELL,0.00339016,1.0
33755406,2017-12-26T00:01:52.23,BUY,0.00342116,0.50854096
33755409,2017-12-26T00:01:53.433,BUY,0.00342113,0.44447497
33755417,2017-12-26T00:01:56.123,BUY,0.00342428,2.91883876
33755455,2017-12-26T00:02:08.263,BUY,0.00342112,0.33232684
33755461,2017-12-26T00:02:09.653,BUY,0.00342112,0.22718291
33755464,2017-12-26T00:02:09.873,BUY,0.00342112,0.16643965
33755491,2017-12-26T00:02:16.327,BUY,0.00342112,0.29230193
33755521,2017-12-26T00:02:22.543,BUY,0.00342292,0.59163229
33755525,2017-12-26T00:02:23.56,BUY,0.00342291,0.5248326
33755538,2017-12-26T00:02:26.763,BUY,0.0034229,5.84299863
33755539,2017-12-26T00:02:26.763,BUY,0.00342291,23.8825674
33755540,2017-12-26T00:02:26.763,BUY,0.00342292,9.77536908
33755541,2017-12-26T00:02:26.763,BUY,0.00342428,0.92926413
33755542,2017-12-26T00:02:26.763,BUY,0.00342601,24.1
33755543,2017-12-26T00:02:26.763,BUY,0.00342602,2.83777835
33755544,2017-12-26T00:02:26.763,BUY,0.00342602,75.63232241
33755575,2017-12-26T00:02:42.687,BUY,0.003426,2.66142951
33755577,2017-12-26T00:02:43.92,BUY,0.003426,21.67827049
33755578,2017-12-26T00:02:43.92,BUY,0.00342601,0.80733935
33755579,2017-12-26T00:02:43.92,BUY,0.00342602,120.20559016
33755580,2017-12-26T00:02:43.937,SELL,0.00342112,0.46662496
33755581,2017-12-26T00:02:43.937,SELL,0.00341504,2.37685571
33755582,2017-12-26T00:02:43.937,SELL,0.00341503,5.0
33755583,2017-12-26T00:02:43.937,SELL,0.00339424,3.33504688
33755584,2017-12-26T00:02:43.937,SELL,0.00339017,5.89452298
33755585,2017-12-26T00:02:43.937,SELL,0.00339016,1.85977697
33755586,2017-12-26T00:02:43.937,SELL,0.00339016,2.44102107
33755591,2017-12-26T00:02:47.2,BUY,0.00342601,1.16753892
33755593,2017-12-26T00:02:47.67,BUY,0.00342598,0.8317518
33755599,2017-12-26T00:02:49.89,BUY,0.00342499,0.23521752
33755617,2017-12-26T00:02:55.373,BUY,0.00342495,4.6117
33755622,2017-12-26T00:02:57.077,BUY,0.00342495,2.64970394
33755645,2017-12-26T00:03:01.717,BUY,0.00342491,24.308
33755646,2017-12-26T00:03:01.717,BUY,0.00342495,3.33504688
33755647,2017-12-26T00:03:01.717,BUY,0.003425,40.78842862
33755648,2017-12-26T00:03:01.717,BUY,0.00342597,5.06765737
33755649,2017-12-26T00:03:01.717,BUY,0.00342602,53.5271251
33755657,2017-12-26T00:03:03.36,SELL,0.00342602,456.8957
33755658,2017-12-26T00:03:03.56,SELL,0.00342602,3.72e-06
33755700,2017-12-26T00:03:09.81,SELL,0.00342558,0.33189416
33755702,2017-12-26T00:03:10.017,BUY,0.00342241,5.84e-06
33755703,2017-12-26T00:03:10.017,BUY,0.00343261,0.22641662
33755727,2017-12-26T00:03:14.67,SELL,0.0033904,5.89900897
33755728,2017-12-26T00:03:14.67,SELL,0.00339039,11.41338904
33755729,2017-12-26T00:03:14.67,SELL,0.00339024,29.24428569
33755730,2017-12-26T00:03:14.67,SELL,0.0033902,24.1
33755731,2017-12-26T00:03:14.67,SELL,0.00339016,30.89650316
33755732,2017-12-26T00:03:14.67,SELL,0.00339013,12.28151364
33755733,2017-12-26T00:03:14.67,SELL,0.00339007,17.04787179
33755734,2017-12-26T00:03:14.67,SELL,0.00339004,1.62540546
33755735,2017-12-26T00:03:14.687,SELL,0.00339004,4.46381273
33755736,2017-12-26T00:03:14.687,SELL,0.00339004,13.73517392
33755737,2017-12-26T00:03:14.687,SELL,0.00339003,0.60333326
33755738,2017-12-26T00:03:14.687,SELL,0.00339,34.29679717
33755739,2017-12-26T00:03:14.687,SELL,0.00339,2.13624524
33755753,2017-12-26T00:03:17.437,BUY,0.0034326,0.46506303
33755771,2017-12-26T00:03:20.61,BUY,0.00343256,0.58996903
33755775,2017-12-26T00:03:21.123,BUY,0.00343256,0.52335713
33755781,2017-12-26T00:03:22.75,BUY,0.00343255,22.3393
33755782,2017-12-26T00:03:22.75,BUY,0.00343256,4.32061978
33755783,2017-12-26T00:03:22.75,BUY,0.00343263,2.28
33755784,2017-12-26T00:03:22.75,BUY,0.00343888,43.713
33755785,2017-12-26T00:03:22.75,BUY,0.0034389,2.91
33755786,2017-12-26T00:03:22.75,BUY,0.003439,9.08998343
33755787,2017-12-26T00:03:22.75,BUY,0.00343998,29.62623078
33755788,2017-12-26T00:03:22.75,BUY,0.00343999,28.38686601
33755800,2017-12-26T00:03:24.927,BUY,0.00343251,2.65594405
33755880,2017-12-26T00:03:40.24,BUY,0.0034324,11.41338904
33755881,2017-12-26T00:03:40.24,BUY,0.00343997,49.275
33755882,2017-12-26T00:03:40.24,BUY,0.00343998,25.9841
33755883,2017-12-26T00:03:40.24,BUY,0.00343999,36.37
33755884,2017-12-26T00:03:40.24,BUY,0.00344,19.27071096
33755896,2017-12-26T00:03:42.753,BUY,0.00344,2.65379523
33755901,2017-12-26T00:03:44.753,BUY,0.00343999,1.16279408
33755906,2017-12-26T00:03:45.253,BUY,0.00343999,0.82837159
33755986,2017-12-26T00:03:57.503,BUY,0.00343991,0.29215833
33755987,2017-12-26T00:03:57.503,BUY,0.00343992,2.34602221
33756043,2017-12-26T00:04:06.083,BUY,0.00343988,0.69087982
33756045,2017-12-26T00:04:06.083,BUY,0.00343988,24.16662018
33756046,2017-12-26T00:04:06.083,BUY,0.00343989,25.1261
33756047,2017-12-26T00:04:06.083,BUY,0.00343989,67.23290337
33756048,2017-12-26T00:04:06.083,BUY,0.0034399,25.97187645
33756066,2017-12-26T00:04:08.817,SELL,0.00343251,1.1
33756068,2017-12-26T00:04:09.147,SELL,0.00343251,0.87516702
33756265,2017-12-26T00:04:42.91,BUY,0.00343248,23.9143
33756266,2017-12-26T00:04:42.927,BUY,0.00343249,1.7
33756267,2017-12-26T00:04:42.927,BUY,0.00343251,0.22483298
33756268,2017-12-26T00:04:42.927,BUY,0.00343251,1.1
33756269,2017-12-26T00:04:42.927,BUY,0.00343251,7.33360174
33756270,2017-12-26T00:04:42.927,BUY,0.00343996,50.0
33756271,2017-12-26T00:04:42.927,BUY,0.00343996,12.44291137
33756272,2017-12-26T00:04:42.927,BUY,0.00344,102.75625391
33756287,2017-12-26T00:04:48.88,SELL,0.0034295,1.0
33756313,2017-12-26T00:05:01.07,SELL,0.0034295,0.1046
33756314,2017-12-26T00:05:01.07,SELL,0.00342602,6.15984082
33756317,2017-12-26T00:05:02.52,BUY,0.0034295,0.16525048
33756331,2017-12-26T00:05:05.913,BUY,0.00342949,23.6097
33756332,2017-12-26T00:05:05.913,BUY,0.0034295,1.93474952
33756341,2017-12-26T00:05:08.413,SELL,0.0034295,9.0
33756345,2017-12-26T00:05:10.257,SELL,0.0034295,7.0
33756347,2017-12-26T00:05:10.71,SELL,0.0034295,0.02823634
33756349,2017-12-26T00:05:12.43,SELL,0.00342602,0.05581833
33756350,2017-12-26T00:05:12.43,SELL,0.00342602,5.1344048
33756351,2017-12-26T00:05:12.43,SELL,0.00341655,0.44109835
33756352,2017-12-26T00:05:12.43,SELL,0.00341655,1.36867852
33756354,2017-12-26T00:05:12.583,BUY,0.0034295,0.23254032
33756364,2017-12-26T00:05:15.13,BUY,0.00342949,0.29524798
33756378,2017-12-26T00:05:20.257,BUY,0.00342949,23.01075202
33756379,2017-12-26T00:05:20.257,BUY,0.0034295,6.98924798
33756391,2017-12-26T00:05:24.867,BUY,0.0034295,2.66506816
33756397,2017-12-26T00:05:28.897,SELL,0.00342607,0.87808133
33756398,2017-12-26T00:05:28.897,SELL,0.0034166,0.00103867
33756404,2017-12-26T00:05:30.413,SELL,0.00342428,1.08480711
33756405,2017-12-26T00:05:30.413,SELL,0.0034166,1.46243022
33756406,2017-12-26T00:05:30.413,SELL,0.00341655,6.76789564
33756407,2017-12-26T00:05:30.413,SELL,0.00341655,0.68486703
33756439,2017-12-26T00:05:39.24,SELL,0.00341663,3.34362201
33756440,2017-12-26T00:05:39.24,SELL,0.0034166,90.85529557
33756498,2017-12-26T00:05:57.71,BUY,0.00343247,5.6374505
33756502,2017-12-26T00:05:58.43,BUY,0.00343247,0.16561252
33756517,2017-12-26T00:06:04.96,BUY,0.0034324,0.232541
33756525,2017-12-26T00:06:07.51,BUY,0.00343239,0.29499853
33756537,2017-12-26T00:06:10.743,BUY,0.00343239,22.73960147
33756596,2017-12-26T00:06:22.633,SELL,0.00342597,1.0
33756620,2017-12-26T00:06:25.743,BUY,0.00343234,22.94100332
33756647,2017-12-26T00:06:31.447,BUY,0.00343234,0.05749668
33756663,2017-12-26T00:06:34.667,SELL,0.00343234,0.4795
33756665,2017-12-26T00:06:34.853,SELL,0.00343234,1.306e-05
33756697,2017-12-26T00:06:40.68,BUY,0.00343234,7.61725508
33756699,2017-12-26T00:06:41.027,SELL,0.00342597,6.0
33756768,2017-12-26T00:06:52.743,BUY,0.00343234,15.20952535
33756807,2017-12-26T00:07:02.23,BUY,0.00343233,0.24580315
33756809,2017-12-26T00:07:02.243,BUY,0.00343233,8.71854187
33756814,2017-12-26T00:07:07.37,BUY,0.00343233,4.85231026
33756816,2017-12-26T00:07:07.73,BUY,0.00343233,0.24007598
33756825,2017-12-26T00:07:10.167,BUY,0.00343233,0.21208042
33756829,2017-12-26T00:07:10.637,BUY,0.00343233,0.18020994
33756831,2017-12-26T00:07:10.853,BUY,0.00343233,0.16677301
33756851,2017-12-26T00:07:15.48,BUY,0.00343233,8.32400537
33756852,2017-12-26T00:07:15.48,BUY,0.00343234,23.5680115
33756853,2017-12-26T00:07:15.48,BUY,0.00343235,68.25509046
33756854,2017-12-26T00:07:15.48,BUY,0.00343235,0.85289267
33756865,2017-12-26T00:07:18.84,SELL,0.00343233,10.0
33756877,2017-12-26T00:07:20.45,SELL,0.00343233,9.0
33756884,2017-12-26T00:07:21.9,BUY,0.00343234,13.09906532
33756885,2017-12-26T00:07:21.963,SELL,0.00343233,70.62029774
33756886,2017-12-26T00:07:21.963,SELL,0.00343233,30.79357047
33756887,2017-12-26T00:07:21.963,SELL,0.00343233,2.03943094
33756889,2017-12-26T00:07:22.307,SELL,0.00342597,0.06983639
33756890,2017-12-26T00:07:22.307,SELL,0.00341664,8.93016361
33756908,2017-12-26T00:07:26.23,BUY,0.0034292,22.7858
33756909,2017-12-26T00:07:26.23,BUY,0.00343232,22.7843
33756910,2017-12-26T00:07:26.23,BUY,0.00343233,1.8
33756911,2017-12-26T00:07:26.23,BUY,0.00343235,10.72930184
33756917,2017-12-26T00:07:26.807,SELL,0.00343235,2.40259196
33756924,2017-12-26T00:07:27.887,SELL,0.00343235,56.1326154
33756925,2017-12-26T00:07:27.887,SELL,0.00343235,0.29061722
33756926,2017-12-26T00:07:27.887,SELL,0.00342921,0.31227601
33756927,2017-12-26T00:07:27.887,SELL,0.00341666,14.59758946
33756928,2017-12-26T00:07:27.887,SELL,0.00341665,5.25121568
33756929,2017-12-26T00:07:27.887,SELL,0.00341664,1.17408128
33756930,2017-12-26T00:07:27.887,SELL,0.00341663,10.25123261
33756931,2017-12-26T00:07:27.887,SELL,0.0034166,1.61067008
33756941,2017-12-26T00:07:29.307,BUY,0.00343239,0.6132065
33756948,2017-12-26T00:07:29.84,BUY,0.00343239,0.3915639
33756975,2017-12-26T00:07:33.853,SELL,0.00343233,0.60610027
33756976,2017-12-26T00:07:33.853,SELL,0.0034292,1.39389973
33756978,2017-12-26T00:07:33.98,SELL,0.0034292,5.92548406
33756989,2017-12-26T00:07:42.043,BUY,0.00343239,0.32118728
33756991,2017-12-26T00:07:42.247,BUY,0.00343239,0.24032525
33756995,2017-12-26T00:07:42.717,BUY,0.00343239,0.3823837
33757007,2017-12-26T00:07:44.543,BUY,0.00343239,0.32208753
33757011,2017-12-26T00:07:45.963,BUY,0.00343239,0.37361139
33757014,2017-12-26T00:07:47.137,BUY,0.00343239,0.3255982
33757020,2017-12-26T00:07:47.7,BUY,0.00343239,0.29378655
33757025,2017-12-26T00:07:48.137,BUY,0.00343239,18.8388497
33757029,2017-12-26T00:07:48.857,SELL,0.00343239,6.0
33757031,2017-12-26T00:07:49.463,SELL,0.00343239,51.11801302
33757032,2017-12-26T00:07:49.463,SELL,0.003432,3.34870719
33757056,2017-12-26T00:07:54.463,BUY,0.00343239,0.27766658
33757063,2017-12-26T00:07:55.903,SELL,0.00343014,0.2247
33757064,2017-12-26T00:07:56.09,SELL,0.00343014,1.094e-05
33757085,2017-12-26T00:08:01.37,BUY,0.00343238,10.376621
33757089,2017-12-26T00:08:01.683,BUY,0.00343238,11.385079
33757112,2017-12-26T00:08:06.357,BUY,0.00343239,1.37957689
33757173,2017-12-26T00:08:20.23,BUY,0.00343239,32.12244159
33757194,2017-12-26T00:08:25.857,BUY,0.00343239,0.08050778
33757195,2017-12-26T00:08:25.857,BUY,0.00343239,4.32507718
33757235,2017-12-26T00:08:36.56,BUY,0.00343239,8.14930722
33757252,2017-12-26T00:08:40.67,SELL,0.00343238,6.20932163
33757276,2017-12-26T00:08:45.373,BUY,0.00343239,2.87389354
33757288,2017-12-26T00:08:48.577,SELL,0.00343238,1.69830271
33757307,2017-12-26T00:08:51.233,SELL,0.00343238,0.5
33757354,2017-12-26T00:08:57.78,BUY,0.00343239,0.3915639
33757355,2017-12-26T00:08:57.903,SELL,0.00343238,2.884909
33757391,2017-12-26T00:09:04.217,SELL,0.00343238,6.62955181
33757392,2017-12-26T00:09:04.217,SELL,0.00343238,2.08
33757393,2017-12-26T00:09:04.217,SELL,0.00341663,1.60534919
33757394,2017-12-26T00:09:04.217,SELL,0.00341663,12.86744861
33757422,2017-12-26T00:09:08.123,SELL,0.00341663,18.4444613
33757429,2017-12-26T00:09:09.78,BUY,0.00341662,1.0869387
33757430,2017-12-26T00:09:09.78,BUY,0.00343237,0.85929883
33757433,2017-12-26T00:09:10.06,SELL,0.0034166,5.4688
33757443,2017-12-26T00:09:11.733,SELL,0.0034166,1.5312
33757458,2017-12-26T00:09:13.42,SELL,0.0034166,3.2458
33757472,2017-12-26T00:09:15.2,SELL,0.0034166,0.9089
33757473,2017-12-26T00:09:15.467,SELL,0.0034166,10.60448724
33757478,2017-12-26T00:09:15.967,SELL,0.0034166,75.95686272
33757504,2017-12-26T00:09:18.36,BUY,0.00343235,3.5694229
33757544,2017-12-26T00:09:24.093,BUY,0.00343235,18.32986066
33757562,2017-12-26T00:09:26.263,SELL,0.00343235,11.67208667
33757566,2017-12-26T00:09:27.233,SELL,0.00343235,10.0
33757567,2017-12-26T00:09:27.42,SELL,0.00343235,70.3704
33757576,2017-12-26T00:09:28.81,SELL,0.00343235,37.96085893
33757578,2017-12-26T00:09:29.047,SELL,0.00343235,9.20252328
33757579,2017-12-26T00:09:29.047,SELL,0.00341661,3.50170601
33757580,2017-12-26T00:09:29.047,SELL,0.0034166,46.60185156
33757581,2017-12-26T00:09:29.047,SELL,0.0034166,7.80323674
33757582,2017-12-26T00:09:29.047,SELL,0.0034166,3.57261152
33757583,2017-12-26T00:09:29.047,SELL,0.0034166,2.83459218
33757584,2017-12-26T00:09:29.047,SELL,0.00341652,3.0685048
33757585,2017-12-26T00:09:29.047,SELL,0.0033918,0.88448368
33757588,2017-12-26T00:09:29.263,BUY,0.00339026,50.06427242
33757590,2017-12-26T00:09:29.39,BUY,0.00343236,9.16642886
33757596,2017-12-26T00:09:30.077,SELL,0.00343235,12.13276625
33757603,2017-12-26T00:09:31.593,SELL,0.0033903,47.16338221
33757610,2017-12-26T00:09:32.407,SELL,0.00339029,11.40437889
33757611,2017-12-26T00:09:32.42,SELL,0.00339026,1.2290827
33757613,2017-12-26T00:09:32.657,BUY,0.00339026,0.11568641
33757647,2017-12-26T00:09:43.093,BUY,0.00343234,2.18508548
33757655,2017-12-26T00:09:44.94,BUY,0.00343233,1.0
33757704,2017-12-26T00:09:53.797,SELL,0.00339041,2.18504198
33757705,2017-12-26T00:09:53.797,SELL,0.00339041,0.2519741
33757727,2017-12-26T00:09:57.063,BUY,0.00343229,9.21929341
33757728,2017-12-26T00:09:57.063,BUY,0.00343232,23.7774
33757729,2017-12-26T00:09:57.063,BUY,0.00343233,2.34362201
33757735,2017-12-26T00:09:58.047,SELL,0.00343233,24.1
33757744,2017-12-26T00:09:59.407,SELL,0.00343233,20.41706071
33757745,2017-12-26T00:09:59.407,SELL,0.00339043,24.1
33757747,2017-12-26T00:09:59.953,SELL,0.00339043,1.9904
33757748,2017-12-26T00:09:59.953,SELL,0.00339042,5.89897417
33757749,2017-12-26T00:09:59.953,SELL,0.00339026,3.0
33757750,2017-12-26T00:09:59.953,SELL,0.00339003,0.2949823
33757751,2017-12-26T00:09:59.953,SELL,0.00339,5.43408777
33757752,2017-12-26T00:09:59.953,SELL,0.00339,1.47542625
33757753,2017-12-26T00:09:59.953,SELL,0.00339,1.14857693
33757754,2017-12-26T00:09:59.953,SELL,0.00338708,25.27461329
33757793,2017-12-26T00:10:08.28,SELL,0.00338716,15.0
33757805,2017-12-26T00:10:11.703,SELL,0.00338721,25.3279
33757808,2017-12-26T00:10:11.813,BUY,0.00338716,0.99952151
33757818,2017-12-26T00:10:13.53,BUY,0.00338716,2.85468053
33757837,2017-12-26T00:10:16.453,SELL,0.00342103,2.8384
33757838,2017-12-26T00:10:16.453,SELL,0.0033872,4.39367311
33757839,2017-12-26T00:10:16.453,SELL,0.00338716,0.00531947
33757840,2017-12-26T00:10:16.453,SELL,0.00338716,2.2
33757841,2017-12-26T00:10:16.453,SELL,0.00338716,0.29523258
33757846,2017-12-26T00:10:17,BUY,0.00338715,4.39624853
33757848,2017-12-26T00:10:17.017,BUY,0.00338715,25.196
33757851,2017-12-26T00:10:17.297,SELL,0.0033871,3.57558591
33757853,2017-12-26T00:10:17.343,BUY,0.00338715,9.516241
33757856,2017-12-26T00:10:17.563,BUY,0.00338715,4.39753737
33757861,2017-12-26T00:10:17.877,BUY,0.00338715,20.04
33757863,2017-12-26T00:10:17.89,BUY,0.00338715,31.81843187
33757879,2017-12-26T00:10:19.737,BUY,0.00338716,1.85696094
33757917,2017-12-26T00:10:26.533,SELL,0.0034007,0.20956
33757918,2017-12-26T00:10:26.55,SELL,0.00339741,0.79044
33757953,2017-12-26T00:10:32.203,BUY,0.00342599,5.83772866
33757954,2017-12-26T00:10:32.203,BUY,0.003426,38.46032338
33757957,2017-12-26T00:10:32.657,SELL,0.00339742,1.03604094
33757970,2017-12-26T00:10:34.563,SELL,0.00339743,0.23675866
33758018,2017-12-26T00:10:42.517,SELL,0.00339751,10.78719229
33758019,2017-12-26T00:10:42.517,SELL,0.00339743,2.15556094
33758064,2017-12-26T00:10:49.767,SELL,0.00339747,1.03017834
33758065,2017-12-26T00:10:49.783,SELL,0.00339745,0.96982166
33758080,2017-12-26T00:10:54.16,SELL,0.00339743,5.0
33758081,2017-12-26T00:10:54.16,SELL,0.00339741,1.80444923
33758084,2017-12-26T00:10:54.643,BUY,0.00339741,10.19555077
33758135,2017-12-26T00:11:06.72,BUY,0.00342597,3.17660238
33758152,2017-12-26T00:11:11.72,BUY,0.003424,5.93388104
33758189,2017-12-26T00:11:20.283,BUY,0.00342397,0.64096027
33758195,2017-12-26T00:11:21.613,BUY,0.00342397,14.52021904
33758205,2017-12-26T00:11:24.91,BUY,0.003424,0.01487066
33758206,2017-12-26T00:11:24.91,BUY,0.003424,2.00031625
33758211,2017-12-26T00:11:26.033,SELL,0.00340767,14.67278228
33758212,2017-12-26T00:11:26.033,SELL,0.00340764,41.51280925
33758216,2017-12-26T00:11:26.3,SELL,0.00340764,106.8333
33758225,2017-12-26T00:11:28.41,SELL,0.00340764,8.8665
33758227,2017-12-26T00:11:29.283,SELL,0.00340764,14.39974319
33758231,2017-12-26T00:11:30.347,SELL,0.00340764,4.46764756
33758238,2017-12-26T00:11:34.38,SELL,0.00339874,1.7721
33758247,2017-12-26T00:11:38.177,BUY,0.00340763,9.11685244
33758248,2017-12-26T00:11:38.177,BUY,0.00342013,4.756e-05
33758249,2017-12-26T00:11:39.08,SELL,0.00339874,6.88714497
33758265,2017-12-26T00:11:45.08,SELL,0.00340894,7.90762434
33758299,2017-12-26T00:11:52.69,BUY,0.003424,0.35948598
33758306,2017-12-26T00:11:54.333,BUY,0.003424,6.14871752
33758309,2017-12-26T00:11:55.003,BUY,0.003424,0.55490654
33758383,2017-12-26T00:12:14.897,BUY,0.00341368,0.16147383
33758403,2017-12-26T00:12:17.083,BUY,0.00341367,0.16192789
33758417,2017-12-26T00:12:19.083,SELL,0.00341368,0.18782956
33758421,2017-12-26T00:12:20.13,SELL,0.00340895,0.74215084
33758422,2017-12-26T00:12:20.13,SELL,0.00340894,0.36819864
33758423,2017-12-26T00:12:20.13,SELL,0.00340763,1.6
33758429,2017-12-26T00:12:21.787,BUY,0.00340341,0.29294071
33758473,2017-12-26T00:12:32.71,BUY,0.00340341,3.08802308
33758480,2017-12-26T00:12:34.13,BUY,0.00340341,1.17529183
33758485,2017-12-26T00:12:34.333,BUY,0.00340341,169.0333949
33758486,2017-12-26T00:12:34.333,BUY,0.00340341,10.28675753
33758488,2017-12-26T00:12:34.35,BUY,0.00340341,3.4491
33758513,2017-12-26T00:12:40.757,BUY,0.00340341,2.33242951
33758517,2017-12-26T00:12:41.693,BUY,0.00340341,22.86464328
33758558,2017-12-26T00:12:56.913,BUY,0.00340341,0.22327019
33758565,2017-12-26T00:13:00.867,BUY,0.00340341,2.45422291
33758566,2017-12-26T00:13:00.867,BUY,0.00340341,5.5
33758567,2017-12-26T00:13:00.867,BUY,0.00340763,0.13777709
33758571,2017-12-26T00:13:02.977,SELL,0.0034,8.13657416
33758580,2017-12-26T00:13:06.117,BUY,0.00340763,1.47549669
33758581,2017-12-26T00:13:07.35,SELL,0.00340763,3.6984269
33758583,2017-12-26T00:13:08.74,SELL,0.00340763,4.84499515
33758584,2017-12-26T00:13:08.74,SELL,0.0034,9.63813685
33758591,2017-12-26T00:13:10.537,BUY,0.0034034,0.57508942
33758594,2017-12-26T00:13:12.583,BUY,0.0034034,2.2697836
33758609,2017-12-26T00:13:18.32,SELL,0.00340763,3.91521873
33758611,2017-12-26T00:13:18.68,BUY,0.0034034,9.1210774
33758633,2017-12-26T00:13:25.74,BUY,0.0034034,0.29382295
33758637,2017-12-26T00:13:26.913,BUY,0.0034034,4.57586714
33758645,2017-12-26T00:13:30.663,BUY,0.0034034,0.35765999
33758649,2017-12-26T00:13:31.74,BUY,0.0034034,11.0061
33758658,2017-12-26T00:13:34.93,SELL,0.0034,7.50634365
33758665,2017-12-26T00:13:36.913,BUY,0.00340339,36.18858196
33758666,2017-12-26T00:13:36.913,BUY,0.0034034,38.11469141
33758677,2017-12-26T00:13:41.82,BUY,0.00340339,9.16642886
33758678,2017-12-26T00:13:41.82,BUY,0.0034034,0.61556238
33758679,2017-12-26T00:13:41.82,BUY,0.0034034,1.92039656
33758680,2017-12-26T00:13:41.82,BUY,0.00340341,2.3
33758681,2017-12-26T00:13:41.82,BUY,0.00341366,2.91215549
33758682,2017-12-26T00:13:41.82,BUY,0.00341366,15.89081172
33758683,2017-12-26T00:13:41.82,BUY,0.00341366,9.18731103
33758705,2017-12-26T00:13:58.757,BUY,0.00341366,6.49592601
33758781,2017-12-26T00:14:29.057,BUY,0.00341366,1.0400344
33758782,2017-12-26T00:14:29.057,BUY,0.00341366,0.70488784
33758792,2017-12-26T00:14:36.243,BUY,0.00341366,2.18487606
33758793,2017-12-26T00:14:36.243,BUY,0.00341366,0.60022308
33758838,2017-12-26T00:14:52.9,BUY,0.00341365,0.35658606
33758879,2017-12-26T00:15:02.057,SELL,0.0034,24.55190403
33758887,2017-12-26T00:15:04.463,BUY,0.00341365,1.6114241
33758925,2017-12-26T00:15:20.417,BUY,0.00341365,2.48685983
33758926,2017-12-26T00:15:20.417,BUY,0.00341365,15.75202289
33758927,2017-12-26T00:15:20.417,BUY,0.00341365,17.00972568
33758928,2017-12-26T00:15:20.417,BUY,0.00341365,14.7513916
33758930,2017-12-26T00:15:20.84,BUY,0.00341365,2.0636867
33758988,2017-12-26T00:15:50.683,BUY,0.00341363,0.17829114
33759002,2017-12-26T00:15:54.01,BUY,0.00341363,1.06027645
33759080,2017-12-26T00:16:37.013,SELL,0.00340001,3.50170601
33759081,2017-12-26T00:16:37.09,SELL,0.00340001,0.775
33759099,2017-12-26T00:16:43.873,SELL,0.00340001,3.05787708
33759126,2017-12-26T00:16:52.497,BUY,0.00340001,2.92946721
33759128,2017-12-26T00:16:53.373,BUY,0.00340001,0.3493765
33759130,2017-12-26T00:16:53.81,BUY,0.00340001,0.3493765
33759135,2017-12-26T00:16:54.53,BUY,0.00340001,0.3493765
33759137,2017-12-26T00:16:55.123,BUY,0.00340001,29.4116782
33759143,2017-12-26T00:16:56.78,BUY,0.00340001,0.87510501
33759144,2017-12-26T00:16:57.747,SELL,0.0034,4.54889696
33759146,2017-12-26T00:16:57.89,BUY,0.00340001,2.63652049
33759147,2017-12-26T00:16:57.967,SELL,0.0034,3.25805578
33759151,2017-12-26T00:16:58.873,BUY,0.00340001,0.60112944
33759157,2017-12-26T00:17:04.483,BUY,0.00340001,0.51470436
33759162,2017-12-26T00:17:08.077,BUY,0.00340001,17.65888244
33759163,2017-12-26T00:17:08.077,BUY,0.00340001,35.41556228
33759164,2017-12-26T00:17:08.093,BUY,0.00340001,1.06027645
33759165,2017-12-26T00:17:08.093,BUY,0.00340001,0.74083476
33759166,2017-12-26T00:17:08.093,BUY,0.00340001,2.87389354
33759179,2017-12-26T00:17:20.28,SELL,0.00340001,1.07390693
33759180,2017-12-26T00:17:20.28,SELL,0.00340001,1.11484966
33759185,2017-12-26T00:17:28.657,BUY,0.00340001,2.94116782
33759192,2017-12-26T00:17:36.797,SELL,0.0034,42.36008857
33759193,2017-12-26T00:17:36.81,SELL,0.0034,5.86764706
33759194,2017-12-26T00:17:36.81,SELL,0.0034,2.35
33759202,2017-12-26T00:17:41.28,BUY,0.0034,28.11736439
33759203,2017-12-26T00:17:41.593,SELL,0.0034,7.31538237
33759205,2017-12-26T00:17:42,BUY,0.00340001,2.35293425
33759207,2017-12-26T00:17:44.56,SELL,0.0034,6.39956998
33759214,2017-12-26T00:17:49.47,SELL,0.0034,4.56785783
33759216,2017-12-26T00:17:54.937,SELL,0.0034,20.41219783
33759219,2017-12-26T00:17:56.187,SELL,0.0034,8.1876276
33759223,2017-12-26T00:17:57.687,BUY,0.0034,0.87209048
33759226,2017-12-26T00:17:58.983,BUY,0.0034,1.17646712
33759237,2017-12-26T00:18:06.36,BUY,0.00339999,0.29411851
33759243,2017-12-26T00:18:12.297,SELL,0.00338711,2.0495
33759245,2017-12-26T00:18:12.5,BUY,0.00339999,2.94118512
33759251,2017-12-26T00:18:15.843,BUY,0.00338711,3.1747
33759254,2017-12-26T00:18:16.047,BUY,0.00338711,3.313e-05
33759270,2017-12-26T00:18:25.64,BUY,0.00339999,6.24902574
33759276,2017-12-26T00:18:28.627,BUY,0.00339999,0.34632033
33759277,2017-12-26T00:18:30.313,SELL,0.00338766,0.48220213
33759281,2017-12-26T00:18:32.877,BUY,0.00339999,0.1693503
33759282,2017-12-26T00:18:32.877,BUY,0.0034,45.3954282
33759283,2017-12-26T00:18:32.877,BUY,0.0034,6.78575162
33759285,2017-12-26T00:18:33.093,SELL,0.0034,8.41569988
33759287,2017-12-26T00:18:33.69,SELL,0.0034,5.74709016
33759288,2017-12-26T00:18:33.69,SELL,0.00338771,24.37884986
33759293,2017-12-26T00:18:35.017,SELL,0.00338771,2.81295014
33759294,2017-12-26T00:18:35.017,SELL,0.0033877,9.77441127
33759303,2017-12-26T00:18:39.83,SELL,0.00338771,58.64272615
33759305,2017-12-26T00:18:40.55,BUY,0.00338771,26.8774
33759310,2017-12-26T00:18:42.627,BUY,0.00338771,6.13050145
33759313,2017-12-26T00:18:43.377,BUY,0.00338771,8.2994
33759315,2017-12-26T00:18:44.157,BUY,0.00338771,0.0499724
33759316,2017-12-26T00:18:44.157,BUY,0.00338771,1.8
33759317,2017-12-26T00:18:44.393,SELL,0.003388,8.07646414
33759321,2017-12-26T00:18:45.563,BUY,0.00340001,25.0
33759324,2017-12-26T00:18:46.267,SELL,0.00338801,26.9533
33759325,2017-12-26T00:18:46.267,SELL,0.003388,18.74899373
33759349,2017-12-26T00:18:54.487,SELL,0.003388,6.14075241
33759350,2017-12-26T00:18:54.487,SELL,0.00338771,7.98456818
33759352,2017-12-26T00:18:55.22,BUY,0.00338771,13.7854212
33759359,2017-12-26T00:18:58.05,BUY,0.00338771,0.92
33759361,2017-12-26T00:18:58.313,BUY,0.00338771,21.16925821
33759362,2017-12-26T00:18:58.313,BUY,0.00340001,0.91994179
33759363,2017-12-26T00:18:58.987,SELL,0.00338765,2.61239847
33759368,2017-12-26T00:19:02.47,SELL,0.00338766,9.56854727
33759397,2017-12-26T00:19:17.52,BUY,0.00340001,0.34784423
33759403,2017-12-26T00:19:20.69,BUY,0.00340001,0.36443148
33759409,2017-12-26T00:19:24.08,BUY,0.00340001,29.18494863
33759419,2017-12-26T00:19:27.47,BUY,0.00340001,0.19534501
33759420,2017-12-26T00:19:28.817,SELL,0.00338768,26.5318
33759423,2017-12-26T00:19:29.487,BUY,0.00338767,5.32607104
33759433,2017-12-26T00:19:36.317,SELL,0.00338765,0.57800566
33759434,2017-12-26T00:19:36.317,SELL,0.00338765,3.7720732
33759440,2017-12-26T00:19:37.927,BUY,0.00338765,4.5001
33759443,2017-12-26T00:19:38.58,BUY,0.00338765,11.14161763
33759444,2017-12-26T00:19:38.58,BUY,0.00338766,0.20020935
33759445,2017-12-26T00:19:38.58,BUY,0.00338766,4.3
33759446,2017-12-26T00:19:38.58,BUY,0.00338767,5.98099303
33759447,2017-12-26T00:19:38.58,BUY,0.00338767,5.13117799
33759452,2017-12-26T00:19:39.143,BUY,0.00338767,8.589
33759455,2017-12-26T00:19:40.88,SELL,0.00338711,0.57837819
33759464,2017-12-26T00:19:45.41,BUY,0.00338765,0.29518988
33759467,2017-12-26T00:19:47.16,BUY,0.00338765,0.72674418
33759469,2017-12-26T00:19:48.237,BUY,0.00338765,4.54944664
33759470,2017-12-26T00:19:48.237,BUY,0.00338765,1.5
33759471,2017-12-26T00:19:48.237,BUY,0.00338767,0.72665336
33759473,2017-12-26T00:19:49.987,BUY,0.00338765,0.25944908
33759475,2017-12-26T00:19:50.33,BUY,0.00338765,7.69682188
33759476,2017-12-26T00:19:50.33,BUY,0.00338767,21.21463507
33759477,2017-12-26T00:19:50.33,BUY,0.00338767,5.41160117
33759478,2017-12-26T00:19:50.33,BUY,0.00338767,5.72257693
33759482,2017-12-26T00:19:54.13,BUY,0.00338767,7.333
33759483,2017-12-26T00:19:58.753,SELL,0.00338711,0.24902488
33759485,2017-12-26T00:20:00.44,BUY,0.00338767,5.20237592
33759486,2017-12-26T00:20:00.44,BUY,0.0034,2.408e-05
33759517,2017-12-26T00:20:17.6,BUY,0.0033999,2.20588235
33759521,2017-12-26T00:20:19.863,BUY,0.0033999,0.34444058
33759527,2017-12-26T00:20:23.1,BUY,0.0033999,4.80845006
33759531,2017-12-26T00:20:26.613,BUY,0.0033999,0.22677432
33759564,2017-12-26T00:20:51.46,BUY,0.00339989,19.99179649
33759568,2017-12-26T00:20:55.57,BUY,0.0033999,10.62814789
33759575,2017-12-26T00:20:57.053,BUY,0.00339989,60.45454545
33759576,2017-12-26T00:20:57.053,BUY,0.0033999,13.95990174
33759586,2017-12-26T00:21:00.91,BUY,0.00339989,0.58825432
33759589,2017-12-26T00:21:07.07,SELL,0.00338712,3.20821037
33759590,2017-12-26T00:21:07.07,SELL,0.00338712,0.74988963
33759591,2017-12-26T00:21:09.583,SELL,0.00338712,1.1083
33759597,2017-12-26T00:21:12.223,BUY,0.00339989,7.03816668
33759598,2017-12-26T00:21:12.223,BUY,0.00339989,2.90943051
33759599,2017-12-26T00:21:12.223,BUY,0.00339989,0.11213856
33759608,2017-12-26T00:21:16.037,SELL,0.00338712,0.43095748
33759628,2017-12-26T00:21:29.57,BUY,0.00338712,3.56904252
33759629,2017-12-26T00:21:29.57,BUY,0.00338712,10.75419235
33759630,2017-12-26T00:21:29.57,BUY,0.00339989,1.12176513
33759631,2017-12-26T00:21:30.757,SELL,0.00338711,1.88132931
33759632,2017-12-26T00:21:30.757,SELL,0.00338711,13.30492186
33759636,2017-12-26T00:21:37.523,BUY,0.00339,2.90138483
33759639,2017-12-26T00:21:40.587,BUY,0.00338712,0.43478386
33759640,2017-12-26T00:21:42.693,SELL,0.00338711,0.78600433
33759642,2017-12-26T00:21:42.977,BUY,0.00338712,4.4
33759644,2017-12-26T00:21:43.617,BUY,0.00338712,1.01591798
33759645,2017-12-26T00:21:43.663,SELL,0.00338711,0.32185544
33759647,2017-12-26T00:21:44.117,BUY,0.00338712,1.91071083
33759648,2017-12-26T00:21:44.29,SELL,0.00338712,0.34176901
33759650,2017-12-26T00:21:45.443,SELL,0.00338712,1.44369059
33759651,2017-12-26T00:21:45.85,SELL,0.00338712,0.64382301
33759652,2017-12-26T00:21:48.007,SELL,0.00338712,0.83122517
33759653,2017-12-26T00:21:48.32,SELL,0.00338712,0.31999455
33759655,2017-12-26T00:21:48.867,SELL,0.00338712,0.52225097
33759657,2017-12-26T00:21:50.257,SELL,0.00338712,0.81867399
33759658,2017-12-26T00:21:50.663,SELL,0.00338712,0.8681339
33759659,2017-12-26T00:21:50.68,SELL,0.00338712,1.83354987
33759660,2017-12-26T00:21:50.99,SELL,0.00338712,0.74959516
33759661,2017-12-26T00:21:51.07,SELL,0.00338712,0.37292374
33759664,2017-12-26T00:21:52.9,BUY,0.00339,1.0
33759669,2017-12-26T00:21:59.633,BUY,0.00339,1.45
33759674,2017-12-26T00:22:00.803,BUY,0.00339,0.27753392
33759676,2017-12-26T00:22:01.29,BUY,0.00339,10.653133
33759678,2017-12-26T00:22:01.337,BUY,0.00339,0.60226844
33759682,2017-12-26T00:22:04.023,SELL,0.00338714,27.2131
33759683,2017-12-26T00:22:04.023,SELL,0.00338713,92.72
33759684,2017-12-26T00:22:04.023,SELL,0.00338713,37.80802869
33759687,2017-12-26T00:22:05.413,SELL,0.00338712,0.01190834
33759688,2017-12-26T00:22:05.413,SELL,0.00338712,8.34927608
33759689,2017-12-26T00:22:05.413,SELL,0.00338712,4.12859888
33759690,2017-12-26T00:22:05.413,SELL,0.00338711,2.5102167
33759694,2017-12-26T00:22:08.29,BUY,0.00338713,0.61770289
33759697,2017-12-26T00:22:08.617,BUY,0.00338713,0.5526242
33759699,2017-12-26T00:22:08.993,BUY,0.00338713,0.66767736
33759701,2017-12-26T00:22:09.227,BUY,0.00338713,0.52123774
33759703,2017-12-26T00:22:09.82,BUY,0.00338713,0.37087446
33759705,2017-12-26T00:22:10.883,BUY,0.00338713,0.68690898
33759707,2017-12-26T00:22:11.133,BUY,0.00338713,0.29789822
33759709,2017-12-26T00:22:11.587,BUY,0.00338713,0.3714295
33759711,2017-12-26T00:22:12.337,BUY,0.00338713,0.46311184
33759715,2017-12-26T00:22:14.15,SELL,0.00338711,0.34705179
33759716,2017-12-26T00:22:14.273,SELL,0.00338711,0.40670651
33759717,2017-12-26T00:22:14.307,SELL,0.00338711,0.36954907
33759718,2017-12-26T00:22:14.46,SELL,0.00338711,0.38448963
33759719,2017-12-26T00:22:14.51,SELL,0.00338711,0.58860314
33759720,2017-12-26T00:22:14.883,SELL,0.00338711,0.4065163
33759721,2017-12-26T00:22:14.947,SELL,0.00338711,0.14327989
33759722,2017-12-26T00:22:14.947,SELL,0.00338711,0.40109278
33759723,2017-12-26T00:22:14.977,SELL,0.00338711,0.52027641
33759726,2017-12-26T00:22:15.947,BUY,0.00338713,3.24084021
33759728,2017-12-26T00:22:16.353,SELL,0.00338711,0.09907275
33759729,2017-12-26T00:22:16.353,SELL,0.00338711,5.82393439
33759731,2017-12-26T00:22:17.463,BUY,0.00338713,0.54705311
33759733,2017-12-26T00:22:17.773,BUY,0.00338713,0.50778388
33759735,2017-12-26T00:22:18.43,BUY,0.00338713,43.55080831
33759737,2017-12-26T00:22:18.54,BUY,0.00338713,0.34663565
33759745,2017-12-26T00:22:21.32,BUY,0.00338713,1.3
33759746,2017-12-26T00:22:21.933,SELL,0.00338711,0.332017
33759748,2017-12-26T00:22:22.197,SELL,0.00338711,0.3693915
33759749,2017-12-26T00:22:23.12,SELL,0.00338711,14.64064409
33759750,2017-12-26T00:22:23.12,SELL,0.00338711,5.35935591
33759753,2017-12-26T00:22:23.743,BUY,0.00338713,0.46728942
33759757,2017-12-26T00:22:23.993,BUY,0.00338713,0.16919339
33759759,2017-12-26T00:22:24.353,BUY,0.00338713,0.45809284
33759762,2017-12-26T00:22:25.01,BUY,0.00338713,0.59374751
33759763,2017-12-26T00:22:25.023,SELL,0.00338711,0.95105299
33759765,2017-12-26T00:22:25.4,SELL,0.00338711,0.76146202
33759766,2017-12-26T00:22:25.54,SELL,0.00338711,0.72487
33759768,2017-12-26T00:22:25.93,SELL,0.00338711,0.4193972
33759770,2017-12-26T00:22:26.87,BUY,0.00338713,1.0
33759774,2017-12-26T00:22:28.557,BUY,0.00338713,0.64762498
33759776,2017-12-26T00:22:28.82,BUY,0.00338713,0.27313684
33759785,2017-12-26T00:22:31.32,BUY,0.00339,4.381
33759786,2017-12-26T00:22:31.65,SELL,0.00338713,0.37734626
33759788,2017-12-26T00:22:31.667,BUY,0.00339,0.28424779
33759789,2017-12-26T00:22:31.667,SELL,0.00338713,0.04076878
33759790,2017-12-26T00:22:31.667,SELL,0.00338711,0.55439578
33759791,2017-12-26T00:22:31.667,SELL,0.00338711,1.56847196
33759793,2017-12-26T00:22:32.07,BUY,0.00338711,0.469941
33759799,2017-12-26T00:22:33.057,BUY,0.00338711,0.48569912
33759802,2017-12-26T00:22:33.463,BUY,0.00338711,0.63033973
33759805,2017-12-26T00:22:33.883,BUY,0.00338711,0.53365554
33759807,2017-12-26T00:22:34.353,BUY,0.00338711,0.58764551
33759809,2017-12-26T00:22:34.57,BUY,0.00338711,0.43901733
33759810,2017-12-26T00:22:35.243,SELL,0.00338708,0.29523956
33759811,2017-12-26T00:22:35.243,SELL,0.00338708,0.07958803
33759812,2017-12-26T00:22:35.433,SELL,0.00338708,0.34148459
33759814,2017-12-26T00:22:35.463,BUY,0.00338711,0.93444559
33759816,2017-12-26T00:22:35.947,BUY,0.00338711,0.34891397
33759817,2017-12-26T00:22:36.103,SELL,0.00338708,0.37676004
33759819,2017-12-26T00:22:36.527,BUY,0.00338711,0.60698353
33759821,2017-12-26T00:22:36.883,BUY,0.00338711,0.17251875
33759822,2017-12-26T00:22:37.213,SELL,0.00338708,0.49461355
33759823,2017-12-26T00:22:37.243,SELL,0.00338708,0.34708885
33759825,2017-12-26T00:22:37.633,BUY,0.00338711,0.40955269
33759826,2017-12-26T00:22:38.603,SELL,0.00338708,0.68994257
33759828,2017-12-26T00:22:38.853,BUY,0.00338711,0.21914553
33759829,2017-12-26T00:22:38.917,SELL,0.00338708,0.38172068
33759830,2017-12-26T00:22:39.087,SELL,0.00338708,0.34447228
33759831,2017-12-26T00:22:39.37,SELL,0.00338708,0.35693954
33759832,2017-12-26T00:22:39.62,SELL,0.00338708,0.05772765
33759836,2017-12-26T00:22:40.103,BUY,0.00338708,0.20058398
33759840,2017-12-26T00:22:40.633,BUY,0.00338708,0.08376454
33759841,2017-12-26T00:22:40.633,BUY,0.00338711,3.12687226
33759847,2017-12-26T00:22:42.15,SELL,0.00338701,0.40544277
33759848,2017-12-26T00:22:42.633,SELL,0.00338701,0.33476058
33759852,2017-12-26T00:22:43.603,BUY,0.00338708,0.2808673
33759856,2017-12-26T00:22:45.277,BUY,0.00338708,0.06876592
33759857,2017-12-26T00:22:45.277,BUY,0.00338708,0.34180595
33759858,2017-12-26T00:22:45.4,SELL,0.00338708,0.34173889
33759863,2017-12-26T00:22:46.667,SELL,0.00338708,3.49038797
33759864,2017-12-26T00:22:46.667,SELL,0.00338708,0.17837488
33759866,2017-12-26T00:22:46.853,BUY,0.00338708,52.68234206
33759867,2017-12-26T00:22:46.853,BUY,0.00338711,21.96831591
33759868,2017-12-26T00:22:46.853,BUY,0.00338711,12.4510769
33759869,2017-12-26T00:22:47.133,SELL,0.00338711,19.44760162
33759873,2017-12-26T00:22:48.73,SELL,0.00338711,0.42842531
33759879,2017-12-26T00:22:50.133,SELL,0.00338711,0.69021047
33759884,2017-12-26T00:22:50.777,BUY,0.00338713,0.38310829
33759885,2017-12-26T00:22:50.777,BUY,0.00338713,0.35046667
33759886,2017-12-26T00:22:50.777,BUY,0.00338713,0.45893377
33759887,2017-12-26T00:22:50.777,BUY,0.00338713,7.80749127
33759891,2017-12-26T00:22:52.057,SELL,0.00338712,0.96686371
33759893,2017-12-26T00:22:52.18,BUY,0.00338713,90.95860504
33759894,2017-12-26T00:22:52.18,BUY,0.00338713,2.88491893
33759899,2017-12-26T00:22:52.527,SELL,0.00338713,0.65722012
33759900,2017-12-26T00:22:52.527,SELL,0.00338712,0.5513149
33759908,2017-12-26T00:22:53.29,BUY,0.00339,0.95043202
33759909,2017-12-26T00:22:53.29,BUY,0.00339,5.69021247
33759910,2017-12-26T00:22:53.29,BUY,0.00339,1.58335551
33759923,2017-12-26T00:22:54.433,BUY,0.00339,0.22707375
33759925,2017-12-26T00:22:54.557,SELL,0.00338768,0.46566663
33759926,2017-12-26T00:22:54.743,SELL,0.00338768,0.35832315
33759928,2017-12-26T00:22:54.84,BUY,0.00339,0.27134808
33759929,2017-12-26T00:22:55.103,SELL,0.00338768,0.72102437
33759931,2017-12-26T00:22:55.603,BUY,0.00339,1.89808555
33759932,2017-12-26T00:22:55.697,SELL,0.00338768,8.29346031
33759937,2017-12-26T00:22:56.573,BUY,0.00339,0.65641298
33759940,2017-12-26T00:22:58.243,BUY,0.00339,0.55660767
33759943,2017-12-26T00:22:58.9,SELL,0.00338713,0.2044858
33759944,2017-12-26T00:22:58.9,SELL,0.00338713,0.70813934
33759945,2017-12-26T00:22:58.9,SELL,0.00338713,0.46184623
33759947,2017-12-26T00:22:58.917,BUY,0.00339,0.71170501
33759949,2017-12-26T00:22:59.277,SELL,0.00338714,0.40085923
33759950,2017-12-26T00:22:59.493,SELL,0.00338714,0.40077852
33759955,2017-12-26T00:23:00.48,BUY,0.00339,0.19452212
33759957,2017-12-26T00:23:00.637,BUY,0.00339,0.34673746
33759960,2017-12-26T00:23:01.15,BUY,0.00339,0.51779351
33759963,2017-12-26T00:23:01.62,SELL,0.00338714,26.24926225
33759964,2017-12-26T00:23:01.62,SELL,0.00338713,0.52161174
33759965,2017-12-26T00:23:01.62,SELL,0.00338713,0.26779014
33759966,2017-12-26T00:23:01.62,SELL,0.00338713,200.0
33759967,2017-12-26T00:23:01.62,SELL,0.00338711,30.43325239
33759968,2017-12-26T00:23:01.62,SELL,0.00338711,0.22282713
33759969,2017-12-26T00:23:01.62,SELL,0.00338711,5.9970774
33759970,2017-12-26T00:23:01.62,SELL,0.00338701,7.12269069
33759971,2017-12-26T00:23:01.62,SELL,0.003387,8.74527717
33759972,2017-12-26T00:23:01.62,SELL,0.003387,1.18994947
33759973,2017-12-26T00:23:01.62,SELL,0.003387,1.63580125
33759974,2017-12-26T00:23:01.62,SELL,0.003387,114.87053535
33759975,2017-12-26T00:23:01.62,SELL,0.00338644,6.22122138
33759978,2017-12-26T00:23:01.79,BUY,0.00338644,0.17291579
33759980,2017-12-26T00:23:01.917,BUY,0.00338644,0.30113274
33759982,2017-12-26T00:23:02.197,BUY,0.00338644,0.37156637
33759995,2017-12-26T00:23:03.62,BUY,0.00338644,0.47652697
33759996,2017-12-26T00:23:03.62,SELL,0.00338505,1.27043676
33759999,2017-12-26T00:23:04.057,BUY,0.00338644,5.0
33760002,2017-12-26T00:23:04.073,BUY,0.00338644,15.94086175
33760003,2017-12-26T00:23:04.073,BUY,0.00339,14.83814353
33760014,2017-12-26T00:23:04.697,BUY,0.00339,0.57125664
33760017,2017-12-26T00:23:04.84,SELL,0.00338644,0.34368245
33760019,2017-12-26T00:23:05.15,BUY,0.00338644,0.83926392
33760026,2017-12-26T00:23:05.417,SELL,0.0033868,0.3783444
33760027,2017-12-26T00:23:05.54,SELL,0.0033868,0.65980066
33760031,2017-12-26T00:23:06.167,SELL,0.0033868,0.76567613
33760032,2017-12-26T00:23:06.573,SELL,0.0033868,0.94333232
33760036,2017-12-26T00:23:07.637,BUY,0.00339,0.44952802
33760117,2017-12-26T00:23:27.667,BUY,0.00338768,0.29498525
33760153,2017-12-26T00:23:40.387,BUY,0.00338768,0.84765
33760159,2017-12-26T00:23:47.497,SELL,0.00338532,26.6063
33760160,2017-12-26T00:23:47.497,SELL,0.00338531,23.3937
33760162,2017-12-26T00:23:47.62,BUY,0.00338768,3.7630976
33760187,2017-12-26T00:23:57.42,SELL,0.00338536,24.31105967
33760190,2017-12-26T00:23:57.623,BUY,0.00338768,25.44136497
33760191,2017-12-26T00:23:57.623,BUY,0.00338768,2.49537404
33760192,2017-12-26T00:23:57.623,BUY,0.00339,3.30477333
33760193,2017-12-26T00:23:57.637,BUY,0.00339,15.30080885
33760194,2017-12-26T00:23:57.637,BUY,0.00339,1.08718754
33760231,2017-12-26T00:24:20.64,SELL,0.00339,12.7199229
33760238,2017-12-26T00:24:26.25,BUY,0.00339,0.82355605
33760252,2017-12-26T00:24:34.797,BUY,0.00339,4.42477876
33760269,2017-12-26T00:24:43.58,BUY,0.00338767,3.12684365
33760278,2017-12-26T00:24:46.547,BUY,0.00338767,7.16
33760280,2017-12-26T00:24:46.593,BUY,0.00338767,1.07244475
33760281,2017-12-26T00:24:46.593,BUY,0.00339,0.4024815
33760285,2017-12-26T00:24:47.423,BUY,0.00339,32.80765454
33760286,2017-12-26T00:24:47.423,BUY,0.00339,2.04257544
33760304,2017-12-26T00:24:52.237,BUY,0.00339989,6.33069528
33760305,2017-12-26T00:24:52.237,BUY,0.00339989,76.55984454
33760340,2017-12-26T00:25:02.86,SELL,0.00339,8.63492625
33760341,2017-12-26T00:25:02.86,SELL,0.00339,2.78211577
33760342,2017-12-26T00:25:02.86,SELL,0.00339,31.0831417
33760343,2017-12-26T00:25:02.86,SELL,0.00338544,1.0
33760344,2017-12-26T00:25:02.86,SELL,0.00338541,1.828427
33760345,2017-12-26T00:25:02.86,SELL,0.0033854,1.0
33760346,2017-12-26T00:25:02.86,SELL,0.00338535,36.5619291
33760356,2017-12-26T00:25:06.33,BUY,0.00339989,0.20722559
33760362,2017-12-26T00:25:08.39,BUY,0.00339989,0.0005205
33760377,2017-12-26T00:25:10.83,SELL,0.00338536,25.4254
33760378,2017-12-26T00:25:10.83,SELL,0.00338535,2.02727293
33760379,2017-12-26T00:25:10.83,SELL,0.003385,2.54732707
33760407,2017-12-26T00:25:16.94,BUY,0.00339989,0.30768937
33760419,2017-12-26T00:25:18.657,BUY,0.00339989,0.34216401
33760422,2017-12-26T00:25:19.533,BUY,0.00339989,0.18501775
33760426,2017-12-26T00:25:20,BUY,0.00339989,0.23068688
33760429,2017-12-26T00:25:20.033,BUY,0.00339989,18.12633965
33760430,2017-12-26T00:25:20.05,BUY,0.00339989,18.60351721
33760445,2017-12-26T00:25:22.86,BUY,0.0033999,0.27249919
33760453,2017-12-26T00:25:25.673,SELL,0.00338538,25.6275
33760454,2017-12-26T00:25:25.673,SELL,0.00338537,4.40140845
33760455,2017-12-26T00:25:25.673,SELL,0.00338536,6.908174
33760456,2017-12-26T00:25:25.907,SELL,0.00338536,1.0974987
33760487,2017-12-26T00:25:33.237,BUY,0.0033999,0.23276567
33760499,2017-12-26T00:25:35.283,BUY,0.0033999,12.22
33760530,2017-12-26T00:25:42.707,SELL,0.00338551,17.39331614
33760532,2017-12-26T00:25:42.72,BUY,0.0033999,0.24214242
33760534,2017-12-26T00:25:42.737,BUY,0.0033999,0.2342863
33760537,2017-12-26T00:25:43.22,BUY,0.0033999,0.31398276
33760547,2017-12-26T00:25:44.86,BUY,0.0033999,0.2186829
33760550,2017-12-26T00:25:45.253,BUY,0.0033999,0.45042207
33760556,2017-12-26T00:25:45.753,BUY,0.0033999,0.17379923
33760562,2017-12-26T00:25:46.877,BUY,0.0033999,0.204006
33760569,2017-12-26T00:25:50.923,BUY,0.0033999,22.4359716
33760580,2017-12-26T00:25:58.033,BUY,0.00339988,0.32353892
33760612,2017-12-26T00:26:11.283,SELL,0.00338601,10.37674625
33760620,2017-12-26T00:26:13.347,BUY,0.00339988,0.4059161
33760633,2017-12-26T00:26:19.143,BUY,0.00339988,0.63971375
33760640,2017-12-26T00:26:22.317,BUY,0.00339988,5.88256056
33760649,2017-12-26T00:26:24.003,BUY,0.00339988,0.84534454
33760660,2017-12-26T00:26:28.207,BUY,0.00339988,4.41192042
33760665,2017-12-26T00:26:30.66,BUY,0.00339988,0.32737626
33760672,2017-12-26T00:26:32.003,BUY,0.00339988,0.35274186
33760677,2017-12-26T00:26:32.393,BUY,0.00339988,0.489882
33760693,2017-12-26T00:26:35.847,BUY,0.00339988,0.27749509
33760703,2017-12-26T00:26:38.13,BUY,0.00339988,0.17286492
33760714,2017-12-26T00:26:42.207,BUY,0.00339988,0.17115898
33760725,2017-12-26T00:26:43.037,BUY,0.00339988,0.28479829
33760737,2017-12-26T00:26:46.27,BUY,0.00339988,19.51456747
33760738,2017-12-26T00:26:46.27,BUY,0.00339988,25.5147554
33760744,2017-12-26T00:26:47.44,BUY,0.00339988,0.39191383
33760746,2017-12-26T00:26:47.77,BUY,0.00339988,0.1918303
33760749,2017-12-26T00:26:48.143,BUY,0.00339988,0.34962999
33760753,2017-12-26T00:26:48.6,BUY,0.00339988,1.04721833
33760775,2017-12-26T00:26:54.99,BUY,0.00339988,0.42412968
33760785,2017-12-26T00:27:00.6,BUY,0.00339988,10.5
33760788,2017-12-26T00:27:03.003,BUY,0.00339988,0.2868866
33760790,2017-12-26T00:27:03.52,BUY,0.00339988,0.30231361
33760792,2017-12-26T00:27:03.833,BUY,0.00339988,0.76000035
33760794,2017-12-26T00:27:04.1,BUY,0.00339988,1.71826947
33760796,2017-12-26T00:27:04.63,BUY,0.00339988,0.84482393
33760799,2017-12-26T00:27:04.99,BUY,0.00339902,0.53576597
33760801,2017-12-26T00:27:05.223,BUY,0.00339902,0.47104015
33760808,2017-12-26T00:27:07.16,BUY,0.00339902,0.43387212
33760812,2017-12-26T00:27:09.083,BUY,0.00339902,1.44281587
33760814,2017-12-26T00:27:09.99,BUY,0.00339902,0.65901348
33760829,2017-12-26T00:27:13.363,BUY,0.00339902,1.91166572
33760833,2017-12-26T00:27:14.74,BUY,0.00339902,0.41248948
33760839,2017-12-26T00:27:15.613,BUY,0.00339902,0.3774029
33760841,2017-12-26T00:27:16.16,BUY,0.00339902,0.82269301
33760843,2017-12-26T00:27:16.91,BUY,0.00339902,0.34486411
33760887,2017-12-26T00:27:30.147,BUY,0.003399,0.46483377
33760895,2017-12-26T00:27:35.787,BUY,0.003399,0.59221242
33760898,2017-12-26T00:27:39.38,BUY,0.003399,0.59897323
33760900,2017-12-26T00:27:40.757,BUY,0.003399,21.34398058
33760908,2017-12-26T00:27:44.647,BUY,0.00339902,0.60428006
33760915,2017-12-26T00:27:47.07,BUY,0.00339902,4.92358974
33760917,2017-12-26T00:27:47.52,BUY,0.00339902,12.68839391
33760918,2017-12-26T00:27:47.897,SELL,0.00339902,9.04689323
33760930,2017-12-26T00:27:50.77,BUY,0.00339988,1.45025119
33760936,2017-12-26T00:27:52.193,BUY,0.00339988,0.53874843
33760938,2017-12-26T00:27:53.257,SELL,0.00339902,15.0
33760941,2017-12-26T00:27:53.82,BUY,0.00339988,0.17637093
33760953,2017-12-26T00:27:59.083,BUY,0.00339988,0.90365248
33760956,2017-12-26T00:28:01.88,BUY,0.00339988,0.70606021
33760962,2017-12-26T00:28:05.85,BUY,0.00339988,0.44745109
33760964,2017-12-26T00:28:06.757,BUY,0.00339988,0.19595692
33760966,2017-12-26T00:28:07.18,BUY,0.00339988,0.70590727
33760970,2017-12-26T00:28:08.71,BUY,0.00339988,0.78483946
33760973,2017-12-26T00:28:13.193,BUY,0.00339988,0.30231361
33760975,2017-12-26T00:28:13.54,BUY,0.00339988,0.76000035
33760977,2017-12-26T00:28:14.1,BUY,0.00339988,1.71826947
33760979,2017-12-26T00:28:14.553,BUY,0.00339988,0.84482393
33760981,2017-12-26T00:28:14.93,BUY,0.00339988,0.53576597
33760983,2017-12-26T00:28:15.227,BUY,0.00339988,0.47104015
33760984,2017-12-26T00:28:16.6,SELL,0.00339903,42.61999034
33760988,2017-12-26T00:28:19.837,BUY,0.00339903,0.43387084
33760991,2017-12-26T00:28:21.303,BUY,0.00339903,2.05889619
33760993,2017-12-26T00:28:22.6,BUY,0.00339903,1.44281163
33760995,2017-12-26T00:28:22.93,BUY,0.00339903,0.65901154
33760997,2017-12-26T00:28:23.117,BUY,0.00339903,8.37870264
33760999,2017-12-26T00:28:23.65,BUY,0.00339903,2.42098
33761000,2017-12-26T00:28:24.15,SELL,0.00339902,27.38490339
33761001,2017-12-26T00:28:24.15,SELL,0.00339902,8.59990472
33761003,2017-12-26T00:28:25.477,BUY,0.00339903,1.91166009
33761005,2017-12-26T00:28:28.273,BUY,0.00339903,23.47707475
33761008,2017-12-26T00:28:29.303,BUY,0.00339903,0.30732886
33761011,2017-12-26T00:28:30.553,BUY,0.00339903,0.41248827
33761013,2017-12-26T00:28:32.273,SELL,0.00339902,3.16819314
33761014,2017-12-26T00:28:32.273,SELL,0.00339902,16.88863173
33761016,2017-12-26T00:28:33.303,BUY,0.00339903,21.19627747
33761018,2017-12-26T00:28:33.367,BUY,0.00339903,0.82269059
33761020,2017-12-26T00:28:35.133,BUY,0.00339903,30.0
33761022,2017-12-26T00:28:35.867,BUY,0.00339903,0.34486309
33761027,2017-12-26T00:28:37.54,BUY,0.00339903,8.0
33761028,2017-12-26T00:28:39.337,SELL,0.00339902,12.45806232
33761030,2017-12-26T00:28:39.507,BUY,0.00339902,2.65905698
33761039,2017-12-26T00:28:48.29,BUY,0.00339902,6.19108695
33761040,2017-12-26T00:28:48.29,BUY,0.00339902,0.3205156
33761041,2017-12-26T00:28:51.71,SELL,0.003399,9.08983017
33761047,2017-12-26T00:29:03.51,SELL,0.003399,16.3492557
33761048,2017-12-26T00:29:03.51,SELL,0.003399,5.42712026
33761049,2017-12-26T00:29:03.96,SELL,0.003399,3.30125861
33761051,2017-12-26T00:29:05.883,BUY,0.00339902,0.32922712
33761052,2017-12-26T00:29:05.883,BUY,0.00339902,0.26298181
33761056,2017-12-26T00:29:08.883,BUY,0.00339902,0.37930163
33761057,2017-12-26T00:29:08.883,BUY,0.00339902,0.21966807
33761059,2017-12-26T00:29:08.9,BUY,0.00339902,0.51674243
33761065,2017-12-26T00:29:10.917,BUY,0.00339903,1.44280574
33761071,2017-12-26T00:29:15.587,BUY,0.00339903,28.75677916
33761072,2017-12-26T00:29:15.587,BUY,0.00339903,0.59008757
33761074,2017-12-26T00:29:17.243,SELL,0.00339902,0.1667281
33761075,2017-12-26T00:29:17.243,SELL,0.00339902,0.58144701
33761076,2017-12-26T00:29:17.243,SELL,0.00339902,15.55105001
33761077,2017-12-26T00:29:17.243,SELL,0.00339902,0.60428006
33761078,2017-12-26T00:29:17.243,SELL,0.003399,1.34539482
33761080,2017-12-26T00:29:18.713,BUY,0.00339903,2.05387626
33761083,2017-12-26T00:29:23.963,BUY,0.00339903,25.91977108
33761086,2017-12-26T00:29:24.62,BUY,0.00339988,11.76512112
33761087,2017-12-26T00:29:26.48,SELL,0.00339903,38.2002308
33761089,2017-12-26T00:29:27.337,SELL,0.003399,5.47736782
33761090,2017-12-26T00:29:27.337,SELL,0.003399,1.44281848
33761091,2017-12-26T00:29:27.337,SELL,0.003399,14.99751787
33761092,2017-12-26T00:29:27.337,SELL,0.003399,30.50264806
33761094,2017-12-26T00:29:27.853,BUY,0.00339903,0.53874843
33761097,2017-12-26T00:29:29.243,SELL,0.003399,8.41970412
33761098,2017-12-26T00:29:29.98,SELL,0.003399,190.88696095
33761101,2017-12-26T00:29:31.713,BUY,0.003399,0.90388644
33761104,2017-12-26T00:29:32.603,BUY,0.003399,0.23752119
33761107,2017-12-26T00:29:34.68,SELL,0.003399,0.46872182
33761111,2017-12-26T00:29:36.697,BUY,0.003399,0.70608379
33761130,2017-12-26T00:29:53.697,BUY,0.003398,4.62242418
33761132,2017-12-26T00:29:57.307,BUY,0.003398,1.5768053
33761133,2017-12-26T00:29:57.307,BUY,0.00339892,8.3631873
33761135,2017-12-26T00:30:00.887,BUY,0.00339892,2.94204177
33761145,2017-12-26T00:30:10.2,BUY,0.00339889,0.19983583
33761149,2017-12-26T00:30:13.323,BUY,0.00339889,1.58903642
33761154,2017-12-26T00:30:17.62,BUY,0.00339889,0.38010939
33761156,2017-12-26T00:30:20.213,BUY,0.00339883,0.21694141
33761160,2017-12-26T00:30:23.667,BUY,0.00339883,0.67656237
33761166,2017-12-26T00:30:28.183,BUY,0.00339882,0.20625627
33761181,2017-12-26T00:30:32.56,BUY,0.00339882,5.86966691
33761200,2017-12-26T00:30:35.713,BUY,0.00339882,191.89533762
33761201,2017-12-26T00:30:35.713,BUY,0.00339882,1.97516702
33761202,2017-12-26T00:30:35.713,BUY,0.00339883,30.24142922
33761203,2017-12-26T00:30:35.713,BUY,0.00339883,59.83641973
33761204,2017-12-26T00:30:35.713,BUY,0.00339883,11.89972428
33761205,2017-12-26T00:30:35.713,BUY,0.00339889,81.31449118
33761206,2017-12-26T00:30:35.713,BUY,0.00339889,0.24298157
33761207,2017-12-26T00:30:35.713,BUY,0.00339889,100.0
33761217,2017-12-26T00:30:36.76,BUY,0.00339988,53.29853372
33761218,2017-12-26T00:30:36.76,BUY,0.0033999,1.89664509
33761219,2017-12-26T00:30:36.76,BUY,0.0033999,5.0
33761220,2017-12-26T00:30:36.76,BUY,0.0034,7.58628689
33761221,2017-12-26T00:30:36.76,BUY,0.0034,9.2278214
33761222,2017-12-26T00:30:36.76,BUY,0.0034,22.5
33761223,2017-12-26T00:30:36.76,BUY,0.0034,38.29482057
33761224,2017-12-26T00:30:36.76,BUY,0.0034,12.0
33761225,2017-12-26T00:30:36.76,BUY,0.00340001,33.23819233
33761241,2017-12-26T00:30:39.51,SELL,0.00339988,0.9242238
33761242,2017-12-26T00:30:39.51,SELL,0.00338754,1.52544394
33761264,2017-12-26T00:30:42.887,BUY,0.0034,2.82434008
33761265,2017-12-26T00:30:42.887,BUY,0.00340001,2.652e-05
33761266,2017-12-26T00:30:42.887,BUY,0.00341138,1.5856334
33761361,2017-12-26T00:30:56.997,SELL,0.0034127,3.09774079
33761362,2017-12-26T00:30:56.997,SELL,0.00338799,2e-08
33761375,2017-12-26T00:30:58.42,BUY,0.00341356,12.76941375
33761429,2017-12-26T00:31:04.107,BUY,0.00341356,0.28574567
33761433,2017-12-26T00:31:04.387,BUY,0.00341356,0.0319419
33761435,2017-12-26T00:31:04.42,SELL,0.00341356,0.23635278
33761436,2017-12-26T00:31:04.42,SELL,0.00339003,1.67265412
33761438,2017-12-26T00:31:04.793,BUY,0.00339003,0.37847584
33761448,2017-12-26T00:31:06.03,BUY,0.00339003,1.87549481
33761463,2017-12-26T00:31:06.59,BUY,0.00341359,2.0
33761490,2017-12-26T00:31:08.577,BUY,0.00341328,1.67265414
33761491,2017-12-26T00:31:08.577,BUY,0.00341359,0.32734586
33761498,2017-12-26T00:31:09.077,BUY,0.00341359,0.35161223
33761550,2017-12-26T00:31:14.983,BUY,0.00341359,0.20536444
33761561,2017-12-26T00:31:15.7,BUY,0.00341359,58.442871
33761670,2017-12-26T00:31:27.67,BUY,0.00341359,4.16189217
33761690,2017-12-26T00:31:29.81,BUY,0.00341359,1.4647336
33761726,2017-12-26T00:31:34.233,BUY,0.00341358,0.27454218
33761785,2017-12-26T00:31:41.797,SELL,0.00339031,31.0831417
33761859,2017-12-26T00:31:49.92,BUY,0.00341348,3.09703294
33761897,2017-12-26T00:31:54.343,BUY,0.00341341,12.76986266
33761926,2017-12-26T00:31:57.89,BUY,0.00341341,0.26830647
33761952,2017-12-26T00:32:01.843,BUY,0.00341341,0.63492812
33761955,2017-12-26T00:32:02.123,BUY,0.00341341,0.22031048
33761960,2017-12-26T00:32:02.483,BUY,0.00341341,0.35163077
33761963,2017-12-26T00:32:02.97,BUY,0.00341341,0.41884508
33761992,2017-12-26T00:32:14.547,BUY,0.0034134,8.06103292
33762005,2017-12-26T00:32:15.767,BUY,0.00341348,0.54078829
33762008,2017-12-26T00:32:16.623,BUY,0.00341348,0.44732941
33762009,2017-12-26T00:32:16.827,SELL,0.00341341,76.74124329
33762013,2017-12-26T00:32:17.22,BUY,0.00341341,0.30255634
33762016,2017-12-26T00:32:17.313,BUY,0.00341341,0.22802536
33762019,2017-12-26T00:32:17.623,BUY,0.00341341,0.33954498
33762025,2017-12-26T00:32:18.373,SELL,0.0034134,1.20752329
33762026,2017-12-26T00:32:18.373,SELL,0.0034,76.74124328
33762033,2017-12-26T00:32:18.873,BUY,0.00341341,0.31908268
33762041,2017-12-26T00:32:19.347,BUY,0.00341341,0.4844276
33762044,2017-12-26T00:32:19.8,BUY,0.00341341,0.69028625
33762047,2017-12-26T00:32:20.127,BUY,0.00341341,0.48419616
33762061,2017-12-26T00:32:22.627,BUY,0.00341339,0.34897858
33762065,2017-12-26T00:32:23.16,BUY,0.00341339,0.64691992
33762071,2017-12-26T00:32:23.563,BUY,0.00341339,2.02467593
33762075,2017-12-26T00:32:24.16,BUY,0.00341339,0.49763139
33762078,2017-12-26T00:32:24.72,SELL,0.0034,3.18174246
33762088,2017-12-26T00:32:28.283,BUY,0.0034133,0.70268948
33762090,2017-12-26T00:32:28.783,BUY,0.0034133,0.55488237
33762094,2017-12-26T00:32:29.207,BUY,0.0034133,0.47085518
33762099,2017-12-26T00:32:31.173,BUY,0.0034133,0.32226877
33762101,2017-12-26T00:32:31.66,BUY,0.0034133,0.47697536
33762102,2017-12-26T00:32:31.737,SELL,0.0034,190.52724553
33762111,2017-12-26T00:32:35.457,BUY,0.0034133,0.28630944
33762116,2017-12-26T00:32:38.97,BUY,0.0034133,0.39920898
33762118,2017-12-26T00:32:39.22,BUY,0.0034133,0.37623121
33762122,2017-12-26T00:32:39.783,BUY,0.0034133,0.75256204
33762124,2017-12-26T00:32:40.05,BUY,0.0034133,1.14328656
33762126,2017-12-26T00:32:40.393,BUY,0.0034133,0.83217414
33762128,2017-12-26T00:32:40.893,BUY,0.0034133,0.79177922
33762130,2017-12-26T00:32:41.19,BUY,0.0034133,0.37209152
33762132,2017-12-26T00:32:41.673,BUY,0.0034133,1.51455483
33762134,2017-12-26T00:32:42.033,BUY,0.0034133,0.43289485
33762136,2017-12-26T00:32:42.627,BUY,0.0034133,0.4132306
33762138,2017-12-26T00:32:43.11,BUY,0.0034133,0.51357337
33762140,2017-12-26T00:32:43.88,BUY,0.0034133,0.30989658
33762145,2017-12-26T00:32:47.457,BUY,0.0034133,0.34695456
33762147,2017-12-26T00:32:47.783,BUY,0.0034133,0.28439633
33762149,2017-12-26T00:32:48.173,BUY,0.0034133,4.06307679
33762151,2017-12-26T00:32:50.737,BUY,0.0034133,0.45814901
33762154,2017-12-26T00:32:52.173,BUY,0.0034133,6.73942226
33762156,2017-12-26T00:32:52.55,BUY,0.0034133,0.25745759
33762158,2017-12-26T00:32:56.02,BUY,0.00341326,0.3181701
33762159,2017-12-26T00:32:59.22,SELL,0.00340002,0.90577439
33762163,2017-12-26T00:33:03.05,BUY,0.00341326,0.20943028
33762167,2017-12-26T00:33:03.863,BUY,0.00341326,0.97320999
33762169,2017-12-26T00:33:04.66,SELL,0.00341326,0.41850057
33762172,2017-12-26T00:33:06.13,BUY,0.00341326,5.34770591
33762174,2017-12-26T00:33:06.237,BUY,0.0034133,0.3248938
33762175,2017-12-26T00:33:06.567,SELL,0.00341326,1.26500236
33762179,2017-12-26T00:33:07.27,BUY,0.00341329,0.22651979
33762183,2017-12-26T00:33:07.723,BUY,0.00341329,2.42838309
33762187,2017-12-26T00:33:08.283,BUY,0.00341329,0.59533589
33762188,2017-12-26T00:33:08.393,SELL,0.00341326,27.08404104
33762189,2017-12-26T00:33:08.393,SELL,0.00340003,1.47312065
33762191,2017-12-26T00:33:08.707,BUY,0.00341329,0.32213788
33762193,2017-12-26T00:33:09.143,BUY,0.00341329,0.67374293
33762195,2017-12-26T00:33:09.427,BUY,0.00341329,0.27040773
33762198,2017-12-26T00:33:09.643,BUY,0.00341329,0.31087309
33762200,2017-12-26T00:33:09.69,BUY,0.00341329,0.22367569
33762204,2017-12-26T00:33:10.207,BUY,0.00341329,2.46106249
33762209,2017-12-26T00:33:10.69,BUY,0.00341329,3.51566963
33762211,2017-12-26T00:33:11.317,BUY,0.00341329,0.54573154
33762214,2017-12-26T00:33:11.88,BUY,0.00341329,0.24222085
33762216,2017-12-26T00:33:11.987,BUY,0.00341329,1.07879495
33762218,2017-12-26T00:33:13.44,BUY,0.00341329,0.46489164
33762220,2017-12-26T00:33:13.753,BUY,0.00341329,0.88625051
33762223,2017-12-26T00:33:14.207,BUY,0.00341329,0.58143023
33762228,2017-12-26T00:33:15.363,BUY,0.00341329,0.58549083
33762230,2017-12-26T00:33:15.58,BUY,0.00341329,4.0506
33762237,2017-12-26T00:33:16.927,BUY,0.00341329,0.5344521
33762241,2017-12-26T00:33:17.63,BUY,0.00341329,0.4456041
33762242,2017-12-26T00:33:17.63,BUY,0.00341329,0.21233296
33762245,2017-12-26T00:33:19.503,BUY,0.00341323,0.70514665
33762246,2017-12-26T00:33:19.783,SELL,0.00340003,1.46069425
33762247,2017-12-26T00:33:19.783,SELL,0.00340002,6.18200152
33762252,2017-12-26T00:33:21.067,SELL,0.00340002,128.99442786
33762253,2017-12-26T00:33:21.067,SELL,0.0034,31.00557214
33762254,2017-12-26T00:33:21.16,SELL,0.0034,8.89812969
33762273,2017-12-26T00:33:24.457,BUY,0.00341323,0.23543096
33762288,2017-12-26T00:33:27.27,BUY,0.00340002,1.66333649
33762291,2017-12-26T00:33:27.457,BUY,0.00340002,8.0
33762300,2017-12-26T00:33:28.537,BUY,0.00340002,0.29786742
33762310,2017-12-26T00:33:29.347,BUY,0.00340002,1.23927482
33762314,2017-12-26T00:33:29.817,BUY,0.00340002,0.56112611
33762316,2017-12-26T00:33:30.177,BUY,0.00340002,0.37468015
33762321,2017-12-26T00:33:30.597,BUY,0.00340002,0.32325104
33762325,2017-12-26T00:33:30.817,BUY,0.00340002,0.16176375
33762342,2017-12-26T00:33:35.55,BUY,0.00340002,0.58720243
33762345,2017-12-26T00:33:36.287,BUY,0.00340002,1.17646366
33762347,2017-12-26T00:33:36.74,BUY,0.00340002,0.57387604
33762348,2017-12-26T00:33:37.207,SELL,0.0034,118.13349
33762349,2017-12-26T00:33:37.49,SELL,0.0034,7.28974398
33762351,2017-12-26T00:33:37.6,BUY,0.00340002,0.10534523
33762353,2017-12-26T00:33:37.6,BUY,0.00341323,3.1252
33762368,2017-12-26T00:33:42.613,SELL,0.00340002,0.31236702
33762369,2017-12-26T00:33:42.613,SELL,0.00340002,1.08224952
33762370,2017-12-26T00:33:42.613,SELL,0.00340002,0.3974359
33762371,2017-12-26T00:33:42.613,SELL,0.00340002,31.63611946
33762372,2017-12-26T00:33:42.613,SELL,0.00340002,0.18677243
33762373,2017-12-26T00:33:42.613,SELL,0.00340002,0.21729284
33762374,2017-12-26T00:33:42.613,SELL,0.0034,2.54436538
33762375,2017-12-26T00:33:42.613,SELL,0.0034,5.28054569
33762376,2017-12-26T00:33:42.613,SELL,0.0034,2.21221505
33762377,2017-12-26T00:33:42.613,SELL,0.0034,10.0
33762378,2017-12-26T00:33:42.613,SELL,0.0034,35.68734147
33762382,2017-12-26T00:33:43.24,BUY,0.00341317,0.47575799
33762385,2017-12-26T00:33:44.13,BUY,0.00340002,0.81264631
33762393,2017-12-26T00:33:48.27,BUY,0.00340002,0.22996924
33762397,2017-12-26T00:33:49.753,SELL,0.0034,6.2756971
33762412,2017-12-26T00:33:53.85,BUY,0.00340002,1.39713002
33762432,2017-12-26T00:33:56.927,BUY,0.00340002,0.32616279
33762434,2017-12-26T00:33:57.21,SELL,0.00339342,4.3911007
33762436,2017-12-26T00:33:57.833,BUY,0.00339342,23.5049
33762439,2017-12-26T00:33:57.91,BUY,0.00339342,4.3911007
33762441,2017-12-26T00:33:57.99,BUY,0.00339342,0.22740454
33762443,2017-12-26T00:33:58.287,BUY,0.00339342,4.3911007
33762448,2017-12-26T00:33:59.05,BUY,0.00339342,9.0
33762451,2017-12-26T00:33:59.27,BUY,0.00339342,0.59882361
33762453,2017-12-26T00:33:59.427,BUY,0.00339342,8.31
33762455,2017-12-26T00:33:59.443,BUY,0.00339342,0.3529391
33762458,2017-12-26T00:33:59.63,BUY,0.00339342,0.32402414
33762460,2017-12-26T00:33:59.943,BUY,0.00339342,0.677688
33762463,2017-12-26T00:34:00.41,BUY,0.00339342,0.31269339
33762466,2017-12-26T00:34:00.537,BUY,0.00339342,38.9662483
33762467,2017-12-26T00:34:00.537,BUY,0.00340002,5.23493469
33762472,2017-12-26T00:34:00.833,BUY,0.00341317,9.0
33762499,2017-12-26T00:34:03.287,SELL,0.00340318,23.4964
33762500,2017-12-26T00:34:03.287,SELL,0.00340002,15.0
33762501,2017-12-26T00:34:03.287,SELL,0.00339342,2.47547312
33762502,2017-12-26T00:34:03.287,SELL,0.00339341,1.5
33762503,2017-12-26T00:34:03.287,SELL,0.00339341,2.04202688
33762504,2017-12-26T00:34:03.647,SELL,0.00339341,2.34522085
33762505,2017-12-26T00:34:03.647,SELL,0.00339031,4.0
33762506,2017-12-26T00:34:03.647,SELL,0.00339031,0.09837092
33762514,2017-12-26T00:34:04.257,BUY,0.00341317,10.29697525
33762515,2017-12-26T00:34:04.257,BUY,0.00341317,12.48872475
33762519,2017-12-26T00:34:04.567,SELL,0.00339342,0.848175
33762520,2017-12-26T00:34:04.567,SELL,0.00339342,0.54892704
33762521,2017-12-26T00:34:04.567,SELL,0.00339341,4.38724773
33762522,2017-12-26T00:34:04.567,SELL,0.00339031,12.40091347
33762523,2017-12-26T00:34:04.567,SELL,0.00339017,5.31113676
33762531,2017-12-26T00:34:05.337,SELL,0.00339343,18.0
33762536,2017-12-26T00:34:05.68,BUY,0.00340002,1.07883287
33762545,2017-12-26T00:34:06.913,BUY,0.00340002,9.0
33762548,2017-12-26T00:34:07.087,BUY,0.00340002,17.4678
33762551,2017-12-26T00:34:07.18,BUY,0.00340002,0.43901417
33762555,2017-12-26T00:34:07.507,BUY,0.00340002,0.46670608
33762558,2017-12-26T00:34:07.727,BUY,0.00340002,0.88970947
33762565,2017-12-26T00:34:08.197,BUY,0.00340002,0.58369951
33762570,2017-12-26T00:34:08.71,BUY,0.00340002,8.5706379
33762571,2017-12-26T00:34:08.71,BUY,0.00341317,0.4293621
33762580,2017-12-26T00:34:10.617,BUY,0.00341317,0.53447089
33762582,2017-12-26T00:34:10.76,BUY,0.00341317,9.0
33762585,2017-12-26T00:34:11.337,BUY,0.00341317,0.24538801
33762587,2017-12-26T00:34:12.117,SELL,0.00341317,0.41257219
33762588,2017-12-26T00:34:12.117,SELL,0.00341317,0.70517144
33762594,2017-12-26T00:34:13.913,SELL,0.00340003,23.0801
33762595,2017-12-26T00:34:13.913,SELL,0.00340002,0.58777595
33762599,2017-12-26T00:34:14.76,SELL,0.00339017,23.0801
33762602,2017-12-26T00:34:14.79,BUY,0.00340002,0.41257219
33762608,2017-12-26T00:34:17.15,BUY,0.00341315,6.98922196
33762609,2017-12-26T00:34:17.29,SELL,0.00341317,2.01077804
33762610,2017-12-26T00:34:17.307,SELL,0.00340002,0.245107
33762623,2017-12-26T00:34:20.79,BUY,0.00341329,12.38883013
33762636,2017-12-26T00:34:22.96,BUY,0.00341329,0.28615207
33762637,2017-12-26T00:34:23.103,SELL,0.00341315,0.27505091
33762638,2017-12-26T00:34:23.103,SELL,0.00341315,0.5559908
33762640,2017-12-26T00:34:23.18,BUY,0.00341315,0.16492885
33762643,2017-12-26T00:34:23.68,BUY,0.00341315,0.16492885
33762644,2017-12-26T00:34:23.773,SELL,0.00340002,2.01077804
33762648,2017-12-26T00:34:23.96,BUY,0.00340002,5.64800165
33762651,2017-12-26T00:34:24.163,BUY,0.00341315,0.29786218
33762657,2017-12-26T00:34:24.883,BUY,0.00341315,1.23925304
33762660,2017-12-26T00:34:25.227,BUY,0.00341315,0.5589446
33762661,2017-12-26T00:34:25.273,SELL,0.00340003,2.84181975
33762664,2017-12-26T00:34:25.633,BUY,0.00341315,0.37322349
33762667,2017-12-26T00:34:25.93,BUY,0.00341315,0.32199432
33762679,2017-12-26T00:34:28.523,SELL,0.00340003,2.84181975
33762687,2017-12-26T00:34:29.76,BUY,0.00341315,0.58494353
33762703,2017-12-26T00:34:32.603,BUY,0.00341315,0.49635967
33762712,2017-12-26T00:34:33.65,BUY,0.00341315,0.17582878
33762724,2017-12-26T00:34:36.227,BUY,0.00341315,0.47577751
33762847,2017-12-26T00:35:00.79,SELL,0.00341306,0.43902832
33762848,2017-12-26T00:35:00.79,SELL,0.00340003,0.45160868
33762849,2017-12-26T00:35:00.79,SELL,0.0033902,0.109363
33762854,2017-12-26T00:35:01.4,BUY,0.00341315,0.27505091
33762862,2017-12-26T00:35:01.98,BUY,0.00341306,0.5559908
33762934,2017-12-26T00:35:10.34,SELL,0.00339025,4.36811295
33762941,2017-12-26T00:35:11.23,BUY,0.00341301,7.30630063
33762956,2017-12-26T00:35:12.48,BUY,0.00341301,12.3898102
33762963,2017-12-26T00:35:14.463,BUY,0.00341301,4.39
33762987,2017-12-26T00:35:16.573,BUY,0.00341294,0.28617555
33762993,2017-12-26T00:35:16.933,BUY,0.00341294,0.16494238
33763051,2017-12-26T00:35:24.527,BUY,0.00341294,0.46410431
33763091,2017-12-26T00:35:31.01,BUY,0.0034129,0.28585367
33763094,2017-12-26T00:35:31.213,BUY,0.0034129,0.20806645
33763100,2017-12-26T00:35:31.683,BUY,0.0034129,0.19796654
33763151,2017-12-26T00:35:40.887,BUY,0.003412,0.40645955
33763202,2017-12-26T00:35:49.12,BUY,0.00341195,0.69612099
33763243,2017-12-26T00:35:53.027,SELL,0.00339105,23.01
33763244,2017-12-26T00:35:53.027,SELL,0.00339104,4.06531084
33763246,2017-12-26T00:35:53.09,BUY,0.00341195,0.48586878
33763275,2017-12-26T00:35:56.683,BUY,0.003411,0.53975667
33763289,2017-12-26T00:35:58.403,SELL,0.00339104,15.90371144
33763291,2017-12-26T00:35:58.467,BUY,0.003411,4.39
33763314,2017-12-26T00:36:01.073,BUY,0.003411,0.29090882
33763328,2017-12-26T00:36:03.543,BUY,0.003411,0.32918792
33763333,2017-12-26T00:36:04.263,BUY,0.003411,0.35280856
33763339,2017-12-26T00:36:05.433,BUY,0.00341096,3.010003
33763434,2017-12-26T00:36:19.357,BUY,0.0034105,1.31891408
33763445,2017-12-26T00:36:20.06,BUY,0.0034105,0.62013195
33763449,2017-12-26T00:36:20.42,BUY,0.0034105,0.27970092
33763478,2017-12-26T00:36:24.14,BUY,0.00341046,4.39
33763503,2017-12-26T00:36:30.187,SELL,0.00339117,0.46410431
33763512,2017-12-26T00:36:31.84,BUY,0.00341045,0.29270331
33763515,2017-12-26T00:36:31.967,BUY,0.00341045,3.5
33763635,2017-12-26T00:36:54.937,BUY,0.00341038,0.849388
33763673,2017-12-26T00:37:02.547,BUY,0.00341035,0.32925066
33763676,2017-12-26T00:37:03.203,BUY,0.00341035,0.3528758
33763685,2017-12-26T00:37:06.077,BUY,0.00341035,15.50043514
33763689,2017-12-26T00:37:06.78,SELL,0.00341035,4.07777899
33763690,2017-12-26T00:37:06.86,SELL,0.00341035,7.54403113
33763696,2017-12-26T00:37:09.013,BUY,0.00341,0.2782522
33763701,2017-12-26T00:37:10,BUY,0.00341,2.48015543
33763735,2017-12-26T00:37:19.72,BUY,0.00340994,0.62023379
33763737,2017-12-26T00:37:19.907,BUY,0.00340994,0.27974686
33763753,2017-12-26T00:37:22.907,BUY,0.00340994,0.76288232
33763754,2017-12-26T00:37:22.907,BUY,0.00340998,4.3078631
33763763,2017-12-26T00:37:24.123,BUY,0.00340998,0.29274365
33763768,2017-12-26T00:37:25.03,BUY,0.0034095,21.30108926
33763818,2017-12-26T00:37:34.5,SELL,0.00339214,1.56277488
33763820,2017-12-26T00:37:34.58,BUY,0.0034095,0.53
33763824,2017-12-26T00:37:35.08,BUY,0.0034095,3.52051642
33763825,2017-12-26T00:37:35.08,BUY,0.0034095,1.7283569
33763826,2017-12-26T00:37:35.08,BUY,0.0034095,0.60242452
33763830,2017-12-26T00:37:36.423,BUY,0.0034095,2.53816638
33763831,2017-12-26T00:37:36.423,BUY,0.0034095,1.81773362
33763844,2017-12-26T00:37:39.5,SELL,0.00339217,0.91739244
33763850,2017-12-26T00:37:39.907,BUY,0.0034095,3.18226638
33763851,2017-12-26T00:37:39.907,BUY,0.0034095,45.5306399
33763852,2017-12-26T00:37:39.907,BUY,0.0034095,19.97609372
33763857,2017-12-26T00:37:40.313,BUY,0.0034095,3.415e-05
33763863,2017-12-26T00:37:41.89,SELL,0.00339219,68.68899999
33763864,2017-12-26T00:37:42,SELL,0.00339219,2.82800001
33763865,2017-12-26T00:37:42,SELL,0.00339218,22.1091
33763866,2017-12-26T00:37:42,SELL,0.00339212,9.65721993
33763867,2017-12-26T00:37:42,SELL,0.00339209,0.36756061
33763868,2017-12-26T00:37:42,SELL,0.00339202,3.66401626
33763869,2017-12-26T00:37:42,SELL,0.00339201,0.32348077
33763870,2017-12-26T00:37:42,SELL,0.00339144,29.73962241
33763880,2017-12-26T00:37:47.97,SELL,0.00339222,2.0
33763928,2017-12-26T00:37:59.19,SELL,0.00339228,43.075
33763929,2017-12-26T00:37:59.19,SELL,0.00339227,21.3906
33763930,2017-12-26T00:37:59.19,SELL,0.00339222,10.66482316
33763931,2017-12-26T00:37:59.19,SELL,0.00339143,59.32642616
33763932,2017-12-26T00:37:59.19,SELL,0.00339112,50.39699107
33763934,2017-12-26T00:37:59.44,BUY,0.00339112,21.4032
33763936,2017-12-26T00:38:00.283,BUY,0.00339112,0.27829627
33763938,2017-12-26T00:38:00.797,BUY,0.00339112,47.7552
33763940,2017-12-26T00:38:00.877,BUY,0.00339112,0.69
33763942,2017-12-26T00:38:01.783,BUY,0.00339112,9.0
33763945,2017-12-26T00:38:01.97,BUY,0.00339112,9.0
33763948,2017-12-26T00:38:02.203,BUY,0.00339112,2.49396365
33763950,2017-12-26T00:38:02.36,BUY,0.00339112,40.6
33763952,2017-12-26T00:38:03.69,BUY,0.00339112,9.0
33763956,2017-12-26T00:38:04.08,BUY,0.00339112,49.14
33763962,2017-12-26T00:38:05.267,BUY,0.00339112,2.0
33763968,2017-12-26T00:38:06.673,BUY,0.00339112,9.0
33763974,2017-12-26T00:38:07.377,BUY,0.00339112,249.78549969
33763975,2017-12-26T00:38:07.377,BUY,0.00339112,29.18494863
33763988,2017-12-26T00:38:08.517,BUY,0.00340942,2.0
33763997,2017-12-26T00:38:09.8,SELL,0.00340202,21.1929
33763998,2017-12-26T00:38:09.8,SELL,0.00339112,2.0
33763999,2017-12-26T00:38:09.8,SELL,0.00339017,0.28417475
33764000,2017-12-26T00:38:10.407,SELL,0.00339017,0.74789175
33764001,2017-12-26T00:38:10.407,SELL,0.00339016,8.82701701
33764003,2017-12-26T00:38:10.407,SELL,0.00339003,0.852322
33764004,2017-12-26T00:38:10.407,SELL,0.00339003,0.2175084
33764005,2017-12-26T00:38:10.407,SELL,0.00338699,50.0
33764006,2017-12-26T00:38:10.407,SELL,0.00338699,137.93462985
33764007,2017-12-26T00:38:10.407,SELL,0.00338552,16.20405613
33764008,2017-12-26T00:38:10.407,SELL,0.003385,44.86542612
33764009,2017-12-26T00:38:10.407,SELL,0.003385,4.0
33764010,2017-12-26T00:38:10.407,SELL,0.0033834,18.20416894
33764011,2017-12-26T00:38:10.407,SELL,0.00338339,18.3102798
33764015,2017-12-26T00:38:10.627,BUY,0.00338699,14.76223937
33764016,2017-12-26T00:38:10.657,SELL,0.00338339,8.99995168
33764017,2017-12-26T00:38:11.25,SELL,0.00338339,24.8201
33764020,2017-12-26T00:38:11.377,SELL,0.0033834,21.1961
33764021,2017-12-26T00:38:11.377,SELL,0.0033834,42.3921
33764022,2017-12-26T00:38:11.377,SELL,0.00338339,7.149
33764027,2017-12-26T00:38:11.517,BUY,0.00338699,264.20816061
33764039,2017-12-26T00:38:12.157,BUY,0.00340197,21.1823
33764043,2017-12-26T00:38:12.36,BUY,0.00340197,19.51031787
33764044,2017-12-26T00:38:12.36,BUY,0.00340202,1.67198213
33764048,2017-12-26T00:38:12.8,BUY,0.00340202,19.51032142
33764051,2017-12-26T00:38:13.127,BUY,0.00340942,11.22807017
33764061,2017-12-26T00:38:13.72,BUY,0.00340942,4.00685
33764070,2017-12-26T00:38:15.94,SELL,0.00338341,5.9111961
33764071,2017-12-26T00:38:15.94,SELL,0.0033834,15.2807039
33764074,2017-12-26T00:38:18.25,SELL,0.00338342,18.3513
33764081,2017-12-26T00:38:19.813,BUY,0.00340202,3.0
33764085,2017-12-26T00:38:20.5,SELL,0.00338342,0.84828
33764086,2017-12-26T00:38:20.5,SELL,0.0033834,23.18421999
33764090,2017-12-26T00:38:22.033,BUY,0.00338342,9.0
33764095,2017-12-26T00:38:24.063,BUY,0.00338342,7.66570844
33764096,2017-12-26T00:38:24.063,BUY,0.00340202,0.33429156
33764107,2017-12-26T00:38:26.16,SELL,0.00339802,7.6657
33764108,2017-12-26T00:38:26.5,SELL,0.00339802,10.2531
33764109,2017-12-26T00:38:26.5,SELL,0.00338342,0.84828
33764110,2017-12-26T00:38:26.5,SELL,0.00338339,6.81742
33764117,2017-12-26T00:38:28.55,SELL,0.00339,17.9188
33764120,2017-12-26T00:38:29.75,SELL,0.00339,24.8385
33764123,2017-12-26T00:38:30.517,SELL,0.00339001,1.91291725
33764125,2017-12-26T00:38:30.877,BUY,0.00339802,9.0
33764133,2017-12-26T00:38:36.143,BUY,0.00339802,2.67961381
33764135,2017-12-26T00:38:36.457,BUY,0.00339802,6.23918619
33764136,2017-12-26T00:38:36.457,BUY,0.00339802,0.76081381
33764142,2017-12-26T00:38:43.283,BUY,0.00339802,12.4168
33764148,2017-12-26T00:38:50.41,BUY,0.00339752,2.99309892
33764151,2017-12-26T00:38:51.393,BUY,0.00339752,1.21808674
33764161,2017-12-26T00:38:56.003,BUY,0.00339751,0.16524749
33764164,2017-12-26T00:38:56.707,BUY,0.00339751,1.6993172
33764165,2017-12-26T00:38:56.707,BUY,0.00339752,0.3006828
33764170,2017-12-26T00:38:59.613,BUY,0.00339752,0.29428902
33764174,2017-12-26T00:39:00.347,BUY,0.00339752,2.68021096
33764180,2017-12-26T00:39:02.38,BUY,0.00339752,0.55923143
33764192,2017-12-26T00:39:07.16,BUY,0.00339752,0.31125056
33764209,2017-12-26T00:39:12.737,BUY,0.00339752,12.80582
33764240,2017-12-26T00:39:20.317,BUY,0.00339752,24.20572637
33764241,2017-12-26T00:39:20.317,BUY,0.00339752,2.67603264
33764242,2017-12-26T00:39:20.317,BUY,0.00339752,1.57994393
33764260,2017-12-26T00:39:25.597,SELL,0.00339754,0.8978155
33764261,2017-12-26T00:39:25.597,SELL,0.00339003,0.6385328
33764272,2017-12-26T00:39:30.753,BUY,0.003398,2.41928
33764275,2017-12-26T00:39:31.643,SELL,0.00339004,2.49449785
33764285,2017-12-26T00:39:34.52,BUY,0.003398,2.2365966
33764287,2017-12-26T00:39:34.707,BUY,0.003398,12.81226
33764291,2017-12-26T00:39:36.503,SELL,0.00339004,15.32790215
33764293,2017-12-26T00:39:36.647,BUY,0.00339004,12.81292
33764300,2017-12-26T00:39:38.693,BUY,0.00339004,9.0
33764302,2017-12-26T00:39:38.787,BUY,0.00339004,0.35314683
33764305,2017-12-26T00:39:39.397,BUY,0.00339004,12.81319
33764308,2017-12-26T00:39:39.943,BUY,0.00339004,16.5841279
33764311,2017-12-26T00:39:40.537,BUY,0.003398,9.0
33764315,2017-12-26T00:39:41.037,SELL,0.00339196,16.5841
33764316,2017-12-26T00:39:41.037,SELL,0.00339004,3.4558721
33764317,2017-12-26T00:39:41.037,SELL,0.00339003,1.297279
33764320,2017-12-26T00:39:41.443,SELL,0.00339197,16.5841
33764321,2017-12-26T00:39:41.443,SELL,0.00339003,31.75325662
33764322,2017-12-26T00:39:41.443,SELL,0.00339003,52.64200542
33764326,2017-12-26T00:39:42.1,BUY,0.003398,102.8656
33764333,2017-12-26T00:39:44.613,SELL,0.00339197,2.2365966
33764354,2017-12-26T00:39:52.757,SELL,0.00339198,17.7743
33764359,2017-12-26T00:39:53.96,BUY,0.00339197,1.0144853
33764364,2017-12-26T00:39:55.613,BUY,0.00339799,1.0
33764400,2017-12-26T00:40:07.677,BUY,0.00339799,0.31120751
33764406,2017-12-26T00:40:13.927,SELL,0.00339198,17.6985
33764407,2017-12-26T00:40:13.927,SELL,0.00339197,0.4855147
33764408,2017-12-26T00:40:13.927,SELL,0.00339197,1.5
33764409,2017-12-26T00:40:13.927,SELL,0.00339197,1.5
33764410,2017-12-26T00:40:13.927,SELL,0.00339003,9.07287689
33764411,2017-12-26T00:40:13.927,SELL,0.00339003,2.79151561
33764412,2017-12-26T00:40:13.927,SELL,0.00339,92.00306561
33764420,2017-12-26T00:40:17.507,BUY,0.00339798,1.0
33764467,2017-12-26T00:40:28.397,BUY,0.00339798,65.6168204
33764468,2017-12-26T00:40:28.787,SELL,0.00339003,0.79149669
33764480,2017-12-26T00:40:30.227,SELL,0.00339003,6.56000927
33764501,2017-12-26T00:40:34.007,BUY,0.00339003,4.95
33764506,2017-12-26T00:40:34.897,BUY,0.00339003,32.85802869
33764515,2017-12-26T00:40:36.803,BUY,0.00339796,0.43059151
33764517,2017-12-26T00:40:37.82,SELL,0.00339009,2.95873804
33764521,2017-12-26T00:40:39.24,BUY,0.00339003,7.78764213
33764522,2017-12-26T00:40:39.24,BUY,0.00339009,1.21235787
33764525,2017-12-26T00:40:40.333,BUY,0.00339009,8.20545311
33764531,2017-12-26T00:40:41.303,BUY,0.00339003,9.0
33764533,2017-12-26T00:40:41.32,BUY,0.00339003,2.08246996
33764540,2017-12-26T00:40:43.29,BUY,0.00339003,4.81856884
33764541,2017-12-26T00:40:43.29,BUY,0.00339009,0.18143116
33764545,2017-12-26T00:40:45.087,BUY,0.00339009,1.00814695
33764546,2017-12-26T00:40:45.087,BUY,0.00339796,3.99185305
33764548,2017-12-26T00:40:45.647,BUY,0.00339796,3.8061
33764580,2017-12-26T00:40:58.35,SELL,0.00339011,1.24289951
33764581,2017-12-26T00:40:58.35,SELL,0.0033901,2.58307212
33764591,2017-12-26T00:41:02.257,BUY,0.0033901,5.0
33764594,2017-12-26T00:41:04.04,BUY,0.0033901,8.94317914
33764605,2017-12-26T00:41:06.867,BUY,0.0033901,5.0
33764610,2017-12-26T00:41:07.553,SELL,0.00339009,0.45782536
33764622,2017-12-26T00:41:10.773,BUY,0.0033901,0.2908
33764623,2017-12-26T00:41:10.773,SELL,0.00339009,2.46217464
33764625,2017-12-26T00:41:10.977,BUY,0.00339009,0.2908
33764627,2017-12-26T00:41:11.18,BUY,0.00339009,0.2908
33764629,2017-12-26T00:41:11.4,BUY,0.00339009,0.2908
33764638,2017-12-26T00:41:13.6,BUY,0.00339009,8.51156774
33764639,2017-12-26T00:41:13.6,BUY,0.00339009,0.48843226
33764644,2017-12-26T00:41:15.54,SELL,0.00339,4.48270147
33764645,2017-12-26T00:41:15.54,SELL,0.00339,40.06335736
33764646,2017-12-26T00:41:15.54,SELL,0.00339,0.17654867
33764648,2017-12-26T00:41:15.65,BUY,0.00339,1.0
33764653,2017-12-26T00:41:17.383,BUY,0.00339,2.0
33764659,2017-12-26T00:41:17.773,BUY,0.00339,9.0
33764663,2017-12-26T00:41:18.68,SELL,0.00338346,24.33
33764664,2017-12-26T00:41:18.68,SELL,0.00338345,17.4809
33764665,2017-12-26T00:41:18.68,SELL,0.00338342,29.48200342
33764666,2017-12-26T00:41:18.68,SELL,0.00338341,14.92089968
33764667,2017-12-26T00:41:18.68,SELL,0.0033834,13.34266259
33764668,2017-12-26T00:41:18.68,SELL,0.0033834,0.44353431
33764675,2017-12-26T00:41:20.477,BUY,0.00339,2.0
33764685,2017-12-26T00:41:22.43,BUY,0.00338999,0.7
33764686,2017-12-26T00:41:22.43,BUY,0.00339,1.3
33764695,2017-12-26T00:41:24.43,BUY,0.00339,2.0
33764698,2017-12-26T00:41:25.057,BUY,0.00339,2.96374991
33764705,2017-12-26T00:41:26.26,BUY,0.00339,0.29
33764707,2017-12-26T00:41:26.353,BUY,0.00339,2.0
33764709,2017-12-26T00:41:26.727,BUY,0.00339,0.32353982
33764731,2017-12-26T00:41:32.087,BUY,0.00339,0.68866077
33764745,2017-12-26T00:41:35.79,SELL,0.00338341,17.4776
33764752,2017-12-26T00:41:37.26,BUY,0.00338341,8.3582837
33764753,2017-12-26T00:41:37.26,BUY,0.00338341,1.63e-05
33764755,2017-12-26T00:41:37.523,BUY,0.00338341,6.07573201
33764757,2017-12-26T00:41:37.633,BUY,0.00339,6.32041973
33764758,2017-12-26T00:41:37.633,BUY,0.00339,1.67958027
33764785,2017-12-26T00:41:41.447,BUY,0.00339,11.99806098
33764795,2017-12-26T00:41:43.273,BUY,0.00339,0.5
33764799,2017-12-26T00:41:44.37,SELL,0.00338341,17.1776
33764800,2017-12-26T00:41:44.37,SELL,0.0033834,24.0047733
33764801,2017-12-26T00:41:44.37,SELL,0.0033834,3.06100328
33764802,2017-12-26T00:41:44.37,SELL,0.0033834,14.74108885
33764803,2017-12-26T00:41:44.37,SELL,0.00338339,0.82350971
33764815,2017-12-26T00:41:50.197,SELL,0.0033834,0.29924007
33764819,2017-12-26T00:41:51.573,BUY,0.00339,0.45467257
33764820,2017-12-26T00:41:52.34,SELL,0.0033834,16.76445993
33764826,2017-12-26T00:41:53.51,BUY,0.0033834,2.32100685
33764831,2017-12-26T00:41:54.37,BUY,0.0033834,9.0
33764833,2017-12-26T00:41:55.23,BUY,0.0033834,216.0326
33764835,2017-12-26T00:41:55.557,BUY,0.0033834,9.72e-06
33764841,2017-12-26T00:41:56.073,SELL,0.0033852,17.0416
33764842,2017-12-26T00:41:56.073,SELL,0.00338339,57.61843696
33764846,2017-12-26T00:41:56.51,BUY,0.00339,9.0
33764848,2017-12-26T00:41:56.87,SELL,0.00338339,18.33310271
33764849,2017-12-26T00:41:56.947,SELL,0.00338339,151.95084743
33764850,2017-12-26T00:41:56.947,SELL,0.00338339,0.68639858
33764851,2017-12-26T00:41:56.947,SELL,0.00338339,1.51751619
33764855,2017-12-26T00:41:58.103,BUY,0.00338339,2.57
33764857,2017-12-26T00:41:58.167,BUY,0.00338339,0.16896367
33764861,2017-12-26T00:41:58.887,BUY,0.00338339,84.76066197
33764862,2017-12-26T00:41:58.887,BUY,0.0033834,2.02467593
33764866,2017-12-26T00:41:59.243,BUY,0.00339,9.0
33764876,2017-12-26T00:42:00.183,SELL,0.0033867,1.37957689
33764884,2017-12-26T00:42:01.51,SELL,0.0033867,1.57314559
33764885,2017-12-26T00:42:01.51,SELL,0.00338453,15.10088066
33764887,2017-12-26T00:42:01.65,BUY,0.00339,0.5
33764915,2017-12-26T00:42:09.09,BUY,0.00339,0.30023009
33764917,2017-12-26T00:42:09.497,BUY,0.00339,0.5530826
33764919,2017-12-26T00:42:10.277,BUY,0.00339,0.30405605
33764921,2017-12-26T00:42:10.573,BUY,0.00339,0.31441298
33764923,2017-12-26T00:42:10.887,BUY,0.00339,0.45853392
33764928,2017-12-26T00:42:12.557,BUY,0.00339,0.18037758
33764937,2017-12-26T00:42:15.887,BUY,0.00339,0.73077919
33764954,2017-12-26T00:42:20.747,BUY,0.00339,0.5
33764960,2017-12-26T00:42:22.497,BUY,0.00338999,8.59917462
33764963,2017-12-26T00:42:22.98,BUY,0.00338999,0.16177039
33764972,2017-12-26T00:42:24.667,BUY,0.00338999,1.17
33764978,2017-12-26T00:42:26.06,BUY,0.00338999,23.53681357
33764979,2017-12-26T00:42:26.06,BUY,0.00339,1.10464914
33764983,2017-12-26T00:42:26.73,SELL,0.00338999,0.5
33764988,2017-12-26T00:42:27.777,BUY,0.00338999,0.3443373
33764996,2017-12-26T00:42:29.59,BUY,0.00338999,1.0
33765018,2017-12-26T00:42:36.747,SELL,0.0033834,15.4688
33765019,2017-12-26T00:42:36.747,SELL,0.00338339,1.0
33765022,2017-12-26T00:42:37.357,BUY,0.00338339,12.7
33765027,2017-12-26T00:42:37.793,BUY,0.00338339,6.0
33765035,2017-12-26T00:42:39.37,BUY,0.00338339,2.27
33765038,2017-12-26T00:42:39.84,BUY,0.00338339,7.07471738
33765039,2017-12-26T00:42:39.84,BUY,0.00338999,1.92528262
33765045,2017-12-26T00:42:42.12,BUY,0.00338339,0.22777747
33765052,2017-12-26T00:42:44.277,BUY,0.00338339,1.0
33765057,2017-12-26T00:42:45.87,BUY,0.00338339,9.0
33765059,2017-12-26T00:42:45.98,BUY,0.00338339,0.31922125
33765062,2017-12-26T00:42:46.527,BUY,0.00338339,0.73271482
33765065,2017-12-26T00:42:46.997,BUY,0.00338339,0.854254
33765070,2017-12-26T00:42:48.513,BUY,0.00338339,9.0
33765072,2017-12-26T00:42:48.98,SELL,0.00338243,1.4782514
33765073,2017-12-26T00:42:48.997,SELL,0.00338238,0.44555388
33765074,2017-12-26T00:42:48.997,SELL,0.00338217,1.95140237
33765075,2017-12-26T00:42:48.997,SELL,0.00338005,14.75569888
33765076,2017-12-26T00:42:48.997,SELL,0.00338,0.29512019
33765077,2017-12-26T00:42:48.997,SELL,0.00338,2.80934956
33765078,2017-12-26T00:42:48.997,SELL,0.00338,2.09869215
33765079,2017-12-26T00:42:49.293,SELL,0.00338,0.44932567
33765080,2017-12-26T00:42:49.31,SELL,0.00338,2.0
33765082,2017-12-26T00:42:49.387,BUY,0.003383,2.27
33765085,2017-12-26T00:42:50.2,BUY,0.003383,20.50178553
33765089,2017-12-26T00:42:50.527,BUY,0.003383,8.65147556
33765090,2017-12-26T00:42:50.527,BUY,0.00338339,0.34852444
33765092,2017-12-26T00:42:50.59,BUY,0.00338339,0.84882
33765097,2017-12-26T00:42:52.387,SELL,0.00338,5.10997035
33765098,2017-12-26T00:42:52.387,SELL,0.00338,0.4
33765099,2017-12-26T00:42:52.387,SELL,0.00338,8.90371408
33765103,2017-12-26T00:42:52.637,BUY,0.00338,7.9
33765106,2017-12-26T00:42:52.933,BUY,0.00338,20.0
33765110,2017-12-26T00:42:53.763,BUY,0.00338,69.45407854
33765111,2017-12-26T00:42:53.763,BUY,0.00338,8.59917462
33765112,2017-12-26T00:42:53.763,BUY,0.00338339,8.91900965
33765113,2017-12-26T00:42:53.763,BUY,0.00338339,13.02773719
33765118,2017-12-26T00:42:54.573,BUY,0.00338339,8.86684656
33765121,2017-12-26T00:42:55.263,BUY,0.00338339,9.0
33765132,2017-12-26T00:42:57.48,BUY,0.00338339,8.0
33765138,2017-12-26T00:42:59.247,BUY,0.00338339,2.9
33765141,2017-12-26T00:43:00.2,SELL,0.003383,1.0
33765142,2017-12-26T00:43:00.2,SELL,0.003383,1.14916396
33765152,2017-12-26T00:43:02.34,BUY,0.00338339,91.6611
33765154,2017-12-26T00:43:02.45,BUY,0.00338339,2.053e-05
33765155,2017-12-26T00:43:02.45,BUY,0.00338999,1.67684525
33765166,2017-12-26T00:43:03.84,BUY,0.00338999,2.70590308
33765167,2017-12-26T00:43:03.84,BUY,0.00338999,6.29409692
33765191,2017-12-26T00:43:07.763,BUY,0.00338999,0.31441391
33765196,2017-12-26T00:43:08.013,BUY,0.00338999,0.30705333
33765200,2017-12-26T00:43:08.373,BUY,0.00338999,24.8528314
33765201,2017-12-26T00:43:08.373,BUY,0.00338999,26.1076486
33765202,2017-12-26T00:43:08.373,BUY,0.00338999,1.8
33765203,2017-12-26T00:43:08.373,BUY,0.00338999,0.18
33765204,2017-12-26T00:43:08.373,BUY,0.00338999,8.94340965
33765205,2017-12-26T00:43:08.373,BUY,0.00338999,3.04962379
33765206,2017-12-26T00:43:08.373,BUY,0.00339,37.96035578
33765207,2017-12-26T00:43:08.373,BUY,0.00339,50.27286136
33765208,2017-12-26T00:43:08.373,BUY,0.00339,2.68145161
33765209,2017-12-26T00:43:08.373,BUY,0.00339,3.66570844
33765210,2017-12-26T00:43:08.373,BUY,0.00339,52.3121275
33765211,2017-12-26T00:43:08.373,BUY,0.00339,0.37158187
33765241,2017-12-26T00:43:14.157,BUY,0.00339,1.74378968
33765242,2017-12-26T00:43:14.157,BUY,0.00339009,0.68436821
33765251,2017-12-26T00:43:15.593,SELL,0.00339,6.46654363
33765278,2017-12-26T00:43:20.5,BUY,0.00339009,17.3121152
33765279,2017-12-26T00:43:20.5,BUY,0.0033979,23.64387761
33765280,2017-12-26T00:43:21.56,SELL,0.00338999,0.45853528
33765281,2017-12-26T00:43:21.56,SELL,0.00338999,0.18037811
33765290,2017-12-26T00:43:23.687,BUY,0.00338999,7.38881704
33765300,2017-12-26T00:43:25.64,BUY,0.00338999,2.85714284
33765303,2017-12-26T00:43:25.827,BUY,0.00338999,1.0
33765305,2017-12-26T00:43:26.483,SELL,0.0033834,13.917
33765306,2017-12-26T00:43:26.483,SELL,0.00338339,0.176097
33765324,2017-12-26T00:43:29.31,BUY,0.00338999,1.72900696
33765344,2017-12-26T00:43:36.81,SELL,0.00338341,6.70327749
33765347,2017-12-26T00:43:36.937,BUY,0.00338999,21.79650928
33765348,2017-12-26T00:43:36.937,BUY,0.0033979,19.393345
33765363,2017-12-26T00:43:41.81,SELL,0.0033834,3.42787294
33765364,2017-12-26T00:43:41.81,SELL,0.0033834,13.831
33765365,2017-12-26T00:43:41.81,SELL,0.00338339,0.12471964
33765366,2017-12-26T00:43:41.81,SELL,0.00338339,0.55416313
33765367,2017-12-26T00:43:41.81,SELL,0.00338339,0.30465007
33765368,2017-12-26T00:43:41.81,SELL,0.00338339,20.0
33765369,2017-12-26T00:43:41.81,SELL,0.00338339,8.82114996
33765391,2017-12-26T00:43:49.17,SELL,0.0033834,0.90726638
33765392,2017-12-26T00:43:49.203,SELL,0.0033834,1.0044836
33765393,2017-12-26T00:43:49.22,SELL,0.0033834,0.35758334
33765397,2017-12-26T00:43:49.61,SELL,0.0033834,0.33203992
33765398,2017-12-26T00:43:49.64,SELL,0.0033834,0.36454621
33765399,2017-12-26T00:43:49.703,SELL,0.0033834,0.30780112
33765400,2017-12-26T00:43:49.75,SELL,0.0033834,0.32886017
33765401,2017-12-26T00:43:49.797,SELL,0.0033834,0.46502454
33765402,2017-12-26T00:43:49.843,SELL,0.0033834,0.32474774
33765405,2017-12-26T00:43:50.14,SELL,0.0033834,0.42901074
33765407,2017-12-26T00:43:50.22,SELL,0.0033834,1.12163373
33765408,2017-12-26T00:43:50.36,SELL,0.0033834,0.70590373
33765409,2017-12-26T00:43:50.39,SELL,0.0033834,0.39581971
33765410,2017-12-26T00:43:50.47,SELL,0.0033834,0.59385123
33765414,2017-12-26T00:43:51.267,SELL,0.0033834,1.10152404
33765417,2017-12-26T00:43:51.623,SELL,0.0033834,0.33949634
33765418,2017-12-26T00:43:51.623,SELL,0.0033834,0.66165468
33765419,2017-12-26T00:43:51.703,SELL,0.0033834,0.3130448
33765420,2017-12-26T00:43:52.157,SELL,0.0033834,0.32576933
33765422,2017-12-26T00:43:52.25,SELL,0.0033834,0.35228081
33765424,2017-12-26T00:43:52.437,SELL,0.0033834,0.69016248
33765430,2017-12-26T00:43:53.157,SELL,0.0033834,0.33217649
33765433,2017-12-26T00:43:54,SELL,0.0033834,0.58781173
33765434,2017-12-26T00:43:54.373,SELL,0.0033834,1.01495105
33765435,2017-12-26T00:43:54.813,SELL,0.0033834,0.44165609
33765437,2017-12-26T00:43:55.11,BUY,0.0033834,0.20908103
33765438,2017-12-26T00:43:55.11,BUY,0.0033979,0.10877706
33765441,2017-12-26T00:43:55.483,BUY,0.0033979,0.72958592
33765447,2017-12-26T00:43:57.28,BUY,0.0033834,1.30896584
33765448,2017-12-26T00:43:57.28,BUY,0.0033834,0.32540095
33765449,2017-12-26T00:43:57.28,BUY,0.0033834,0.36563321
33765452,2017-12-26T00:43:57.83,BUY,0.0033834,0.29943985
33765453,2017-12-26T00:43:57.83,BUY,0.0033834,0.33912505
33765454,2017-12-26T00:43:57.83,BUY,0.0033834,0.34166578
33765455,2017-12-26T00:43:57.83,BUY,0.0033834,0.5137582
33765456,2017-12-26T00:43:57.83,BUY,0.0033834,0.36146454
33765457,2017-12-26T00:43:57.83,BUY,0.0033834,1.12474658
33765459,2017-12-26T00:43:58.233,BUY,0.0033834,3.14289016
33765506,2017-12-26T00:44:08.47,BUY,0.0033979,8.12
33765534,2017-12-26T00:44:15.767,BUY,0.00339739,1.30291753
33765535,2017-12-26T00:44:15.767,BUY,0.00339789,5.89708247
33765554,2017-12-26T00:44:20.657,SELL,0.00339503,0.35345784
33765557,2017-12-26T00:44:21.08,SELL,0.00338354,0.320029
33765566,2017-12-26T00:44:22.61,SELL,0.00338355,0.36775667
33765576,2017-12-26T00:44:23.5,SELL,0.00338356,0.47810088
33765583,2017-12-26T00:44:24.64,SELL,0.00338356,0.47641253
33765588,2017-12-26T00:44:25.923,SELL,0.00338357,0.51593428
33765592,2017-12-26T00:44:26.11,SELL,0.00338358,0.36018857
33765593,2017-12-26T00:44:26.453,SELL,0.00338358,0.4209886
33765601,2017-12-26T00:44:28.017,SELL,0.00338359,0.44022175
33765617,2017-12-26T00:44:31.127,SELL,0.00338361,1.64914876
33765618,2017-12-26T00:44:31.19,SELL,0.00338361,1.80618139
33765634,2017-12-26T00:44:34.283,BUY,0.00339502,0.30570444
33765653,2017-12-26T00:44:38.893,SELL,0.00338356,1.52485393
33765655,2017-12-26T00:44:39.377,SELL,0.00338356,0.34509272
33765661,2017-12-26T00:44:42.127,SELL,0.00338356,0.99239316
33765670,2017-12-26T00:44:48.017,SELL,0.00338355,0.40880354
33765674,2017-12-26T00:44:48.61,BUY,0.00338356,0.847817
33765680,2017-12-26T00:44:49.8,BUY,0.00338356,31.79989182
33765681,2017-12-26T00:44:49.8,BUY,0.00338356,8.11030818
33765683,2017-12-26T00:44:50.033,BUY,0.00338356,4.52e-06
33765724,2017-12-26T00:45:02.377,SELL,0.00338355,2.17901078
33765738,2017-12-26T00:45:06.957,BUY,0.00338353,0.9731
33765747,2017-12-26T00:45:08.567,BUY,0.00338353,0.27706862
33765751,2017-12-26T00:45:09.363,BUY,0.00338353,0.849742
33765754,2017-12-26T00:45:09.97,BUY,0.00338353,1.04101021
33765755,2017-12-26T00:45:09.97,BUY,0.00339501,3.57662105
33765762,2017-12-26T00:45:14.27,BUY,0.00338356,1.29378083
33765764,2017-12-26T00:45:16.067,SELL,0.00338351,0.75980872
33765789,2017-12-26T00:45:30.27,SELL,0.00338351,0.74019128
33765795,2017-12-26T00:45:33.723,BUY,0.00338351,1.35119313
33765796,2017-12-26T00:45:33.723,BUY,0.00338356,0.70621917
33765797,2017-12-26T00:45:33.723,BUY,0.00338356,0.9425877
33765819,2017-12-26T00:45:42.067,BUY,0.00338356,49.0574123
33765820,2017-12-26T00:45:42.067,BUY,0.00338356,7.52404053
33765842,2017-12-26T00:45:47.457,BUY,0.00338356,3.7315
33765844,2017-12-26T00:45:47.66,BUY,0.00338356,6.92e-06
33765866,2017-12-26T00:45:55.833,SELL,0.0033834,0.847156
33765867,2017-12-26T00:45:55.833,SELL,0.0033834,22.72860503
33765868,2017-12-26T00:45:55.833,SELL,0.0033834,3.58130216
33765884,2017-12-26T00:46:03.503,BUY,0.00339499,0.27613336
33765891,2017-12-26T00:46:08.287,BUY,0.00339499,10.0
33765902,2017-12-26T00:46:19.147,BUY,0.00339499,0.75194865
33765903,2017-12-26T00:46:19.147,BUY,0.00339499,6.62694051
33765923,2017-12-26T00:46:27.397,BUY,0.00339499,1.0
33765947,2017-12-26T00:46:36.803,BUY,0.00339499,10.19818483
33765948,2017-12-26T00:46:36.803,BUY,0.00339499,37.15062031
33765949,2017-12-26T00:46:36.803,BUY,0.00339499,0.18063896
33765952,2017-12-26T00:46:37.693,SELL,0.00339499,2.4705559
33765953,2017-12-26T00:46:37.693,SELL,0.00338349,0.07149032
33765970,2017-12-26T00:46:42.007,SELL,0.00338443,11.52826361
33765994,2017-12-26T00:46:48.96,SELL,0.00338444,0.79363544
33766017,2017-12-26T00:46:58.477,SELL,0.00338449,19.36062144
33766022,2017-12-26T00:46:59.477,SELL,0.0033845,7.0
33766031,2017-12-26T00:47:02.053,SELL,0.00338452,17.78206523
33766038,2017-12-26T00:47:03.117,BUY,0.00339495,26.18424133
33766039,2017-12-26T00:47:03.117,BUY,0.00339495,11.575746
33766040,2017-12-26T00:47:03.117,BUY,0.00339495,40.06335736
33766067,2017-12-26T00:47:12.117,SELL,0.00339495,2.78388032
