32266682,2017-12-20T08:11:22.43,BUY,0.00333332,1.59261646
32266683,2017-12-20T08:11:22.43,BUY,0.00333332,2.98
32266688,2017-12-20T08:11:24.117,SELL,0.00334329,15.0
32266690,2017-12-20T08:11:24.913,SELL,0.00334329,20.0
32266691,2017-12-20T08:11:24.993,SELL,0.00334329,14.67531
32266693,2017-12-20T08:11:25.053,SELL,0.00334329,10.0
32266697,2017-12-20T08:11:26.117,SELL,0.00334329,5.44183816
32266700,2017-12-20T08:11:26.71,SELL,0.00334329,10.0
32266701,2017-12-20T08:11:26.93,SELL,0.00334329,20.0
32266702,2017-12-20T08:11:27.227,SELL,0.00334329,2.98
32266704,2017-12-20T08:11:27.587,SELL,0.00334329,10.0
32266705,2017-12-20T08:11:27.587,SELL,0.00334329,10.0
32266707,2017-12-20T08:11:28.023,SELL,0.00334329,15.0
32266710,2017-12-20T08:11:28.697,SELL,0.00334329,10.0
32266714,2017-12-20T08:11:28.85,BUY,0.00334996,0.8418011
32266719,2017-12-20T08:11:29.663,SELL,0.00334329,10.0
32266722,2017-12-20T08:11:30.15,SELL,0.00334329,20.0
32266726,2017-12-20T08:11:30.57,BUY,0.00334513,0.68190304
32266727,2017-12-20T08:11:30.57,BUY,0.00334996,220.68169696
32266735,2017-12-20T08:11:32.18,SELL,0.00334329,1.0153572
32266736,2017-12-20T08:11:32.18,SELL,0.00334329,11.9846428
32266738,2017-12-20T08:11:32.35,BUY,0.00334995,1.93377764
32266740,2017-12-20T08:11:33.307,SELL,0.00334329,0.11171913
32266741,2017-12-20T08:11:33.307,SELL,0.00334329,2.86828087
32266745,2017-12-20T08:11:35.523,SELL,0.00334329,3.14741309
32266746,2017-12-20T08:11:35.523,SELL,0.00334329,9.85258691
32266748,2017-12-20T08:11:36.163,SELL,0.00334329,2.02
32266751,2017-12-20T08:11:37.353,SELL,0.00334329,7.16
32266757,2017-12-20T08:11:40.057,SELL,0.00334329,0.00157351
32266771,2017-12-20T08:11:43.477,BUY,0.00334329,8.1893827
32266781,2017-12-20T08:11:46.21,BUY,0.00334329,0.99004379
32266782,2017-12-20T08:11:46.21,BUY,0.00334329,3.0
32266783,2017-12-20T08:11:46.21,BUY,0.00334329,3.03032139
32266784,2017-12-20T08:11:46.21,BUY,0.00334996,19.53025667
32266803,2017-12-20T08:11:56.463,BUY,0.00334329,15.29559022
32266804,2017-12-20T08:11:56.463,BUY,0.00334996,55.21624527
32266805,2017-12-20T08:11:56.463,BUY,0.00334996,3.02329041
32266806,2017-12-20T08:11:56.48,BUY,0.00334996,5.48267409
32266807,2017-12-20T08:11:56.48,BUY,0.00334997,1.25478464
32266808,2017-12-20T08:11:56.48,BUY,0.00334997,24.96622236
32266809,2017-12-20T08:11:56.48,BUY,0.00334998,363.15550432
32266810,2017-12-20T08:11:56.48,BUY,0.00334998,39.23366059
32266811,2017-12-20T08:11:56.48,BUY,0.00334998,40.0
32266812,2017-12-20T08:11:56.48,BUY,0.00335,0.54243508
32266813,2017-12-20T08:11:56.48,BUY,0.00335044,1.13999999
32266814,2017-12-20T08:11:56.48,BUY,0.00335045,83.70229303
32266822,2017-12-20T08:11:58.713,SELL,0.00334996,8.93294248
32266823,2017-12-20T08:11:58.713,SELL,0.00333333,0.06705752
32266829,2017-12-20T08:12:02.073,SELL,0.00334996,1.0
32266831,2017-12-20T08:12:02.76,BUY,0.00335045,5.0
32266846,2017-12-20T08:12:08.133,SELL,0.00334996,1.0
32266848,2017-12-20T08:12:08.853,SELL,0.00333334,1.998
32266861,2017-12-20T08:12:17.417,BUY,0.00334996,1.25356295
32266866,2017-12-20T08:12:19.87,BUY,0.00334996,0.59693474
32266876,2017-12-20T08:12:23.37,BUY,0.00334996,1.50233379
32266879,2017-12-20T08:12:25.37,SELL,0.00333334,1.822
32266880,2017-12-20T08:12:25.37,SELL,0.00333334,2.95350273
32266883,2017-12-20T08:12:26.73,BUY,0.00334996,0.46716852
32266884,2017-12-20T08:12:26.73,BUY,0.00334996,1.0
32266885,2017-12-20T08:12:26.73,BUY,0.00335045,76.04890699
32266886,2017-12-20T08:12:26.73,BUY,0.003352,64.2630889
32266887,2017-12-20T08:12:26.747,BUY,0.0033532,30.0
32266888,2017-12-20T08:12:26.747,BUY,0.00335323,3.12694257
32266889,2017-12-20T08:12:26.747,BUY,0.00335392,10.0
32266890,2017-12-20T08:12:26.747,BUY,0.00335393,0.38514399
32266891,2017-12-20T08:12:26.747,BUY,0.00335393,2.98
32266892,2017-12-20T08:12:26.747,BUY,0.00335393,2.0
32266893,2017-12-20T08:12:26.747,BUY,0.00335397,13.25688313
32266894,2017-12-20T08:12:26.747,BUY,0.00335398,0.89307461
32266895,2017-12-20T08:12:26.747,BUY,0.003354,38.50869129
32266897,2017-12-20T08:12:27.98,BUY,0.003354,4.013003
32266919,2017-12-20T08:12:34.167,SELL,0.00334129,0.80396002
32266920,2017-12-20T08:12:34.167,SELL,0.00333334,0.75084587
32266922,2017-12-20T08:12:34.887,BUY,0.00334996,1.1527318
32266923,2017-12-20T08:12:34.887,BUY,0.00334996,5.44858655
32266924,2017-12-20T08:12:34.887,BUY,0.003352,0.94190507
32266925,2017-12-20T08:12:34.887,BUY,0.003354,26.3593688
32266944,2017-12-20T08:12:42.45,SELL,0.00334996,1.77513401
32266947,2017-12-20T08:12:43.48,SELL,0.00334996,1.0
32266949,2017-12-20T08:12:43.747,SELL,0.00334996,1.66916664
32266984,2017-12-20T08:12:52.95,BUY,0.00334996,1.28038842
32267015,2017-12-20T08:13:01.433,BUY,0.00334996,1.05044494
32267016,2017-12-20T08:13:01.433,BUY,0.00335399,4.4226612
32267040,2017-12-20T08:13:06.373,SELL,0.00334995,5.0
32267046,2017-12-20T08:13:07.607,SELL,0.00334995,0.42142606
32267047,2017-12-20T08:13:07.607,SELL,0.00333334,4.91724684
32267052,2017-12-20T08:13:08.403,SELL,0.00333334,2.59030408
32267053,2017-12-20T08:13:08.403,SELL,0.00333334,2.40969592
32267054,2017-12-20T08:13:08.967,SELL,0.00333334,4.59030408
32267055,2017-12-20T08:13:08.967,SELL,0.00333333,2.93294248
32267056,2017-12-20T08:13:08.967,SELL,0.00333333,2.92215344
32267073,2017-12-20T08:13:14.153,BUY,0.00334995,0.86529146
32267088,2017-12-20T08:13:16.95,SELL,0.00334995,10.0
32267089,2017-12-20T08:13:17.09,SELL,0.00334995,10.0
32267092,2017-12-20T08:13:17.687,SELL,0.00334995,2.0
32267095,2017-12-20T08:13:18.06,SELL,0.00334995,10.0
32267099,2017-12-20T08:13:18.763,SELL,0.00334995,10.0
32267107,2017-12-20T08:13:20.17,SELL,0.00334995,10.0
32267112,2017-12-20T08:13:22.013,SELL,0.00334996,1.2633352
32267113,2017-12-20T08:13:22.013,SELL,0.00334995,17.74362781
32267117,2017-12-20T08:13:23.67,BUY,0.00334994,8.16843699
32267118,2017-12-20T08:13:23.67,BUY,0.00334995,1.0
32267119,2017-12-20T08:13:23.67,BUY,0.00335,4.88591355
32267125,2017-12-20T08:13:28.39,SELL,0.00333333,2.77784656
32267126,2017-12-20T08:13:28.39,SELL,0.00333329,4.42420614
32267127,2017-12-20T08:13:28.39,SELL,0.00333327,2.7979473
32267136,2017-12-20T08:13:34.263,BUY,0.00333334,0.50189187
32267145,2017-12-20T08:13:39.843,BUY,0.00333334,9.49810813
32267146,2017-12-20T08:13:39.843,BUY,0.00334994,25.57100071
32267147,2017-12-20T08:13:39.843,BUY,0.00335,1.19640352
32267148,2017-12-20T08:13:39.843,BUY,0.003354,202.22958764
32267156,2017-12-20T08:13:43.343,SELL,0.00333334,14.14059815
32267157,2017-12-20T08:13:43.343,SELL,0.00333327,17.28305169
32267160,2017-12-20T08:13:44.563,SELL,0.00332466,0.92268372
32267177,2017-12-20T08:13:48.47,BUY,0.00333327,3.0
32267203,2017-12-20T08:13:55.483,BUY,0.00333325,5.42142606
32267204,2017-12-20T08:13:55.483,BUY,0.00333327,24.57857394
32267244,2017-12-20T08:14:08.14,BUY,0.00333327,31.71808012
32267245,2017-12-20T08:14:08.14,BUY,0.00333327,0.6451873
32267246,2017-12-20T08:14:08.14,BUY,0.003354,163.77113167
32267247,2017-12-20T08:14:08.14,BUY,0.003354,4.33519827
32267248,2017-12-20T08:14:08.14,BUY,0.003354,0.33544685
32267249,2017-12-20T08:14:08.14,BUY,0.003354,1.68736483
32267250,2017-12-20T08:14:08.14,BUY,0.00335449,11.38929096
32267270,2017-12-20T08:14:14.423,SELL,0.00332469,4.02786932
32267291,2017-12-20T08:14:22.08,SELL,0.00332466,8.76323519
32267292,2017-12-20T08:14:22.08,SELL,0.00332466,1.70560425
32267296,2017-12-20T08:14:23.033,BUY,0.00333333,5.83868398
32267306,2017-12-20T08:14:27.313,BUY,0.00333333,14.16131602
32267312,2017-12-20T08:14:28.597,SELL,0.00333333,0.42635972
32267349,2017-12-20T08:14:47.85,BUY,0.00335448,206.44564476
32267350,2017-12-20T08:14:47.85,BUY,0.00335449,31.15155524
32267358,2017-12-20T08:14:51.083,SELL,0.00333333,5.44105569
32267366,2017-12-20T08:14:55.303,BUY,0.00335449,1.14139794
32267379,2017-12-20T08:15:00.57,SELL,0.00333334,8.20022639
32267383,2017-12-20T08:15:00.993,BUY,0.00335449,1.37600792
32267412,2017-12-20T08:15:09.493,SELL,0.00333336,3.0277317
32267414,2017-12-20T08:15:09.71,BUY,0.00335449,23.30944713
32267444,2017-12-20T08:15:25.07,SELL,0.00335011,2.66244133
32267450,2017-12-20T08:15:28.603,BUY,0.00334173,2.52931926
32267451,2017-12-20T08:15:28.603,BUY,0.00335011,4.7838776
32267461,2017-12-20T08:15:30.633,SELL,0.00335015,0.01958133
32267477,2017-12-20T08:15:38.98,SELL,0.00333449,0.89208792
32267478,2017-12-20T08:15:38.98,SELL,0.00333334,1.49458551
32267493,2017-12-20T08:15:51.45,SELL,0.00333335,14.14059815
32267495,2017-12-20T08:15:52.37,SELL,0.00333335,61.45047357
32267498,2017-12-20T08:15:53.573,SELL,0.00333334,7.12116179
32267508,2017-12-20T08:15:57.45,SELL,0.003339,14.88006277
32267523,2017-12-20T08:16:02.513,SELL,0.003339,0.08240731
32267548,2017-12-20T08:16:11.78,BUY,0.003339,6.32127697
32267549,2017-12-20T08:16:11.78,BUY,0.00334998,188.59155256
32267550,2017-12-20T08:16:11.78,BUY,0.00334999,53.39397047
32267562,2017-12-20T08:16:15.64,BUY,0.00334,0.70310299
32267566,2017-12-20T08:16:17.47,SELL,0.003339,2.65636598
32267585,2017-12-20T08:16:23.05,BUY,0.00334,1.29689701
32267586,2017-12-20T08:16:23.05,BUY,0.00334999,3.70310299
32267588,2017-12-20T08:16:23.41,SELL,0.003339,0.38496353
32267597,2017-12-20T08:16:25.473,SELL,0.003339,1.04648437
32267604,2017-12-20T08:16:27.723,SELL,0.003339,1.86182785
32267606,2017-12-20T08:16:29.16,SELL,0.003339,4.41510403
32267627,2017-12-20T08:16:41.677,SELL,0.003339,3.52933604
32267628,2017-12-20T08:16:41.677,SELL,0.003339,1.468512
32267662,2017-12-20T08:17:00.4,BUY,0.00333899,2.5
32267675,2017-12-20T08:17:08.9,SELL,0.0033344,2.95433834
32267677,2017-12-20T08:17:10.087,BUY,0.00333899,30.0
32267687,2017-12-20T08:17:16.79,BUY,0.00333899,8.26626538
32267693,2017-12-20T08:17:19.713,BUY,0.00333899,5.83976415
32267694,2017-12-20T08:17:19.713,BUY,0.003339,94.16023585
32267701,2017-12-20T08:17:27.34,BUY,0.003339,0.84191611
32267702,2017-12-20T08:17:27.34,BUY,0.003339,1.0
32267703,2017-12-20T08:17:27.34,BUY,0.003339,1.74301265
32267704,2017-12-20T08:17:27.34,BUY,0.003339,19.25908324
32267712,2017-12-20T08:17:30.963,SELL,0.0033344,0.03712362
32267713,2017-12-20T08:17:30.963,SELL,0.0033344,3.15649216
32267714,2017-12-20T08:17:30.963,SELL,0.0033344,10.69315674
32267715,2017-12-20T08:17:30.963,SELL,0.0033344,1.22600377
32267716,2017-12-20T08:17:30.963,SELL,0.00333335,37.35272726
32267717,2017-12-20T08:17:30.963,SELL,0.00333334,43.83990903
32267722,2017-12-20T08:17:32.51,BUY,0.00333334,48.08558119
32267738,2017-12-20T08:17:37.7,BUY,0.00333334,6.84680027
32267767,2017-12-20T08:17:49.797,BUY,0.003339,5.01600299
32267772,2017-12-20T08:17:52.297,SELL,0.00333333,3.01708465
32267777,2017-12-20T08:17:54.263,BUY,0.00333334,3.00798386
32267786,2017-12-20T08:17:58.983,BUY,0.003339,0.72491377
32267787,2017-12-20T08:17:58.983,BUY,0.003339,3.71459193
32267788,2017-12-20T08:17:59.5,SELL,0.00333334,3.95487257
32267799,2017-12-20T08:18:01.983,BUY,0.003339,5.0
32267802,2017-12-20T08:18:03.093,SELL,0.00333334,13.97162833
32267814,2017-12-20T08:18:09,SELL,0.00333334,145.27880579
32267817,2017-12-20T08:18:09.86,BUY,0.00333334,0.97675615
32267824,2017-12-20T08:18:13.267,BUY,0.00333334,1.48587084
32267832,2017-12-20T08:18:15.58,BUY,0.00333334,7.75544749
32267833,2017-12-20T08:18:15.58,BUY,0.003338,2.0
32267840,2017-12-20T08:18:18.657,BUY,0.003339,3.18108591
32267852,2017-12-20T08:18:29.283,BUY,0.003339,0.10432216
32267853,2017-12-20T08:18:29.283,BUY,0.003339,1.40964374
32267854,2017-12-20T08:18:29.97,SELL,0.003338,3.92890552
32267861,2017-12-20T08:18:39.02,SELL,0.003338,8.5
32267866,2017-12-20T08:18:51.85,SELL,0.003338,0.69802083
32267870,2017-12-20T08:18:53.96,BUY,0.003339,0.53642189
32267871,2017-12-20T08:18:53.96,BUY,0.00335,0.7375318
32267872,2017-12-20T08:18:55.79,SELL,0.003338,2.72358592
32267885,2017-12-20T08:19:04.99,BUY,0.00335,1.90873121
32267886,2017-12-20T08:19:05.193,SELL,0.003338,24.17781849
32267887,2017-12-20T08:19:05.193,SELL,0.003338,72.64944459
32267895,2017-12-20T08:19:08.65,SELL,0.003338,3.13467655
32267897,2017-12-20T08:19:09.85,SELL,0.003338,1.92662891
32267902,2017-12-20T08:19:12.087,SELL,0.003338,14.22545412
32267908,2017-12-20T08:19:14.617,SELL,0.003338,3.10052534
32267921,2017-12-20T08:19:23.353,SELL,0.003338,3.4175431
32267929,2017-12-20T08:19:27.573,SELL,0.003338,41.29499327
32267934,2017-12-20T08:19:29.167,BUY,0.003338,1.43867086
32267966,2017-12-20T08:19:47.84,BUY,0.003337,31.88933298
32267975,2017-12-20T08:19:50.73,BUY,0.003337,1.4
32267980,2017-12-20T08:19:51.42,BUY,0.003337,12.71859201
32267985,2017-12-20T08:19:52.81,BUY,0.003337,18.47009199
32267987,2017-12-20T08:19:53.543,BUY,0.003337,1.5
32267996,2017-12-20T08:19:58.637,SELL,0.00333334,3.6
32268001,2017-12-20T08:20:00.513,BUY,0.003337,0.68
32268012,2017-12-20T08:20:04.78,SELL,0.00333334,1.00561966
32268017,2017-12-20T08:20:05.873,BUY,0.003337,2.1658709
32268021,2017-12-20T08:20:08.793,SELL,0.00333335,6.5749578
32268025,2017-12-20T08:20:09.98,SELL,0.00333335,2.88013903
32268033,2017-12-20T08:20:15.043,BUY,0.003337,3.77924899
32268034,2017-12-20T08:20:15.043,BUY,0.003338,3.0
32268035,2017-12-20T08:20:15.043,BUY,0.003349,17.37124394
32268036,2017-12-20T08:20:15.043,BUY,0.00335,15.05723942
32268037,2017-12-20T08:20:15.043,BUY,0.00335,5.0
32268038,2017-12-20T08:20:15.043,BUY,0.0033544,40.30016765
32268052,2017-12-20T08:20:25.153,BUY,0.0033544,3.63399574
32268056,2017-12-20T08:20:27.547,SELL,0.00333801,8.30470758
32268070,2017-12-20T08:20:39.61,SELL,0.00333801,5.23861643
32268080,2017-12-20T08:20:43.5,BUY,0.0033544,2.06583661
32268081,2017-12-20T08:20:43.5,BUY,0.0033544,1.01884079
32268095,2017-12-20T08:20:48.39,SELL,0.00333802,2.85870782
32268133,2017-12-20T08:21:04.72,BUY,0.0033544,0.98115921
32268134,2017-12-20T08:21:04.72,BUY,0.0033544,10.97336339
32268148,2017-12-20T08:21:09.83,SELL,0.00334001,5.18160007
32268157,2017-12-20T08:21:11.377,BUY,0.0033544,9.0
32268178,2017-12-20T08:21:17.08,SELL,0.00334002,17.91916637
32268179,2017-12-20T08:21:17.08,SELL,0.00334001,26.94939993
32268182,2017-12-20T08:21:17.72,BUY,0.00334001,15.32669578
32268186,2017-12-20T08:21:19.33,BUY,0.003353,0.47180224
32268189,2017-12-20T08:21:19.707,BUY,0.003353,0.33215779
32268190,2017-12-20T08:21:19.707,BUY,0.0033544,0.37840779
32268209,2017-12-20T08:21:28.863,BUY,0.003353,37.00501793
32268210,2017-12-20T08:21:28.863,BUY,0.0033544,18.58451407
32268236,2017-12-20T08:21:38.66,BUY,0.003353,5.0
32268237,2017-12-20T08:21:38.66,BUY,0.0033544,5.62889223
32268255,2017-12-20T08:21:54.74,BUY,0.0033544,2.06255037
32268277,2017-12-20T08:22:11.413,BUY,0.0033543,1.00400299
32268285,2017-12-20T08:22:16.897,BUY,0.0033543,2.13914811
32268286,2017-12-20T08:22:16.897,BUY,0.0033544,29.71633719
32268292,2017-12-20T08:22:20.68,BUY,0.00335429,6.3148185
32268293,2017-12-20T08:22:20.68,BUY,0.0033544,0.0310585
32268299,2017-12-20T08:22:24.147,BUY,0.0033544,13.67554462
32268305,2017-12-20T08:22:28.93,SELL,0.00334001,1.86943219
32268317,2017-12-20T08:22:33.65,SELL,0.0033543,6.0
32268319,2017-12-20T08:22:34.867,SELL,0.0033543,5.89517932
32268327,2017-12-20T08:22:37.46,BUY,0.0033543,0.10482068
32268328,2017-12-20T08:22:37.46,BUY,0.0033544,23.63901002
32268329,2017-12-20T08:22:37.46,BUY,0.0033544,12.69309203
32268330,2017-12-20T08:22:37.46,BUY,0.0033544,1.33877187
32268331,2017-12-20T08:22:37.46,BUY,0.0033544,18.11538532
32268332,2017-12-20T08:22:37.46,BUY,0.00335449,22.1273585
32268333,2017-12-20T08:22:37.46,BUY,0.00335449,2.50657192
32268366,2017-12-20T08:22:53.62,BUY,0.0033555,5.49756884
32268373,2017-12-20T08:22:58.433,BUY,0.0033555,3.17075913
32268374,2017-12-20T08:22:59.777,SELL,0.00335449,7.6
32268382,2017-12-20T08:23:03.387,BUY,0.0033555,1.37926756
32268383,2017-12-20T08:23:03.387,BUY,0.0033555,7.24472117
32268400,2017-12-20T08:23:10.123,SELL,0.00334001,2.18301733
32268401,2017-12-20T08:23:10.123,SELL,0.00334,0.3229197
32268426,2017-12-20T08:23:25.653,SELL,0.00334,1.15606584
32268429,2017-12-20T08:23:30.107,BUY,0.00335549,35.49709784
32268439,2017-12-20T08:23:34.45,SELL,0.003354,15.0
32268450,2017-12-20T08:23:37.437,SELL,0.0033544,13.0
32268451,2017-12-20T08:23:37.437,SELL,0.003354,2.0
32268460,2017-12-20T08:23:40.28,SELL,0.003354,13.0
32268481,2017-12-20T08:23:49.047,SELL,0.003354,2.4162574
32268484,2017-12-20T08:23:50.843,SELL,0.003354,2.06139462
32268485,2017-12-20T08:23:50.843,SELL,0.003354,3.41171151
32268486,2017-12-20T08:23:50.937,SELL,0.003354,10.0
32268489,2017-12-20T08:23:52.03,SELL,0.003354,1.48115768
32268490,2017-12-20T08:23:52.03,SELL,0.003354,8.51884232
32268492,2017-12-20T08:23:52.267,SELL,0.003354,3.9364476
32268496,2017-12-20T08:23:53.453,BUY,0.003354,0.71421327
32268498,2017-12-20T08:23:53.843,BUY,0.003354,5.34933913
32268499,2017-12-20T08:23:53.843,BUY,0.003354,4.19517261
32268501,2017-12-20T08:23:54,BUY,0.003354,0.68429998
32268508,2017-12-20T08:23:58.907,BUY,0.003354,5.12052741
32268509,2017-12-20T08:23:58.907,BUY,0.003354,10.0
32268510,2017-12-20T08:23:58.907,BUY,0.00335549,81.10281761
32268511,2017-12-20T08:23:58.907,BUY,0.00335549,25.9476582
32268512,2017-12-20T08:23:58.907,BUY,0.0033555,0.02161471
32268513,2017-12-20T08:23:58.907,BUY,0.0033589,2.99942267
32268514,2017-12-20T08:23:58.907,BUY,0.00336153,4.36722222
32268515,2017-12-20T08:23:58.907,BUY,0.0033623,5.32840329
32268516,2017-12-20T08:23:58.907,BUY,0.0033623,1.59471893
32268517,2017-12-20T08:23:58.907,BUY,0.003363,0.59641256
32268518,2017-12-20T08:23:58.907,BUY,0.00336585,0.7322024
32268527,2017-12-20T08:24:02.377,BUY,0.00336585,2.91574623
32268559,2017-12-20T08:24:21.957,BUY,0.00336585,1.6661208
32268566,2017-12-20T08:24:24.52,SELL,0.00336585,1.52796774
32268570,2017-12-20T08:24:25.32,SELL,0.00336585,23.70872142
32268571,2017-12-20T08:24:25.32,SELL,0.003354,1.5
32268572,2017-12-20T08:24:25.32,SELL,0.003354,0.02796774
32268579,2017-12-20T08:24:27.163,BUY,0.00336585,5.42790267
32268580,2017-12-20T08:24:27.303,SELL,0.003354,8.0
32268597,2017-12-20T08:24:34.617,SELL,0.00335401,5.15882023
32268598,2017-12-20T08:24:38.21,SELL,0.00335401,3.25370481
32268605,2017-12-20T08:24:44.553,SELL,0.00335401,1.73031055
32268634,2017-12-20T08:25:05.023,BUY,0.00336585,0.50250299
32268650,2017-12-20T08:25:17.213,BUY,0.00336585,1.51705913
32268665,2017-12-20T08:25:25.51,SELL,0.00335401,1.82998608
32268673,2017-12-20T08:25:33.09,BUY,0.00336585,2.29883658
32268679,2017-12-20T08:25:36.9,SELL,0.00335401,3.02717833
32268680,2017-12-20T08:25:36.9,SELL,0.00335401,12.04363182
32268686,2017-12-20T08:25:42.823,BUY,0.00336585,0.25369863
32268687,2017-12-20T08:25:42.823,BUY,0.00336585,3.74630137
32268698,2017-12-20T08:25:47.747,SELL,0.00335402,1.2094632
32268699,2017-12-20T08:25:47.747,SELL,0.00335401,1.95636818
32268700,2017-12-20T08:25:47.747,SELL,0.00335401,25.0
32268701,2017-12-20T08:25:47.747,SELL,0.00335401,1.0
32268702,2017-12-20T08:25:47.747,SELL,0.00335401,108.48847838
32268712,2017-12-20T08:25:52.56,SELL,0.003354,1.84
32268717,2017-12-20T08:25:54.84,BUY,0.00335401,2.52776103
32268725,2017-12-20T08:25:57.387,BUY,0.00335401,13.42868453
32268748,2017-12-20T08:26:05.967,BUY,0.00335401,16.57258358
32268749,2017-12-20T08:26:05.967,BUY,0.00335401,13.29983815
32268750,2017-12-20T08:26:05.967,BUY,0.00336585,6.25369863
32268751,2017-12-20T08:26:05.967,BUY,0.00336585,10.0
32268752,2017-12-20T08:26:05.967,BUY,0.00336585,2.0
32268753,2017-12-20T08:26:05.967,BUY,0.00336585,4.56867317
32268754,2017-12-20T08:26:05.967,BUY,0.00336585,2.94053175
32268759,2017-12-20T08:26:09.593,BUY,0.00336585,15.96608069
32268760,2017-12-20T08:26:09.593,BUY,0.00336585,5.8842243
32268761,2017-12-20T08:26:09.593,BUY,0.0033665,2.97787019
32268775,2017-12-20T08:26:14.873,BUY,0.00336585,23.65165713
32268779,2017-12-20T08:26:17.67,BUY,0.00336585,16.16128373
32268780,2017-12-20T08:26:17.67,BUY,0.00336757,0.83081739
32268781,2017-12-20T08:26:17.67,BUY,0.00336795,5.62660021
32268782,2017-12-20T08:26:17.67,BUY,0.00336999,0.51399591
32268795,2017-12-20T08:26:23.78,SELL,0.003354,2.42736429
32268796,2017-12-20T08:26:23.78,SELL,0.003354,0.06275714
32268804,2017-12-20T08:26:27.843,SELL,0.003354,1.08857783
32268806,2017-12-20T08:26:29.313,SELL,0.003354,0.72232335
32268809,2017-12-20T08:26:29.623,BUY,0.003354,5.87153704
32268840,2017-12-20T08:26:45.927,SELL,0.00336585,18.75349136
32268852,2017-12-20T08:26:52.35,SELL,0.00336585,4.26610693
32268855,2017-12-20T08:26:53.647,SELL,0.00336585,0.37548896
32268859,2017-12-20T08:26:58.363,SELL,0.00336585,6.24081453
32268866,2017-12-20T08:27:01.583,SELL,0.00335401,0.75
32268867,2017-12-20T08:27:01.583,SELL,0.00335401,2.40194623
32268869,2017-12-20T08:27:02.083,BUY,0.00336584,0.78130801
32268872,2017-12-20T08:27:05.833,SELL,0.00335401,1.1976227
32268873,2017-12-20T08:27:06.117,SELL,0.00335401,1.91498231
32268879,2017-12-20T08:27:08.537,BUY,0.00336584,0.81317746
32268880,2017-12-20T08:27:08.63,SELL,0.00336584,3.95217863
32268883,2017-12-20T08:27:09.21,SELL,0.00336584,1.16182427
32268905,2017-12-20T08:27:18.68,SELL,0.003354,1.51654857
32268912,2017-12-20T08:27:22.43,BUY,0.00336584,13.84246464
32268913,2017-12-20T08:27:23.99,SELL,0.003354,0.51359826
32268914,2017-12-20T08:27:26.163,SELL,0.003354,6.4291082
32268931,2017-12-20T08:27:30.867,SELL,0.003354,3.5
32268932,2017-12-20T08:27:30.867,SELL,0.00334035,2.3817192
32268933,2017-12-20T08:27:30.867,SELL,0.00334016,6.64510877
32268936,2017-12-20T08:27:31.493,BUY,0.00336584,34.99571109
32268937,2017-12-20T08:27:31.493,BUY,0.00336584,33.60268891
32268955,2017-12-20T08:27:36.103,BUY,0.003354,0.75972561
32268963,2017-12-20T08:27:40.15,SELL,0.00334016,2.5785598
32268969,2017-12-20T08:27:42.29,BUY,0.003354,0.9264935
32268974,2017-12-20T08:27:43.68,BUY,0.003354,3.31378089
32269001,2017-12-20T08:27:53.26,SELL,0.003354,0.12591444
32269002,2017-12-20T08:27:53.26,SELL,0.003354,0.93469162
32269016,2017-12-20T08:28:09.95,SELL,0.003354,3.25558058
32269018,2017-12-20T08:28:12.327,SELL,0.003354,9.8097278
32269019,2017-12-20T08:28:12.327,SELL,0.003354,1.5
32269020,2017-12-20T08:28:12.327,SELL,0.003354,31.09127003
32269021,2017-12-20T08:28:12.327,SELL,0.003354,51.0777102
32269022,2017-12-20T08:28:12.327,SELL,0.003354,77.98231017
32269030,2017-12-20T08:28:18.343,SELL,0.00334017,10.0
32269031,2017-12-20T08:28:18.343,SELL,0.00334016,4.55370684
32269037,2017-12-20T08:28:20.64,BUY,0.00334016,3.91638415
32269040,2017-12-20T08:28:21.31,BUY,0.00334016,1e-06
32269049,2017-12-20T08:28:25.53,BUY,0.003354,5.00105912
32269066,2017-12-20T08:28:37.657,SELL,0.003354,0.35225036
32269067,2017-12-20T08:28:37.657,SELL,0.003354,2.0
32269072,2017-12-20T08:28:42.437,BUY,0.003354,1.52601026
32269078,2017-12-20T08:28:47.267,BUY,0.003354,6.92304831
32269089,2017-12-20T08:28:52.233,SELL,0.003354,3.48542665
32269093,2017-12-20T08:28:56.61,SELL,0.00335401,10.0
32269094,2017-12-20T08:28:56.61,SELL,0.003354,12.94082917
32269096,2017-12-20T08:28:56.72,BUY,0.003354,1.0
32269103,2017-12-20T08:28:59.877,BUY,0.003354,2.95129498
32269117,2017-12-20T08:29:05.47,BUY,0.003354,1.78261592
32269121,2017-12-20T08:29:06.283,BUY,0.003354,9.44696138
32269128,2017-12-20T08:29:08.643,BUY,0.00336584,1.43573442
32269129,2017-12-20T08:29:08.643,BUY,0.00337151,4.02786932
32269130,2017-12-20T08:29:08.643,BUY,0.00337152,6.45458594
32269138,2017-12-20T08:29:14.283,SELL,0.00335401,0.54438481
32269154,2017-12-20T08:29:19.63,BUY,0.00337152,48.52101446
32269177,2017-12-20T08:29:27.787,BUY,0.00337152,5.9172494
32269182,2017-12-20T08:29:30.113,SELL,0.00335401,3.6919963
32269189,2017-12-20T08:29:32.71,BUY,0.00335401,0.3080037
32269190,2017-12-20T08:29:32.71,BUY,0.00337152,0.04590477
32269201,2017-12-20T08:29:36.837,BUY,0.00337152,0.34311075
32269202,2017-12-20T08:29:36.837,BUY,0.00337152,1.42511721
32269209,2017-12-20T08:29:41.557,BUY,0.00337152,2.29081441
32269210,2017-12-20T08:29:41.557,BUY,0.00337152,1.52962268
32269211,2017-12-20T08:29:41.557,BUY,0.00337152,2.22886843
32269212,2017-12-20T08:29:41.557,BUY,0.00337153,1.03069806
32269213,2017-12-20T08:29:41.557,BUY,0.00337153,16.91999642
32269217,2017-12-20T08:29:44.32,SELL,0.00337152,1.31873595
32269218,2017-12-20T08:29:44.32,SELL,0.003354,1.61950023
32269220,2017-12-20T08:29:45.917,SELL,0.003354,2.6374719
32269221,2017-12-20T08:29:46.87,SELL,0.003354,0.632
32269235,2017-12-20T08:29:54.387,SELL,0.003354,0.45450826
32269245,2017-12-20T08:29:59.967,SELL,0.00337152,0.9090909
32269250,2017-12-20T08:30:01.793,SELL,0.00337152,0.59966239
32269254,2017-12-20T08:30:03.263,SELL,0.00337152,0.91128599
32269255,2017-12-20T08:30:03.263,SELL,0.003354,29.30729718
32269256,2017-12-20T08:30:03.263,SELL,0.003354,14.19193221
32269257,2017-12-20T08:30:03.263,SELL,0.003354,5.86735508
32269265,2017-12-20T08:30:04.467,BUY,0.00335398,10.0
32269277,2017-12-20T08:30:08.84,BUY,0.00335398,0.98497
32269282,2017-12-20T08:30:09.513,BUY,0.00335398,10.0
32269289,2017-12-20T08:30:11.733,BUY,0.00335398,5.53
32269293,2017-12-20T08:30:12.14,BUY,0.00335398,10.0
32269301,2017-12-20T08:30:13.293,BUY,0.00335398,22.577758
32269303,2017-12-20T08:30:13.327,BUY,0.00335398,1.41027227
32269308,2017-12-20T08:30:13.67,BUY,0.00335398,11.9560196
32269318,2017-12-20T08:30:15.92,BUY,0.00335398,2.96
32269323,2017-12-20T08:30:19.763,BUY,0.00335398,1.74993983
32269340,2017-12-20T08:30:24.607,BUY,0.00335398,10.06256623
32269342,2017-12-20T08:30:24.653,BUY,0.00335398,83.37136336
32269344,2017-12-20T08:30:25.327,SELL,0.00334028,5.49756884
32269366,2017-12-20T08:30:31.763,BUY,0.00335398,27.15389059
32269372,2017-12-20T08:30:34.06,SELL,0.0033403,1.0
32269386,2017-12-20T08:30:39.827,BUY,0.00335398,15.49584657
32269388,2017-12-20T08:30:40.03,BUY,0.00335398,62.0
32269397,2017-12-20T08:30:45.983,SELL,0.00334026,11.1116
32269398,2017-12-20T08:30:45.983,SELL,0.00334026,10.0
32269399,2017-12-20T08:30:45.983,SELL,0.00334025,52.18437477
32269400,2017-12-20T08:30:45.983,SELL,0.00334016,0.42514426
32269401,2017-12-20T08:30:45.983,SELL,0.00334016,3.11073843
32269402,2017-12-20T08:30:45.983,SELL,0.00334015,19.47534797
32269403,2017-12-20T08:30:45.983,SELL,0.00334002,1.36231664
32269410,2017-12-20T08:30:52.61,SELL,0.00334027,8.5
32269429,2017-12-20T08:31:02.283,BUY,0.00335398,4.30160932
32269433,2017-12-20T08:31:04.61,BUY,0.00334027,2.17019237
32269434,2017-12-20T08:31:04.61,BUY,0.00335398,8.22980763
32269442,2017-12-20T08:31:07.94,BUY,0.00335398,0.78469331
32269488,2017-12-20T08:31:23.097,SELL,0.00334038,1.98726125
32269490,2017-12-20T08:31:23.13,BUY,0.00335397,8.48716108
32269491,2017-12-20T08:31:23.13,BUY,0.00335398,0.53331125
32269495,2017-12-20T08:31:25.973,SELL,0.00334038,9.49583875
32269496,2017-12-20T08:31:25.973,SELL,0.00334037,2.0
32269497,2017-12-20T08:31:25.973,SELL,0.00334027,4.44
32269498,2017-12-20T08:31:25.973,SELL,0.00334027,2.17
32269499,2017-12-20T08:31:25.973,SELL,0.00334002,38.65039972
32269501,2017-12-20T08:31:27.74,BUY,0.00334038,11.455616
32269507,2017-12-20T08:31:29.927,BUY,0.00334038,0.83928336
32269508,2017-12-20T08:31:29.927,BUY,0.00335398,2.32114097
32269513,2017-12-20T08:31:30.8,BUY,0.00335398,1.0
32269517,2017-12-20T08:31:32.083,BUY,0.00335398,0.35588167
32269522,2017-12-20T08:31:32.723,BUY,0.00335398,2.74129069
32269538,2017-12-20T08:31:39.537,BUY,0.00335398,1.460788
32269561,2017-12-20T08:31:48.973,BUY,0.00335398,89.22235672
32269566,2017-12-20T08:31:50.007,BUY,0.00335398,54.81341637
32269602,2017-12-20T08:32:03.397,BUY,0.00335398,2.95
32269604,2017-12-20T08:32:03.507,BUY,0.00335398,0.72398832
32269613,2017-12-20T08:32:07.383,BUY,0.00335398,2.95
32269623,2017-12-20T08:32:10.74,BUY,0.00335398,2.95
32269639,2017-12-20T08:32:16.633,BUY,0.00335398,2.95
32269647,2017-12-20T08:32:18.273,BUY,0.00335398,2.0
32269659,2017-12-20T08:32:22.243,BUY,0.00335398,7.43940471
32269663,2017-12-20T08:32:23.46,BUY,0.00335398,2.95
32269665,2017-12-20T08:32:23.867,BUY,0.00335398,15.0
32269676,2017-12-20T08:32:32.807,BUY,0.00335398,2.95
32269682,2017-12-20T08:32:34.21,BUY,0.00335398,55.886644
32269701,2017-12-20T08:32:43.713,BUY,0.00335398,2.45
32269709,2017-12-20T08:32:45.76,SELL,0.00334045,1.86960738
32269711,2017-12-20T08:32:46.183,BUY,0.00335398,5.46621363
32269717,2017-12-20T08:32:47.293,BUY,0.00335398,73.4
32269750,2017-12-20T08:32:58.857,BUY,0.00335398,5.9248506
32269785,2017-12-20T08:33:16.047,BUY,0.00335398,21.662
32269793,2017-12-20T08:33:17.36,BUY,0.00335395,1.28805395
32269794,2017-12-20T08:33:17.36,BUY,0.00335398,4.66017752
32269801,2017-12-20T08:33:20.83,BUY,0.00334046,1.41804958
32269805,2017-12-20T08:33:21.44,BUY,0.00334046,14.2
32269807,2017-12-20T08:33:22.017,BUY,0.00334046,2.97
32269809,2017-12-20T08:33:22.377,BUY,0.00334046,3.62824328
32269824,2017-12-20T08:33:27.86,BUY,0.00335398,3.63909774
32269826,2017-12-20T08:33:28.393,BUY,0.00335398,0.62371637
32269843,2017-12-20T08:33:40.05,BUY,0.00335396,10.0
32269845,2017-12-20T08:33:40.207,BUY,0.00335396,29.36578103
32269853,2017-12-20T08:33:46.833,BUY,0.0033539,9.0368
32269857,2017-12-20T08:33:48.803,BUY,0.0033539,0.56981959
32269860,2017-12-20T08:33:49.083,BUY,0.0033539,4.0
32269865,2017-12-20T08:33:50.91,BUY,0.0033539,1.20631884
32269872,2017-12-20T08:33:55.867,BUY,0.0033539,1.18706157
32269877,2017-12-20T08:33:58.723,SELL,0.00335391,0.60239875
32269882,2017-12-20T08:34:00.537,BUY,0.00335396,0.63421897
32269883,2017-12-20T08:34:00.537,BUY,0.00335396,0.02538103
32269893,2017-12-20T08:34:06.13,BUY,0.00335396,2.3222831
32269897,2017-12-20T08:34:08.443,BUY,0.00335396,0.36686985
32269900,2017-12-20T08:34:11.977,BUY,0.00335396,19.48959172
32269901,2017-12-20T08:34:11.977,BUY,0.00335396,1.34
32269902,2017-12-20T08:34:13.46,SELL,0.00335396,4.03557901
32269907,2017-12-20T08:34:22.35,SELL,0.00335391,0.56633968
32269908,2017-12-20T08:34:22.35,SELL,0.00334048,1.79505183
32269915,2017-12-20T08:34:26.523,SELL,0.00334049,1.4841172
32269922,2017-12-20T08:34:30.807,SELL,0.00334049,8.7965828
32269923,2017-12-20T08:34:30.807,SELL,0.00334048,11.2034172
32269924,2017-12-20T08:34:31.727,SELL,0.00334048,0.7420586
32269926,2017-12-20T08:34:32.413,BUY,0.00334049,3.36726897
32269929,2017-12-20T08:34:33.197,BUY,0.00335396,0.5093894
32269933,2017-12-20T08:34:34.773,SELL,0.00334149,3.3673
32269934,2017-12-20T08:34:34.773,SELL,0.00334146,3.68778827
32269936,2017-12-20T08:34:35.087,BUY,0.00335396,3.0
32269941,2017-12-20T08:34:43.587,SELL,0.0033405,5.0
32269946,2017-12-20T08:34:48.82,BUY,0.00335395,8.26914099
32269948,2017-12-20T08:34:48.947,BUY,0.00335395,3.52804624
32269951,2017-12-20T08:34:49.243,SELL,0.00335395,0.48026061
32269953,2017-12-20T08:34:49.62,SELL,0.00335395,0.35563509
32269954,2017-12-20T08:34:49.633,SELL,0.00335395,0.86568396
32269955,2017-12-20T08:34:49.633,SELL,0.0033406,18.20031107
32269956,2017-12-20T08:34:49.633,SELL,0.0033405,4.42218467
32269959,2017-12-20T08:34:50.197,BUY,0.00335396,8.26908931
32269962,2017-12-20T08:34:51.01,BUY,0.00335396,2.33547216
32269968,2017-12-20T08:34:52.98,BUY,0.00335396,0.67816354
32269969,2017-12-20T08:34:52.98,BUY,0.00335396,6.72529349
32269982,2017-12-20T08:35:05.23,BUY,0.00335396,4.07167926
32269988,2017-12-20T08:35:07.137,SELL,0.0033405,3.77102283
32269989,2017-12-20T08:35:07.137,SELL,0.00334049,17.02
32269990,2017-12-20T08:35:07.137,SELL,0.00334049,11.61178212
32269991,2017-12-20T08:35:07.137,SELL,0.00334048,255.3539433
32269992,2017-12-20T08:35:07.137,SELL,0.00334046,16.41175672
32269993,2017-12-20T08:35:07.137,SELL,0.00334046,2.97
32269994,2017-12-20T08:35:07.137,SELL,0.00334044,2.94411229
32269995,2017-12-20T08:35:07.137,SELL,0.00334044,3.0
32269996,2017-12-20T08:35:07.137,SELL,0.00334044,1.4741739
32269997,2017-12-20T08:35:07.137,SELL,0.0033404,0.3526612
32269998,2017-12-20T08:35:07.137,SELL,0.00334038,12.44
32269999,2017-12-20T08:35:07.137,SELL,0.00334038,3.76726831
32270000,2017-12-20T08:35:07.137,SELL,0.00334003,22.43413496
32270001,2017-12-20T08:35:07.137,SELL,0.00334002,19.7174649
32270002,2017-12-20T08:35:07.137,SELL,0.00334002,3.0
32270006,2017-12-20T08:35:09.307,BUY,0.00334002,10.0
32270012,2017-12-20T08:35:11.09,BUY,0.00334002,10.0
32270015,2017-12-20T08:35:11.603,BUY,0.00334002,10.0
32270017,2017-12-20T08:35:11.637,BUY,0.00334002,10.0
32270025,2017-12-20T08:35:13.62,BUY,0.00334002,10.0
32270028,2017-12-20T08:35:14.183,BUY,0.00334002,10.0
32270032,2017-12-20T08:35:15.9,BUY,0.00334002,58.987628
32270035,2017-12-20T08:35:16.2,SELL,0.00334001,26.93065167
32270044,2017-12-20T08:35:19.293,BUY,0.00334002,2.0
32270047,2017-12-20T08:35:20.357,SELL,0.00334001,2.93452837
32270048,2017-12-20T08:35:20.357,SELL,0.00334001,3.1312224
32270052,2017-12-20T08:35:21.433,SELL,0.00334001,47.49869455
32270053,2017-12-20T08:35:21.433,SELL,0.00334,30.86967291
32270054,2017-12-20T08:35:21.433,SELL,0.00334,0.73475592
32270055,2017-12-20T08:35:21.433,SELL,0.00334,159.34214048
32270076,2017-12-20T08:35:35.013,SELL,0.00334,16.15119591
32270078,2017-12-20T08:35:35.357,BUY,0.00334001,10.82406304
32270087,2017-12-20T08:35:38.247,BUY,0.00334001,9.012618
32270089,2017-12-20T08:35:38.357,BUY,0.00334001,0.595675
32270092,2017-12-20T08:35:39.03,BUY,0.00334001,195.45494902
32270093,2017-12-20T08:35:39.03,BUY,0.00334001,3.91554508
32270094,2017-12-20T08:35:39.03,BUY,0.00334002,672.1052763
32270095,2017-12-20T08:35:39.03,BUY,0.0033405,62.30116331
32270096,2017-12-20T08:35:39.03,BUY,0.0033462,5.01193559
32270106,2017-12-20T08:35:40.543,SELL,0.00334754,9.6083307
32270107,2017-12-20T08:35:40.543,SELL,0.00334751,71.98463425
32270151,2017-12-20T08:35:53.22,SELL,0.0033402,5.0
32270152,2017-12-20T08:35:53.22,SELL,0.00334011,2.89
32270153,2017-12-20T08:35:53.22,SELL,0.00334001,6.32
32270154,2017-12-20T08:35:53.22,SELL,0.00334001,2.0
32270170,2017-12-20T08:36:00.83,BUY,0.00334754,1.6
32270183,2017-12-20T08:36:05.8,BUY,0.00334001,2.97
32270185,2017-12-20T08:36:06.66,BUY,0.00334001,0.47929036
32270189,2017-12-20T08:36:07.94,SELL,0.00334001,1.71040043
32270193,2017-12-20T08:36:09.3,BUY,0.0033402,13.04043069
32270196,2017-12-20T08:36:10.003,BUY,0.00334754,0.59481571
32270203,2017-12-20T08:36:12.033,BUY,0.00334754,1.0
32270205,2017-12-20T08:36:12.097,BUY,0.00334754,0.07554186
32270208,2017-12-20T08:36:14.393,SELL,0.00334754,0.51930914
32270209,2017-12-20T08:36:14.393,SELL,0.0033402,0.01956931
32270210,2017-12-20T08:36:14.393,SELL,0.00334001,1.11836047
32270221,2017-12-20T08:36:19.8,BUY,0.00335,1.0
32270228,2017-12-20T08:36:23.283,BUY,0.0033402,1.36770103
32270232,2017-12-20T08:36:27.833,SELL,0.00334001,0.14194874
32270233,2017-12-20T08:36:27.833,SELL,0.00334001,8.85805126
32270238,2017-12-20T08:36:29.943,BUY,0.0033402,2.97
32270249,2017-12-20T08:36:32.537,BUY,0.0033402,2.97
32270251,2017-12-20T08:36:32.63,BUY,0.0033402,3.0
32270254,2017-12-20T08:36:34.427,BUY,0.0033402,3.53476361
32270255,2017-12-20T08:36:34.427,BUY,0.00335,9.0
32270256,2017-12-20T08:36:34.427,BUY,0.00335396,5.66206357
32270264,2017-12-20T08:36:36.287,BUY,0.00335396,10.69485427
32270265,2017-12-20T08:36:36.287,BUY,0.00335396,6.0
32270266,2017-12-20T08:36:36.287,BUY,0.00335398,2.58866996
32270267,2017-12-20T08:36:36.287,BUY,0.00335398,0.60247859
32270268,2017-12-20T08:36:36.287,BUY,0.00335398,5.64830802
32270269,2017-12-20T08:36:36.287,BUY,0.00336001,5.25160842
32270270,2017-12-20T08:36:36.287,BUY,0.00336584,0.84481571
32270271,2017-12-20T08:36:36.287,BUY,0.00337153,57.12718799
32270298,2017-12-20T08:36:49.807,SELL,0.00334022,8.36177694
32270299,2017-12-20T08:36:49.807,SELL,0.00334021,10.0
32270300,2017-12-20T08:36:49.807,SELL,0.0033402,9.5
32270301,2017-12-20T08:36:49.807,SELL,0.0033402,2.97
32270302,2017-12-20T08:36:49.807,SELL,0.0033402,9.16822306
32270310,2017-12-20T08:36:55.81,SELL,0.00334021,2.28925396
32270379,2017-12-20T08:37:36.613,SELL,0.00334026,0.4
32270386,2017-12-20T08:37:38.317,BUY,0.00337119,2.95
32270394,2017-12-20T08:37:42.6,BUY,0.00337113,120.0
32270400,2017-12-20T08:37:44.63,SELL,0.00334026,2.89394341
32270405,2017-12-20T08:37:57.537,BUY,0.00337111,6.06958246
32270411,2017-12-20T08:38:02.38,BUY,0.00337102,3.68845782
32270414,2017-12-20T08:38:03.63,BUY,0.003371,2.945
32270421,2017-12-20T08:38:09.693,BUY,0.003371,1.0
32270431,2017-12-20T08:38:13.757,BUY,0.00337099,5.41177694
32270432,2017-12-20T08:38:13.757,BUY,0.00337099,10.57673294
32270449,2017-12-20T08:38:20.713,BUY,0.00337098,1.00400299
32270464,2017-12-20T08:38:24.103,SELL,0.00334035,43.10493362
32270499,2017-12-20T08:38:34.23,SELL,0.00334038,10.0
32270500,2017-12-20T08:38:34.23,SELL,0.00334038,7.07788709
32270501,2017-12-20T08:38:34.23,SELL,0.00334038,10.99872159
32270512,2017-12-20T08:38:36.323,BUY,0.00337094,0.78266823
32270514,2017-12-20T08:38:37.573,SELL,0.0033404,2.74214693
32270552,2017-12-20T08:38:50.857,SELL,0.00334621,3.18083157
32270573,2017-12-20T08:39:01.513,SELL,0.00334622,10.0
32270574,2017-12-20T08:39:01.513,SELL,0.00334621,7.74496973
32270603,2017-12-20T08:39:16.797,SELL,0.00334624,11.8590944
32270623,2017-12-20T08:39:22.313,SELL,0.00334627,1.70852571
32270638,2017-12-20T08:39:29.797,BUY,0.00336818,2.67006853
32270654,2017-12-20T08:39:36.343,BUY,0.00336818,95.33594766
32270662,2017-12-20T08:39:40.563,SELL,0.00336818,4.76405234
32270663,2017-12-20T08:39:41.267,SELL,0.00334624,4.76405234
32270667,2017-12-20T08:39:42.063,SELL,0.00334625,1.1
32270698,2017-12-20T08:39:55.287,BUY,0.00336818,2.25384676
32270704,2017-12-20T08:39:57.723,SELL,0.00334634,0.54763013
32270707,2017-12-20T08:39:58.677,BUY,0.00336818,0.6018083
32270708,2017-12-20T08:39:58.69,BUY,0.0033682,0.43643589
32270709,2017-12-20T08:39:58.69,BUY,0.00336826,0.09932387
32270719,2017-12-20T08:40:01.1,BUY,0.00336826,0.2448202
32270720,2017-12-20T08:40:01.1,BUY,0.00336826,1.68845782
32270721,2017-12-20T08:40:01.1,BUY,0.00337074,9.9287408
32270729,2017-12-20T08:40:04.41,SELL,0.00335725,0.9
32270734,2017-12-20T08:40:09.177,SELL,0.00336826,4.64168866
32270738,2017-12-20T08:40:10.957,SELL,0.00336826,0.67782238
32270739,2017-12-20T08:40:10.957,SELL,0.00335725,0.60510655
32270740,2017-12-20T08:40:10.957,SELL,0.00334635,1.70473526
32270748,2017-12-20T08:40:15.943,SELL,0.00334637,3.98441383
32270757,2017-12-20T08:40:20.88,BUY,0.00337073,10.0
32270768,2017-12-20T08:40:24.473,SELL,0.00334641,3.33329292
32270773,2017-12-20T08:40:26.13,BUY,0.00337072,3.77102283
32270781,2017-12-20T08:40:27.053,SELL,0.00337073,2.16611341
32270784,2017-12-20T08:40:28.71,SELL,0.00337073,0.55932971
32270785,2017-12-20T08:40:30.037,SELL,0.00337073,38.81326009
32270798,2017-12-20T08:40:32.537,SELL,0.00334643,0.3374014
32270799,2017-12-20T08:40:32.537,SELL,0.00334643,10.0
32270800,2017-12-20T08:40:32.537,SELL,0.0033464,4.44444444
32270801,2017-12-20T08:40:32.537,SELL,0.0033463,24.59074396
32270851,2017-12-20T08:40:59.18,SELL,0.00334646,2.31847446
32270863,2017-12-20T08:41:03.633,BUY,0.0033707,81.0
32270870,2017-12-20T08:41:06.663,SELL,0.00334648,2.78777433
32270920,2017-12-20T08:41:21.917,BUY,0.00337069,2.78777433
32270928,2017-12-20T08:41:24.82,BUY,0.0033707,3.11577154
32270931,2017-12-20T08:41:26.993,SELL,0.00337069,0.41222567
32270932,2017-12-20T08:41:26.993,SELL,0.00334648,1.58777433
32270948,2017-12-20T08:41:36.743,BUY,0.00335169,0.65807402
32270949,2017-12-20T08:41:36.743,BUY,0.0033707,2.30125193
32270954,2017-12-20T08:41:38.23,BUY,0.0033707,1.25798902
32270970,2017-12-20T08:41:42.18,BUY,0.0033707,0.43266503
32270971,2017-12-20T08:41:42.23,SELL,0.00334793,0.36144578
32271000,2017-12-20T08:41:57.497,BUY,0.00337069,2.0
32271002,2017-12-20T08:41:58.543,BUY,0.00337069,1.62957656
32271003,2017-12-20T08:41:58.543,BUY,0.00337069,1.59635174
32271039,2017-12-20T08:42:14.607,BUY,0.00337069,21.86377417
32271048,2017-12-20T08:42:21.403,SELL,0.00334793,2.61800719
32271049,2017-12-20T08:42:21.403,SELL,0.00334793,0.40468236
32271085,2017-12-20T08:43:01.95,BUY,0.0033705,107.94732248
32271086,2017-12-20T08:43:01.95,BUY,0.0033706,13.39108548
32271087,2017-12-20T08:43:01.95,BUY,0.0033706,8.45647191
32271088,2017-12-20T08:43:01.95,BUY,0.0033706,6.00386414
32271104,2017-12-20T08:43:08.717,BUY,0.00337069,5.5669787
32271105,2017-12-20T08:43:08.717,BUY,0.00337069,1.3390511
32271106,2017-12-20T08:43:08.717,BUY,0.0033707,0.63706908
32271107,2017-12-20T08:43:08.717,BUY,0.0033707,4.0
32271108,2017-12-20T08:43:08.717,BUY,0.00337072,3.08821241
32271109,2017-12-20T08:43:08.717,BUY,0.00337074,0.36530058
32271110,2017-12-20T08:43:08.717,BUY,0.00337094,4.5751295
32271111,2017-12-20T08:43:08.717,BUY,0.00337099,5.08347722
32271112,2017-12-20T08:43:08.717,BUY,0.00337153,27.84478141
32271119,2017-12-20T08:43:11.31,BUY,0.00337153,65.0280306
32271123,2017-12-20T08:43:14.513,SELL,0.00337153,4.20608783
32271130,2017-12-20T08:43:18.843,SELL,0.00337153,6.00690794
32271137,2017-12-20T08:43:21,SELL,0.00337153,3.6857
32271152,2017-12-20T08:43:25.733,SELL,0.00337153,2.07327363
32271153,2017-12-20T08:43:25.733,SELL,0.00337153,43.33692637
32271155,2017-12-20T08:43:26.093,BUY,0.003372,0.89307463
32271165,2017-12-20T08:43:29.703,SELL,0.003372,0.87956967
32271166,2017-12-20T08:43:29.703,SELL,0.003372,1.18933033
32271176,2017-12-20T08:43:31.53,BUY,0.00337216,0.39879303
32271177,2017-12-20T08:43:31.53,BUY,0.00337216,4.95153929
32271178,2017-12-20T08:43:31.53,BUY,0.00337216,4.92412594
32271179,2017-12-20T08:43:31.53,BUY,0.00337216,6.46874221
32271180,2017-12-20T08:43:31.53,BUY,0.00337401,5.46773237
32271181,2017-12-20T08:43:31.877,SELL,0.00337401,4.1685
32271194,2017-12-20T08:43:35.033,SELL,0.00337401,10.0
32271195,2017-12-20T08:43:35.093,SELL,0.00337401,10.0
32271199,2017-12-20T08:43:36.203,SELL,0.00337401,10.0
32271202,2017-12-20T08:43:37.157,SELL,0.00337401,89.69700884
32271203,2017-12-20T08:43:37.157,SELL,0.003372,1.16382888
32271204,2017-12-20T08:43:37.157,SELL,0.003372,5.34948512
32271205,2017-12-20T08:43:37.157,SELL,0.00337153,25.54321154
32271206,2017-12-20T08:43:37.157,SELL,0.00337153,0.77829054
32271207,2017-12-20T08:43:37.157,SELL,0.0033706,4.83389816
32271208,2017-12-20T08:43:37.157,SELL,0.00334799,7.52976824
32271214,2017-12-20T08:43:38.487,BUY,0.003374,17.81393289
32271215,2017-12-20T08:43:38.703,SELL,0.00334799,0.8126027
32271216,2017-12-20T08:43:38.703,SELL,0.00334798,33.5280573
32271243,2017-12-20T08:43:44.39,BUY,0.003374,21.75346711
32271244,2017-12-20T08:43:44.39,BUY,0.00337401,3.03736787
32271245,2017-12-20T08:43:44.39,BUY,0.00337472,2.97945297
32271246,2017-12-20T08:43:44.39,BUY,0.00337482,1.11234849
32271247,2017-12-20T08:43:44.39,BUY,0.003375,18.67649625
32271248,2017-12-20T08:43:44.39,BUY,0.003375,16.01121179
32271249,2017-12-20T08:43:44.39,BUY,0.0033764,17.59751223
32271255,2017-12-20T08:43:46.097,SELL,0.0033764,1.80995259
32271257,2017-12-20T08:43:46.267,SELL,0.0033764,0.55377041
32271258,2017-12-20T08:43:46.627,SELL,0.0033764,59.02880286
32271260,2017-12-20T08:43:47.203,SELL,0.0033764,3.87441396
32271272,2017-12-20T08:43:50.08,BUY,0.00337796,0.34938738
32271280,2017-12-20T08:43:50.703,SELL,0.00337796,1.35061262
32271281,2017-12-20T08:43:50.703,SELL,0.0033764,32.97118738
32271287,2017-12-20T08:43:51.3,SELL,0.0033764,51.76044409
32271304,2017-12-20T08:43:57.237,SELL,0.00337796,13.05984514
32271305,2017-12-20T08:43:57.237,SELL,0.0033764,52.15463553
32271306,2017-12-20T08:43:57.643,SELL,0.0033764,0.47905195
32271319,2017-12-20T08:44:02.08,SELL,0.00337796,9.19405414
32271320,2017-12-20T08:44:02.08,SELL,0.00337641,17.20503194
32271321,2017-12-20T08:44:02.08,SELL,0.0033764,349.69372354
32271329,2017-12-20T08:44:02.97,BUY,0.00337886,0.64091413
32271330,2017-12-20T08:44:02.97,BUY,0.00338499,2.95932595
32271331,2017-12-20T08:44:02.97,BUY,0.00338923,6.39975992
32271333,2017-12-20T08:44:03.063,SELL,0.00337796,5.80459119
32271343,2017-12-20T08:44:05.753,SELL,0.00337796,1.50602863
32271364,2017-12-20T08:44:11.83,SELL,0.00337796,2.66379286
32271365,2017-12-20T08:44:11.83,SELL,0.00337641,60.0
32271366,2017-12-20T08:44:11.83,SELL,0.0033764,56.99263877
32271367,2017-12-20T08:44:11.83,SELL,0.0033764,12.62193159
32271381,2017-12-20T08:44:15.58,SELL,0.00337796,0.4
32271382,2017-12-20T08:44:15.58,SELL,0.0033764,3.68131639
32271420,2017-12-20T08:44:28.773,BUY,0.00338925,67.16257223
32271421,2017-12-20T08:44:28.773,BUY,0.00338925,2.08393359
32271422,2017-12-20T08:44:28.773,BUY,0.00338926,16.0758163
32271423,2017-12-20T08:44:28.773,BUY,0.00338982,1.94261102
32271424,2017-12-20T08:44:28.773,BUY,0.00338983,7.23913786
32271436,2017-12-20T08:44:31.087,SELL,0.00337641,1.91046812
32271437,2017-12-20T08:44:31.087,SELL,0.0033764,2.11086082
32271438,2017-12-20T08:44:31.087,SELL,0.0033764,5.58139363
32271439,2017-12-20T08:44:31.087,SELL,0.0033764,1.41575041
32271440,2017-12-20T08:44:31.087,SELL,0.0033764,1.11452702
32271472,2017-12-20T08:44:39.133,BUY,0.00337641,6.77697359
32271503,2017-12-20T08:44:49.35,BUY,0.00337641,5.11277252
32271507,2017-12-20T08:44:51.37,SELL,0.00337641,6.55597813
32271515,2017-12-20T08:44:53.947,BUY,0.00338891,0.8463203
32271516,2017-12-20T08:44:53.947,BUY,0.00338983,22.76086214
32271517,2017-12-20T08:44:53.947,BUY,0.00338983,2.0800011
32271518,2017-12-20T08:44:53.947,BUY,0.00339,5.0
32271519,2017-12-20T08:44:53.963,BUY,0.00339,0.72559996
32271520,2017-12-20T08:44:53.963,BUY,0.00339,50.0
32271521,2017-12-20T08:44:53.963,BUY,0.00339055,2.0
32271522,2017-12-20T08:44:53.963,BUY,0.00339182,8.6547165
32271536,2017-12-20T08:44:55.777,BUY,0.00339182,11.3452835
32271537,2017-12-20T08:44:55.777,BUY,0.00339429,1.22
32271538,2017-12-20T08:44:55.777,BUY,0.00339431,35.3672165
32271552,2017-12-20T08:44:58.43,SELL,0.00337641,4.4232131
32271553,2017-12-20T08:44:58.43,SELL,0.00337641,199.42090065
32271554,2017-12-20T08:44:58.557,SELL,0.0033764,20.64958567
32271556,2017-12-20T08:44:58.917,BUY,0.00337641,8.86296392
32271559,2017-12-20T08:44:59.603,SELL,0.0033764,3.3601743
32271560,2017-12-20T08:44:59.9,SELL,0.0033764,2.8483061
32271561,2017-12-20T08:44:59.9,SELL,0.0033764,5.66050074
32271562,2017-12-20T08:44:59.9,SELL,0.0033764,6.69680496
32271563,2017-12-20T08:44:59.9,SELL,0.0033579,2.96830143
32271564,2017-12-20T08:44:59.9,SELL,0.00334816,233.844
32271565,2017-12-20T08:44:59.9,SELL,0.00334815,15.7012784
32271566,2017-12-20T08:44:59.9,SELL,0.00334815,8.25665937
32271567,2017-12-20T08:44:59.9,SELL,0.00334815,117.81329682
32271570,2017-12-20T08:45:01.167,BUY,0.00337641,5.0
32271572,2017-12-20T08:45:01.4,BUY,0.00337641,2.80715856
32271588,2017-12-20T08:45:08.54,BUY,0.00337641,3.08035712
32271591,2017-12-20T08:45:08.713,BUY,0.00337641,0.77716861
32271598,2017-12-20T08:45:12.31,BUY,0.00337641,12.6236309
32271601,2017-12-20T08:45:12.98,BUY,0.00337641,40.1117
32271602,2017-12-20T08:45:13.2,SELL,0.00334825,6.08248457
32271623,2017-12-20T08:45:20.53,BUY,0.00335856,0.51619413
32271624,2017-12-20T08:45:20.53,BUY,0.00337641,2.3353227
32271634,2017-12-20T08:45:23.887,BUY,0.00337641,2.62719166
32271635,2017-12-20T08:45:23.887,BUY,0.00337641,2.9848786
32271636,2017-12-20T08:45:23.887,BUY,0.00337641,7.13163507
32271637,2017-12-20T08:45:23.887,BUY,0.00339428,79.17217858
32271681,2017-12-20T08:45:35.61,BUY,0.00337641,0.40498636
32271719,2017-12-20T08:45:44.49,BUY,0.00337637,7.7716921
32271735,2017-12-20T08:45:49.363,BUY,0.00337637,52.5
32271752,2017-12-20T08:45:52.393,BUY,0.00337636,0.36738536
32271767,2017-12-20T08:45:55.52,BUY,0.00337636,7.88927401
32271768,2017-12-20T08:45:55.52,BUY,0.00337636,26.69999999
32271769,2017-12-20T08:45:55.52,BUY,0.00337637,165.410726
32271788,2017-12-20T08:46:00.083,BUY,0.00337637,6.81006482
32271796,2017-12-20T08:46:04.977,BUY,0.00337637,16.770228
32271812,2017-12-20T08:46:08.443,BUY,0.00337637,14.38050583
32271813,2017-12-20T08:46:08.443,BUY,0.00337637,3.38542474
32271820,2017-12-20T08:46:09.79,SELL,0.00337636,0.9
32271844,2017-12-20T08:46:15.147,BUY,0.00337636,4.1
32271845,2017-12-20T08:46:15.147,BUY,0.00337637,5.9
32271850,2017-12-20T08:46:16.04,BUY,0.00337637,9.15630388
32271851,2017-12-20T08:46:16.04,BUY,0.00337637,0.84369612
32271862,2017-12-20T08:46:18.007,BUY,0.00337637,0.47231929
32271863,2017-12-20T08:46:18.007,BUY,0.00337637,59.52768071
32271865,2017-12-20T08:46:18.35,BUY,0.00337637,2.21518106
32271889,2017-12-20T08:46:22.477,BUY,0.00337641,2.94
32271895,2017-12-20T08:46:23.023,SELL,0.00337637,21.78481894
32271896,2017-12-20T08:46:23.023,SELL,0.00337637,10.0
32271897,2017-12-20T08:46:23.023,SELL,0.00337637,10.0
32271901,2017-12-20T08:46:23.85,BUY,0.00337637,9.96477355
32271902,2017-12-20T08:46:23.85,BUY,0.00337637,0.62228045
32271908,2017-12-20T08:46:25.197,BUY,0.003376,2.94
32271925,2017-12-20T08:46:26.57,BUY,0.003376,10.0
32271931,2017-12-20T08:46:27.79,BUY,0.003376,5.0
32271957,2017-12-20T08:46:30.507,BUY,0.003376,4.0469
32271987,2017-12-20T08:46:36.367,BUY,0.003376,2.11568338
32271990,2017-12-20T08:46:36.54,BUY,0.003376,30.0
32271999,2017-12-20T08:46:38.663,BUY,0.00337598,7.96902589
32272014,2017-12-20T08:46:42.15,SELL,0.00334898,10.0
32272015,2017-12-20T08:46:42.15,SELL,0.00334898,4.42739079
32272016,2017-12-20T08:46:42.15,SELL,0.00334897,2.79170263
32272021,2017-12-20T08:46:43.15,BUY,0.00334886,9.0
32272023,2017-12-20T08:46:43.21,SELL,0.00334885,20.0
32272024,2017-12-20T08:46:43.21,SELL,0.00334884,30.0
32272026,2017-12-20T08:46:43.337,BUY,0.00334886,15.0
32272029,2017-12-20T08:46:43.493,BUY,0.00334886,9.0
32272031,2017-12-20T08:46:43.557,BUY,0.00334886,8.33987995
32272033,2017-12-20T08:46:43.663,BUY,0.00334886,10.0
32272036,2017-12-20T08:46:43.773,BUY,0.00334886,23.35691054
32272054,2017-12-20T08:46:45.917,BUY,0.00337598,10.0
32272057,2017-12-20T08:46:46.227,BUY,0.00337598,10.0
32272080,2017-12-20T08:46:50.777,BUY,0.00337598,10.0
32272087,2017-12-20T08:46:54.823,SELL,0.00335726,4.98
32272094,2017-12-20T08:46:58.45,BUY,0.00335726,0.67981752
32272096,2017-12-20T08:46:58.76,BUY,0.00335726,0.34018248
32272112,2017-12-20T08:47:04.31,BUY,0.00337598,10.0
32272116,2017-12-20T08:47:04.997,SELL,0.00337597,21.8
32272117,2017-12-20T08:47:05.357,SELL,0.00337597,10.9
32272118,2017-12-20T08:47:05.51,SELL,0.00337597,3.30438067
32272125,2017-12-20T08:47:07.073,SELL,0.00337597,10.9
32272129,2017-12-20T08:47:08.26,BUY,0.00337598,10.0
32272131,2017-12-20T08:47:08.967,SELL,0.00337597,11.54879907
32272134,2017-12-20T08:47:09.42,SELL,0.00337597,38.64111824
32272135,2017-12-20T08:47:10.09,SELL,0.00337597,2.90570202
32272136,2017-12-20T08:47:10.09,SELL,0.00335726,0.71174706
32272137,2017-12-20T08:47:10.09,SELL,0.00335726,1.35047784
32272138,2017-12-20T08:47:10.09,SELL,0.00335726,4.20663073
32272139,2017-12-20T08:47:10.09,SELL,0.00334887,25.25122235
32272145,2017-12-20T08:47:12.12,BUY,0.00337598,15.0
32272149,2017-12-20T08:47:13.543,SELL,0.00334888,10.0
32272150,2017-12-20T08:47:13.543,SELL,0.00334885,7.44658614
32272151,2017-12-20T08:47:13.543,SELL,0.00334883,9.67757652
32272152,2017-12-20T08:47:13.543,SELL,0.00334867,3.0
32272153,2017-12-20T08:47:13.543,SELL,0.00334852,8.56144492
32272154,2017-12-20T08:47:13.543,SELL,0.00334826,14.41001175
32272159,2017-12-20T08:47:15.59,BUY,0.00337598,0.6
32272172,2017-12-20T08:47:18.857,BUY,0.00337597,100.0
32272201,2017-12-20T08:47:29.933,BUY,0.00337596,43.0
32272221,2017-12-20T08:47:34.763,BUY,0.00337595,8.33987995
32272222,2017-12-20T08:47:34.763,BUY,0.00337596,72.66012005
32272227,2017-12-20T08:47:35.747,BUY,0.00337596,23.9874
32272231,2017-12-20T08:47:36.793,BUY,0.0033759,5.68730663
32272238,2017-12-20T08:47:39.763,SELL,0.00335729,0.69696969
32272240,2017-12-20T08:47:39.967,SELL,0.00335729,0.4308251
32272245,2017-12-20T08:47:40.497,BUY,0.0033759,3.00408028
32272260,2017-12-20T08:47:44.7,BUY,0.00337588,81.0
32272277,2017-12-20T08:47:50.25,BUY,0.00337588,6.715
32272279,2017-12-20T08:47:50.717,SELL,0.00335731,2.0
32272287,2017-12-20T08:47:52.64,BUY,0.00337588,5.00063712
32272301,2017-12-20T08:47:56.107,BUY,0.00337583,1.8811
32272324,2017-12-20T08:48:02.7,BUY,0.0033758,5.0
32272368,2017-12-20T08:48:17.453,BUY,0.00337575,2.23234791
32272373,2017-12-20T08:48:18.64,SELL,0.00335734,10.0
32272374,2017-12-20T08:48:18.64,SELL,0.00335734,4.43655723
32272376,2017-12-20T08:48:19.42,BUY,0.00335734,10.0
32272381,2017-12-20T08:48:19.953,BUY,0.00335734,4.43655723
32272384,2017-12-20T08:48:21.42,BUY,0.00335734,5.29190524
32272394,2017-12-20T08:48:24.733,SELL,0.00335734,0.00809476
32272395,2017-12-20T08:48:24.733,SELL,0.00335734,2.8
32272396,2017-12-20T08:48:24.733,SELL,0.00335734,4.43786982
32272403,2017-12-20T08:48:25.86,BUY,0.00335734,3.46263615
32272407,2017-12-20T08:48:26.173,BUY,0.00335734,4.43786982
32272415,2017-12-20T08:48:27.737,BUY,0.00335734,4.06659763
32272417,2017-12-20T08:48:27.77,BUY,0.00335734,28.04275843
32272423,2017-12-20T08:48:28.55,BUY,0.00337575,15.0
32272448,2017-12-20T08:48:34.4,BUY,0.00337572,8.27901816
32272449,2017-12-20T08:48:34.4,BUY,0.00337575,2.3058355
32272469,2017-12-20T08:48:38.743,SELL,0.00337575,15.27820845
32272485,2017-12-20T08:48:42.353,BUY,0.003375,4.0
32272503,2017-12-20T08:48:45.93,BUY,0.00337583,10.0
32272506,2017-12-20T08:48:46.557,BUY,0.00337583,0.65533456
32272516,2017-12-20T08:48:49.01,BUY,0.00337583,6.65050093
32272517,2017-12-20T08:48:49.01,BUY,0.00337588,3.34949907
32272520,2017-12-20T08:48:49.4,SELL,0.00337575,1.0
32272531,2017-12-20T08:48:53.447,BUY,0.0033758,2.79170263
32272532,2017-12-20T08:48:53.447,BUY,0.00337588,12.0334658
32272533,2017-12-20T08:48:53.447,BUY,0.00337588,11.53722365
32272534,2017-12-20T08:48:53.447,BUY,0.0033759,20.51061983
32272535,2017-12-20T08:48:53.447,BUY,0.0033759,0.56838609
32272560,2017-12-20T08:49:01.433,BUY,0.0033759,1.2e-07
32272561,2017-12-20T08:49:01.433,BUY,0.00337596,5.0
32272562,2017-12-20T08:49:01.433,BUY,0.00337597,15.05519988
32272568,2017-12-20T08:49:02.37,BUY,0.00337597,21.40812427
32272569,2017-12-20T08:49:02.37,BUY,0.00337597,8.52611973
32272573,2017-12-20T08:49:03.637,SELL,0.0033759,3.09734564
32272574,2017-12-20T08:49:03.637,SELL,0.00337575,6.98638521
32272575,2017-12-20T08:49:03.637,SELL,0.00337572,1.0
32272584,2017-12-20T08:49:06.12,BUY,0.003375,22.17477797
32272601,2017-12-20T08:49:11.87,BUY,0.003375,12.05121722
32272607,2017-12-20T08:49:13.777,BUY,0.00337597,1.23382672
32272608,2017-12-20T08:49:13.777,BUY,0.00337597,17.91916637
32272609,2017-12-20T08:49:13.777,BUY,0.00337598,2.14322991
32272626,2017-12-20T08:49:16.387,SELL,0.0033759,18.82137338
32272640,2017-12-20T08:49:20.03,BUY,0.00337598,0.03198424
32272651,2017-12-20T08:49:22.37,SELL,0.003376,1.1
32272652,2017-12-20T08:49:22.45,SELL,0.003376,1.1
32272655,2017-12-20T08:49:23.17,BUY,0.00337637,1.0
32272659,2017-12-20T08:49:24.153,BUY,0.00337641,4.94600257
32272661,2017-12-20T08:49:24.23,SELL,0.00337638,1.1
32272675,2017-12-20T08:49:29.107,BUY,0.00337641,6.70901107
32272690,2017-12-20T08:49:34.39,BUY,0.00339394,3.4159
32272694,2017-12-20T08:49:36.28,BUY,0.00339394,21.2
32272715,2017-12-20T08:49:42.09,BUY,0.00339394,9.45348504
32272720,2017-12-20T08:49:43.967,BUY,0.00339394,11.40541928
32272727,2017-12-20T08:49:45.89,BUY,0.00339394,9.77641803
32272734,2017-12-20T08:49:47.59,SELL,0.00339394,10.0
32272740,2017-12-20T08:49:48.28,SELL,0.00339394,10.0
32272749,2017-12-20T08:49:50.42,SELL,0.00339394,10.0
32272750,2017-12-20T08:49:50.513,SELL,0.00339394,10.0
32272758,2017-12-20T08:49:51.39,BUY,0.00339395,13.22437574
32272759,2017-12-20T08:49:51.39,BUY,0.00339428,46.37680103
32272769,2017-12-20T08:49:53.857,SELL,0.00339394,0.29206768
32272770,2017-12-20T08:49:53.857,SELL,0.00339394,0.43223424
32272781,2017-12-20T08:49:56.797,SELL,0.00339394,0.96
32272782,2017-12-20T08:49:57.077,SELL,0.00339394,0.00205676
32272794,2017-12-20T08:49:59.687,BUY,0.00339394,8.2475889
32272796,2017-12-20T08:50:00.03,SELL,0.00337642,0.42840663
32272798,2017-12-20T08:50:00.2,BUY,0.00339394,1.75035434
32272799,2017-12-20T08:50:00.2,BUY,0.00339394,1.69
32272805,2017-12-20T08:50:02.797,SELL,0.00339395,0.47905195
32272807,2017-12-20T08:50:03.733,SELL,0.00339395,0.7142857
32272811,2017-12-20T08:50:05.437,SELL,0.00339395,10.0
32272819,2017-12-20T08:50:05.857,BUY,0.00339427,1.62458506
32272825,2017-12-20T08:50:06.64,SELL,0.00339427,10.0
32272826,2017-12-20T08:50:06.78,SELL,0.00339427,9.59
32272830,2017-12-20T08:50:07.903,SELL,0.00339427,5.70799069
32272831,2017-12-20T08:50:07.903,SELL,0.00339396,3.88512683
32272832,2017-12-20T08:50:07.903,SELL,0.00339395,0.40688248
32272841,2017-12-20T08:50:09.123,BUY,0.00339428,4.51842167
32272843,2017-12-20T08:50:09.187,SELL,0.00339395,47.18084618
32272844,2017-12-20T08:50:09.67,SELL,0.00339394,0.7160118
32272846,2017-12-20T08:50:09.92,SELL,0.00339394,3.7425934
32272849,2017-12-20T08:50:10.217,SELL,0.00339394,3.03030303
32272850,2017-12-20T08:50:10.28,SELL,0.00339394,0.60240963
32272855,2017-12-20T08:50:11.08,BUY,0.00339395,4.47856246
32272858,2017-12-20T08:50:11.763,SELL,0.00339394,1.49539877
32272859,2017-12-20T08:50:11.763,SELL,0.00339394,1.53490426
32272861,2017-12-20T08:50:11.763,BUY,0.00339395,64.3996
32272863,2017-12-20T08:50:12.187,SELL,0.00339394,4.50844156
32272864,2017-12-20T08:50:12.187,SELL,0.00337642,1.46131564
32272870,2017-12-20T08:50:13.78,SELL,0.00337642,3.19023425
32272871,2017-12-20T08:50:14.623,SELL,0.00337642,0.47413241
32272872,2017-12-20T08:50:14.623,SELL,0.00337642,1.40586759
32272876,2017-12-20T08:50:15.297,BUY,0.00339395,198.18863395
32272878,2017-12-20T08:50:15.36,BUY,0.00339395,100.0
32272880,2017-12-20T08:50:15.513,BUY,0.00339395,0.38388739
32272882,2017-12-20T08:50:15.81,SELL,0.00337642,2.27708603
32272886,2017-12-20T08:50:16.31,BUY,0.00339395,62.013439
32272890,2017-12-20T08:50:16.983,SELL,0.00337643,0.54377214
32272892,2017-12-20T08:50:17.013,BUY,0.00339395,64.4769
32272900,2017-12-20T08:50:19.623,SELL,0.00337643,3.91273988
32272903,2017-12-20T08:50:19.687,SELL,0.00337643,2.51131586
32272905,2017-12-20T08:50:19.717,SELL,0.00337642,1.50347
32272908,2017-12-20T08:50:19.983,BUY,0.00339395,44.40173744
32272909,2017-12-20T08:50:20.187,SELL,0.00337642,0.39125985
32272911,2017-12-20T08:50:20.297,SELL,0.00337642,1.78950018
32272912,2017-12-20T08:50:20.297,SELL,0.00337642,0.4491112
32272913,2017-12-20T08:50:20.39,SELL,0.00337642,4.66842159
32272914,2017-12-20T08:50:20.453,SELL,0.00337642,0.3643788
32272915,2017-12-20T08:50:20.5,SELL,0.00337642,0.83385838
32272917,2017-12-20T08:50:20.703,BUY,0.00339395,60.71961921
32272923,2017-12-20T08:50:21.593,BUY,0.00339395,64.4969
32272927,2017-12-20T08:50:23.937,BUY,0.00339395,64.4825
32272990,2017-12-20T08:50:33.89,BUY,0.00339428,17.361112
32272992,2017-12-20T08:50:34.47,SELL,0.00339395,2.39525978
32272993,2017-12-20T08:50:34.47,SELL,0.00339395,10.0
32272995,2017-12-20T08:50:34.5,BUY,0.00339428,0.32810332
32272996,2017-12-20T08:50:34.5,BUY,0.00339428,48.14598887
32272997,2017-12-20T08:50:34.5,BUY,0.00339431,15.6327835
32272998,2017-12-20T08:50:34.657,SELL,0.00339431,0.25822431
32272999,2017-12-20T08:50:34.657,SELL,0.00339395,0.37052761
32273000,2017-12-20T08:50:34.72,SELL,0.00339395,0.9581039
32273001,2017-12-20T08:50:34.767,SELL,0.00339395,10.0
32273002,2017-12-20T08:50:34.937,SELL,0.00339395,1.2914852
32273004,2017-12-20T08:50:35.39,SELL,0.00339395,2.66301066
32273009,2017-12-20T08:50:35.843,SELL,0.00339429,4.5754
32273010,2017-12-20T08:50:35.843,SELL,0.00339395,7.54581212
32273012,2017-12-20T08:50:36.327,SELL,0.00339395,6.33344101
32273013,2017-12-20T08:50:36.327,SELL,0.00339395,3.66655899
32273015,2017-12-20T08:50:36.39,BUY,0.00339797,2.96
32273016,2017-12-20T08:50:36.39,BUY,0.00339882,0.44
32273017,2017-12-20T08:50:36.47,SELL,0.00339882,0.36142618
32273018,2017-12-20T08:50:36.547,SELL,0.00339882,2.99405679
32273019,2017-12-20T08:50:36.593,SELL,0.00339882,0.39269822
32273020,2017-12-20T08:50:36.64,SELL,0.00339882,0.60144587
32273022,2017-12-20T08:50:36.657,BUY,0.00339951,0.68633423
32273023,2017-12-20T08:50:36.657,BUY,0.0034,2.0
32273024,2017-12-20T08:50:36.657,BUY,0.0034,7.98
32273025,2017-12-20T08:50:36.657,BUY,0.0034,0.71472624
32273026,2017-12-20T08:50:36.657,BUY,0.0034,2.26799921
32273030,2017-12-20T08:50:36.937,SELL,0.00339882,0.36036036
32273031,2017-12-20T08:50:37.267,SELL,0.00339882,5.98775504
32273032,2017-12-20T08:50:37.327,SELL,0.00339882,2.10797658
32273035,2017-12-20T08:50:37.547,SELL,0.00339882,10.0
32273037,2017-12-20T08:50:37.64,SELL,0.00339882,7.96597007
32273039,2017-12-20T08:50:37.813,BUY,0.0034,17.78200079
32273040,2017-12-20T08:50:37.813,BUY,0.0034,1.27338548
32273041,2017-12-20T08:50:37.813,BUY,0.0034,36.96415627
32273042,2017-12-20T08:50:37.813,BUY,0.0034,5.97228559
32273043,2017-12-20T08:50:37.813,BUY,0.0034,196.44952187
32273046,2017-12-20T08:50:38.047,SELL,0.00339882,6.0195998
32273049,2017-12-20T08:50:38.173,SELL,0.00339882,0.47905195
32273050,2017-12-20T08:50:38.25,SELL,0.00339882,0.35928466
32273053,2017-12-20T08:50:39,SELL,0.00339882,4.0
32273055,2017-12-20T08:50:39.08,SELL,0.00339882,4.0
32273057,2017-12-20T08:50:39.17,BUY,0.0034,3.55047813
32273058,2017-12-20T08:50:39.17,BUY,0.0034,24.00666281
32273061,2017-12-20T08:50:39.47,SELL,0.0034,0.36510119
32273067,2017-12-20T08:50:40.343,SELL,0.0034,1.50033007
32273069,2017-12-20T08:50:40.39,BUY,0.00340039,1.28038842
32273070,2017-12-20T08:50:40.39,BUY,0.00340156,2.96830143
32273071,2017-12-20T08:50:40.39,BUY,0.00340769,1.83255201
32273072,2017-12-20T08:50:40.39,BUY,0.00341272,7.48992607
32273073,2017-12-20T08:50:40.39,BUY,0.003415,14.18197083
32273074,2017-12-20T08:50:40.39,BUY,0.00342,1.95871802
32273080,2017-12-20T08:50:41.203,SELL,0.00342,0.78313253
32273081,2017-12-20T08:50:41.22,SELL,0.00342,10.0
32273083,2017-12-20T08:50:41.483,SELL,0.00342,2.92
32273088,2017-12-20T08:50:41.89,SELL,0.00342,10.0
32273089,2017-12-20T08:50:42.127,SELL,0.00342,10.0
32273092,2017-12-20T08:50:42.377,SELL,0.00342,0.90207929
32273095,2017-12-20T08:50:43,SELL,0.00342,7.38031538
32273096,2017-12-20T08:50:43.047,SELL,0.00342,0.59
32273097,2017-12-20T08:50:43.047,SELL,0.00342,0.42166388
32273099,2017-12-20T08:50:43.17,SELL,0.00342,15.0
32273102,2017-12-20T08:50:43.89,SELL,0.00342,20.0
32273104,2017-12-20T08:50:43.983,SELL,0.00342,2.92
32273107,2017-12-20T08:50:44.157,SELL,0.00342,10.0
32273108,2017-12-20T08:50:44.22,SELL,0.00342,10.0
32273112,2017-12-20T08:50:45.03,SELL,0.00342,4.98
32273113,2017-12-20T08:50:45.08,SELL,0.00342,10.0
32273117,2017-12-20T08:50:45.423,SELL,0.00342,5.7299905
32273118,2017-12-20T08:50:45.423,SELL,0.00342,0.8000095
32273119,2017-12-20T08:50:45.517,SELL,0.00342,6.40239968
32273125,2017-12-20T08:50:46.233,BUY,0.00342,3.59760032
32273126,2017-12-20T08:50:46.233,BUY,0.00342156,6.85356576
32273127,2017-12-20T08:50:46.233,BUY,0.00342156,4.42477876
32273128,2017-12-20T08:50:46.423,SELL,0.00342157,10.0
32273129,2017-12-20T08:50:46.517,SELL,0.00342157,1.74845516
32273131,2017-12-20T08:50:46.797,SELL,0.0034097,6.96342602
32273132,2017-12-20T08:50:46.797,SELL,0.00340001,5.03657398
32273138,2017-12-20T08:50:48.453,BUY,0.0034097,6.96
32273139,2017-12-20T08:50:48.453,BUY,0.00342,18.25154484
32273140,2017-12-20T08:50:48.453,BUY,0.00342,10.0
32273141,2017-12-20T08:50:48.453,BUY,0.00342,8.96202203
32273146,2017-12-20T08:50:49.423,BUY,0.00342,1.03797797
32273147,2017-12-20T08:50:49.423,BUY,0.00342,0.59
32273150,2017-12-20T08:50:50.22,BUY,0.00342155,4.43988462
32273151,2017-12-20T08:50:50.22,BUY,0.00342492,14.9282099
32273152,2017-12-20T08:50:50.22,BUY,0.00342935,2.42760127
32273157,2017-12-20T08:50:51.203,SELL,0.00342935,4.41306266
32273163,2017-12-20T08:50:52.25,SELL,0.00342935,7.14285
32273169,2017-12-20T08:50:53.767,BUY,0.00343031,1.4991335
32273170,2017-12-20T08:50:53.767,BUY,0.00343031,1.4991335
32273171,2017-12-20T08:50:53.767,BUY,0.00343037,3.0
32273172,2017-12-20T08:50:53.767,BUY,0.003432,40.0
32273175,2017-12-20T08:50:54,SELL,0.003432,12.89375411
32273176,2017-12-20T08:50:54,SELL,0.00342935,2.10624589
32273179,2017-12-20T08:50:54.267,SELL,0.00342935,10.0
32273180,2017-12-20T08:50:54.377,SELL,0.00342935,4.41306266
32273183,2017-12-20T08:50:54.877,SELL,0.00343032,2.2759
32273187,2017-12-20T08:50:55.547,SELL,0.00342935,20.0
32273189,2017-12-20T08:50:55.78,BUY,0.00343031,2.1358647
32273208,2017-12-20T08:50:59.267,SELL,0.00343031,3.89944971
32273210,2017-12-20T08:50:59.593,SELL,0.00343031,2.9
32273217,2017-12-20T08:51:00.33,SELL,0.00343031,10.0
32273218,2017-12-20T08:51:00.5,SELL,0.00343031,10.0
32273219,2017-12-20T08:51:00.58,SELL,0.00343031,2.0
32273223,2017-12-20T08:51:01.063,SELL,0.00343031,0.59
32273226,2017-12-20T08:51:01.53,SELL,0.00343031,10.0
32273227,2017-12-20T08:51:01.64,SELL,0.00343031,10.0
32273234,2017-12-20T08:51:02.58,SELL,0.00343035,4.4117647
32273235,2017-12-20T08:51:02.593,SELL,0.00343035,2.9
32273239,2017-12-20T08:51:02.843,BUY,0.00343676,4.0
32273240,2017-12-20T08:51:02.843,BUY,0.00343968,18.777913
32273244,2017-12-20T08:51:03.283,SELL,0.00343035,7.72279605
32273245,2017-12-20T08:51:03.283,SELL,0.00343031,6.67720395
32273246,2017-12-20T08:51:03.533,SELL,0.00343031,0.4666393
32273247,2017-12-20T08:51:03.533,SELL,0.00343,7.86247048
32273248,2017-12-20T08:51:03.563,SELL,0.00343,10.0
32273252,2017-12-20T08:51:03.877,SELL,0.00343031,1.39246846
32273253,2017-12-20T08:51:03.877,SELL,0.00343,2.97753154
32273260,2017-12-20T08:51:05.783,SELL,0.00343031,2.00475981
32273261,2017-12-20T08:51:05.783,SELL,0.00343031,3.98076153
32273263,2017-12-20T08:51:05.94,SELL,0.00343031,2.0
32273271,2017-12-20T08:51:07.343,SELL,0.00343675,1.7
32273272,2017-12-20T08:51:07.377,SELL,0.00343675,6.47
32273282,2017-12-20T08:51:08.737,BUY,0.00343676,4.39882697
32273283,2017-12-20T08:51:08.737,BUY,0.00343968,1.222087
32273284,2017-12-20T08:51:08.737,BUY,0.00344,29.66531723
32273285,2017-12-20T08:51:08.767,SELL,0.00344,15.77098912
32273286,2017-12-20T08:51:08.767,SELL,0.00343675,14.22901088
32273288,2017-12-20T08:51:08.953,SELL,0.00343675,11.3342801
32273289,2017-12-20T08:51:08.953,SELL,0.00343031,3.6657199
32273290,2017-12-20T08:51:09.25,SELL,0.00343031,5.92173488
32273294,2017-12-20T08:51:10.36,SELL,0.00343031,4.37
32273295,2017-12-20T08:51:10.377,SELL,0.00343031,7.5722031
32273296,2017-12-20T08:51:10.377,SELL,0.00343031,1.09678839
32273297,2017-12-20T08:51:10.377,SELL,0.00343031,1.33100851
32273300,2017-12-20T08:51:10.563,BUY,0.00343675,2.9
32273301,2017-12-20T08:51:10.563,BUY,0.00343676,4.39882697
32273303,2017-12-20T08:51:10.94,SELL,0.00343968,25.55329098
32273305,2017-12-20T08:51:10.94,BUY,0.00344099,1.61285996
32273306,2017-12-20T08:51:10.94,BUY,0.00344172,3.3366064
32273307,2017-12-20T08:51:10.94,BUY,0.00344924,1.50030306
32273308,2017-12-20T08:51:10.94,BUY,0.0034495,1.30427227
32273309,2017-12-20T08:51:10.94,BUY,0.00345,20.0
32273310,2017-12-20T08:51:10.94,BUY,0.00345,12.93930015
32273312,2017-12-20T08:51:11.047,SELL,0.00343968,4.37
32273315,2017-12-20T08:51:11.843,SELL,0.00344172,2.0
32273319,2017-12-20T08:51:12.017,BUY,0.003449,115.90145914
32273320,2017-12-20T08:51:12.017,BUY,0.00345,2.6097012
32273323,2017-12-20T08:51:12.25,SELL,0.00344172,4.53546
32273324,2017-12-20T08:51:12.343,SELL,0.00344172,10.0
32273326,2017-12-20T08:51:12.55,SELL,0.00344172,2.9
32273328,2017-12-20T08:51:12.673,SELL,0.00344172,4.39882697
32273330,2017-12-20T08:51:12.907,SELL,0.00344172,10.0
32273331,2017-12-20T08:51:13.05,SELL,0.00344172,4.07
32273333,2017-12-20T08:51:13.737,SELL,0.00344172,10.0
32273334,2017-12-20T08:51:14.39,SELL,0.00344172,2.11568338
32273335,2017-12-20T08:51:14.673,SELL,0.00344172,23.48265209
32273336,2017-12-20T08:51:14.673,SELL,0.00344172,2.08063889
32273338,2017-12-20T08:51:14.75,BUY,0.00344999,28.2927
32273339,2017-12-20T08:51:14.75,BUY,0.00345,11.61383737
32273340,2017-12-20T08:51:14.75,BUY,0.00345,4.68921265
32273341,2017-12-20T08:51:14.847,SELL,0.00345,2.89
32273343,2017-12-20T08:51:15.017,SELL,0.00345,31.75188054
32273344,2017-12-20T08:51:15.017,SELL,0.00344172,11.94497313
32273345,2017-12-20T08:51:15.017,SELL,0.00344,255.00581584
32273346,2017-12-20T08:51:15.157,SELL,0.00344,15.0
32273353,2017-12-20T08:51:16.703,SELL,0.00344001,2.89
32273355,2017-12-20T08:51:16.847,BUY,0.00344099,0.47601143
32273357,2017-12-20T08:51:16.987,BUY,0.00344099,3.92281554
32273358,2017-12-20T08:51:16.987,BUY,0.00344172,1.4
32273359,2017-12-20T08:51:16.987,BUY,0.00345008,4.24698682
32273360,2017-12-20T08:51:16.987,BUY,0.0034515,4.09683447
32273374,2017-12-20T08:51:20.08,SELL,0.00344172,2.89
32273376,2017-12-20T08:51:20.203,BUY,0.00345,0.59
32273377,2017-12-20T08:51:20.203,BUY,0.0034515,7.02534355
32273378,2017-12-20T08:51:20.203,BUY,0.00345156,0.5841262
32273379,2017-12-20T08:51:20.237,SELL,0.00344172,0.30157717
32273380,2017-12-20T08:51:20.237,SELL,0.00344172,3.22332889
32273381,2017-12-20T08:51:20.237,SELL,0.00344172,0.86362524
32273382,2017-12-20T08:51:20.47,SELL,0.00344172,10.41269164
32273383,2017-12-20T08:51:20.533,SELL,0.00344172,24.88
32273391,2017-12-20T08:51:21.61,BUY,0.00345156,1.4158738
32273392,2017-12-20T08:51:21.61,BUY,0.00345395,6.43307883
32273393,2017-12-20T08:51:21.627,SELL,0.00345395,13.12
32273396,2017-12-20T08:51:22.157,SELL,0.00345395,15.0
32273400,2017-12-20T08:51:22.893,SELL,0.00345395,30.0
32273402,2017-12-20T08:51:23.05,BUY,0.00345445,42.2702874
32273403,2017-12-20T08:51:23.05,BUY,0.00345468,44.93243243
32273404,2017-12-20T08:51:23.05,BUY,0.0034559,41.0
32273405,2017-12-20T08:51:23.05,BUY,0.0034572,0.62
32273406,2017-12-20T08:51:23.05,BUY,0.00345771,0.78469331
32273407,2017-12-20T08:51:23.05,BUY,0.00346099,0.99999861
32273408,2017-12-20T08:51:23.063,BUY,0.00346188,0.59
32273409,2017-12-20T08:51:23.063,BUY,0.00346713,0.82274145
32273410,2017-12-20T08:51:23.063,BUY,0.00346827,3.69610761
32273411,2017-12-20T08:51:23.063,BUY,0.00346997,16.57167991
32273414,2017-12-20T08:51:23.313,SELL,0.00345395,2.89
32273416,2017-12-20T08:51:24.11,SELL,0.00345395,10.0
32273419,2017-12-20T08:51:24.377,SELL,0.00345395,3.22
32273474,2017-12-20T08:51:29.627,SELL,0.00345395,1.6
32273479,2017-12-20T08:51:30.69,SELL,0.00345395,4.57958016
32273486,2017-12-20T08:51:31.83,SELL,0.00345395,3.71286541
32273487,2017-12-20T08:51:31.83,SELL,0.00345395,16.04113459
32273490,2017-12-20T08:51:31.957,BUY,0.00346996,4.37445319
32273491,2017-12-20T08:51:31.957,BUY,0.00346998,2.88
32273492,2017-12-20T08:51:31.957,BUY,0.00346999,33.16961422
32273496,2017-12-20T08:51:32.267,BUY,0.00346999,5.23238578
32273497,2017-12-20T08:51:32.267,BUY,0.00347001,100.0
32273498,2017-12-20T08:51:32.267,BUY,0.00347001,1.17969043
32273501,2017-12-20T08:51:33.3,SELL,0.00345395,0.0008664
32273505,2017-12-20T08:51:33.847,BUY,0.00345395,1.73154744
32273510,2017-12-20T08:51:34.987,BUY,0.00345395,1.14758616
32273514,2017-12-20T08:51:35.173,BUY,0.00346994,17.0471905
32273516,2017-12-20T08:51:35.253,BUY,0.00346994,15.40249746
32273521,2017-12-20T08:51:35.8,BUY,0.00346994,7.04703408
32273537,2017-12-20T08:51:38.097,SELL,0.00345397,2.88
32273540,2017-12-20T08:51:38.457,BUY,0.00346995,10.93409751
32273543,2017-12-20T08:51:38.753,SELL,0.00345397,10.0
32273544,2017-12-20T08:51:39.44,SELL,0.00345397,15.0
32273546,2017-12-20T08:51:39.783,SELL,0.00345397,10.0
32273548,2017-12-20T08:51:39.91,SELL,0.00345397,12.14
32273556,2017-12-20T08:51:40.847,SELL,0.00345399,10.0
32273559,2017-12-20T08:51:41.033,SELL,0.00346995,9.59991121
32273560,2017-12-20T08:51:41.033,SELL,0.00345399,0.40008879
32273562,2017-12-20T08:51:41.097,SELL,0.00345399,1.77489062
32273565,2017-12-20T08:51:41.143,BUY,0.00346996,0.40360691
32273566,2017-12-20T08:51:41.143,BUY,0.00347033,1.48111267
32273567,2017-12-20T08:51:41.143,BUY,0.00347498,27.5533
32273568,2017-12-20T08:51:41.143,BUY,0.003475,25.73876656
32273571,2017-12-20T08:51:41.597,SELL,0.00345404,0.89020769
32273573,2017-12-20T08:51:41.627,BUY,0.00346994,1.76702235
32273574,2017-12-20T08:51:41.643,BUY,0.003475,4.80118649
32273575,2017-12-20T08:51:41.8,SELL,0.00345404,4.84912764
32273578,2017-12-20T08:51:41.987,SELL,0.00345404,2.88
32273582,2017-12-20T08:51:42.08,SELL,0.00345404,10.0
32273583,2017-12-20T08:51:42.11,SELL,0.00345404,10.0
32273585,2017-12-20T08:51:42.173,SELL,0.00345404,1.2012012
32273589,2017-12-20T08:51:42.503,BUY,0.00346996,28.76760428
32273590,2017-12-20T08:51:42.503,BUY,0.003475,52.70701981
32273591,2017-12-20T08:51:42.503,BUY,0.00347548,25.53103961
32273592,2017-12-20T08:51:42.627,SELL,0.00345404,0.12119059
32273593,2017-12-20T08:51:42.627,SELL,0.00345399,2.83738929
32273594,2017-12-20T08:51:42.72,SELL,0.00345399,0.32731178
32273595,2017-12-20T08:51:42.767,SELL,0.00345399,0.51208058
32273599,2017-12-20T08:51:43.33,SELL,0.00345399,0.35714285
32273600,2017-12-20T08:51:43.753,SELL,0.00345399,1.37387404
32273602,2017-12-20T08:51:43.91,SELL,0.00345399,2.67857142
32273603,2017-12-20T08:51:43.923,SELL,0.00345399,15.0
32273604,2017-12-20T08:51:44.033,SELL,0.00345399,53.00817624
32273606,2017-12-20T08:51:44.393,SELL,0.00345399,2.35640648
32273607,2017-12-20T08:51:44.423,SELL,0.00345399,2.9848786
32273610,2017-12-20T08:51:44.66,SELL,0.00346995,12.59293912
32273613,2017-12-20T08:51:44.783,SELL,0.00346995,3.42708308
32273614,2017-12-20T08:51:45.003,SELL,0.00346995,0.44175559
32273615,2017-12-20T08:51:45.033,SELL,0.00346995,0.6615268
32273618,2017-12-20T08:51:45.207,BUY,0.00346998,2.0
32273619,2017-12-20T08:51:45.207,BUY,0.00347549,44.72212502
32273620,2017-12-20T08:51:45.207,SELL,0.00346995,2.99035908
32273621,2017-12-20T08:51:45.313,SELL,0.00346995,0.60138619
32273625,2017-12-20T08:51:45.597,SELL,0.00346998,0.37718996
32273627,2017-12-20T08:51:45.66,SELL,0.003475,5.83260424
32273628,2017-12-20T08:51:45.69,SELL,0.003475,4.9218942
32273629,2017-12-20T08:51:45.737,SELL,0.003475,0.44655084
32273630,2017-12-20T08:51:46.05,SELL,0.003475,0.99
32273633,2017-12-20T08:51:46.237,BUY,0.00347549,3.52831431
32273634,2017-12-20T08:51:46.237,BUY,0.00347556,2.68178636
32273635,2017-12-20T08:51:46.237,BUY,0.00347593,59.09495906
32273637,2017-12-20T08:51:46.423,SELL,0.003475,1.88794458
32273639,2017-12-20T08:51:46.487,BUY,0.00347593,38.7201565
32273640,2017-12-20T08:51:46.487,BUY,0.00347627,15.43852954
32273641,2017-12-20T08:51:46.52,SELL,0.003475,0.73953774
32273642,2017-12-20T08:51:46.597,SELL,0.003475,1.34766151
32273643,2017-12-20T08:51:46.61,SELL,0.003475,1.07787335
32273644,2017-12-20T08:51:46.627,SELL,0.003475,0.36007165
32273645,2017-12-20T08:51:46.673,SELL,0.003475,0.36046211
32273646,2017-12-20T08:51:46.77,SELL,0.003475,0.35928466
32273648,2017-12-20T08:51:46.83,SELL,0.003475,6.53040242
32273649,2017-12-20T08:51:46.83,SELL,0.00346998,1.46959758
32273651,2017-12-20T08:51:46.86,BUY,0.00347627,3.53241617
32273652,2017-12-20T08:51:46.923,SELL,0.00346998,0.15321246
32273653,2017-12-20T08:51:46.923,SELL,0.00346995,1.35286607
32273655,2017-12-20T08:51:47.02,SELL,0.00346995,1.79642331
32273656,2017-12-20T08:51:47.02,SELL,0.00346995,0.59880418
32273657,2017-12-20T08:51:47.02,SELL,0.00346995,1.73
32273658,2017-12-20T08:51:47.11,SELL,0.00346995,1.474948
32273661,2017-12-20T08:51:47.33,SELL,0.00346995,1.30140936
32273664,2017-12-20T08:51:47.41,SELL,0.00346995,25.16
32273666,2017-12-20T08:51:47.423,BUY,0.00347627,1.22577911
32273667,2017-12-20T08:51:47.423,BUY,0.0034779,5.70857742
32273668,2017-12-20T08:51:47.423,BUY,0.00347795,0.64262981
32273669,2017-12-20T08:51:47.423,BUY,0.00347868,28.73090699
32273670,2017-12-20T08:51:47.44,BUY,0.00348547,2.87
32273671,2017-12-20T08:51:47.44,BUY,0.00348602,23.42604633
32273672,2017-12-20T08:51:47.44,BUY,0.00348939,1.2184388
32273673,2017-12-20T08:51:47.44,BUY,0.00348941,9.0
32273674,2017-12-20T08:51:47.44,BUY,0.00349,60.30867032
32273678,2017-12-20T08:51:47.817,SELL,0.00346995,4.0
32273679,2017-12-20T08:51:47.987,SELL,0.00346995,3.77493592
32273680,2017-12-20T08:51:48.05,SELL,0.00346995,2.40979098
32273682,2017-12-20T08:51:48.427,SELL,0.00346995,2.36616384
32273684,2017-12-20T08:51:48.503,SELL,0.00346995,1.50192546
32273686,2017-12-20T08:51:48.817,SELL,0.00346995,0.59880418
32273687,2017-12-20T08:51:48.847,SELL,0.00346995,1.25356295
32273688,2017-12-20T08:51:48.893,SELL,0.00346995,1.20154037
32273690,2017-12-20T08:51:48.94,SELL,0.00346995,1.24999998
32273692,2017-12-20T08:51:49.067,BUY,0.00349,25.531039
32273693,2017-12-20T08:51:49.13,SELL,0.00346995,3.01139511
32273696,2017-12-20T08:51:49.38,SELL,0.00346995,8.0
32273697,2017-12-20T08:51:49.613,SELL,0.00346995,0.73638787
32273700,2017-12-20T08:51:49.88,BUY,0.00349,51.48494087
32273702,2017-12-20T08:51:50.05,SELL,0.00346995,15.0
32273703,2017-12-20T08:51:50.24,SELL,0.00346995,2.89
32273711,2017-12-20T08:51:51.567,BUY,0.00347593,23.27143172
32273712,2017-12-20T08:51:51.567,BUY,0.00348999,25.7208
32273713,2017-12-20T08:51:51.567,BUY,0.00349,63.5341351
32273722,2017-12-20T08:51:52.927,SELL,0.00346995,3.3366064
32273724,2017-12-20T08:51:52.94,BUY,0.00349,14.25094411
32273728,2017-12-20T08:51:53.537,BUY,0.00349,85.1922134
32273732,2017-12-20T08:51:53.69,BUY,0.00349,1.32262442
32273735,2017-12-20T08:51:53.957,SELL,0.00347593,2.0
32273738,2017-12-20T08:51:54.207,SELL,0.00347593,2.99401197
32273739,2017-12-20T08:51:54.24,SELL,0.00347593,14.0
32273740,2017-12-20T08:51:54.3,SELL,0.00347593,0.686
32273742,2017-12-20T08:51:54.393,SELL,0.00347593,8.23395973
32273744,2017-12-20T08:51:54.77,SELL,0.00347593,0.59
32273749,2017-12-20T08:51:54.91,BUY,0.00349,152.60275864
32273750,2017-12-20T08:51:54.91,BUY,0.00349,2.0
32273751,2017-12-20T08:51:54.91,BUY,0.00349031,0.38388739
32273752,2017-12-20T08:51:55.177,SELL,0.00349031,0.3608328
32273756,2017-12-20T08:51:55.567,SELL,0.00349031,14.167
32273761,2017-12-20T08:51:56.1,SELL,0.00349031,10.0
32273764,2017-12-20T08:51:56.207,BUY,0.00349095,1.04
32273765,2017-12-20T08:51:56.223,BUY,0.00349159,5.28674738
32273766,2017-12-20T08:51:56.223,BUY,0.00349367,0.3318583
32273767,2017-12-20T08:51:56.223,BUY,0.00349397,0.5
32273768,2017-12-20T08:51:56.223,BUY,0.0034957,0.53377393
32273769,2017-12-20T08:51:56.223,BUY,0.00349651,5.13771659
32273770,2017-12-20T08:51:56.223,BUY,0.00349707,1.86509568
32273771,2017-12-20T08:51:56.223,BUY,0.00349904,4.71357515
32273772,2017-12-20T08:51:56.223,BUY,0.00349925,1.68999998
32273773,2017-12-20T08:51:56.223,BUY,0.00349929,9.0
32273774,2017-12-20T08:51:56.223,BUY,0.00349929,2.78774775
32273775,2017-12-20T08:51:56.223,BUY,0.00349979,45.30601576
32273780,2017-12-20T08:51:56.66,SELL,0.00349031,10.0
32273781,2017-12-20T08:51:56.69,SELL,0.00349031,10.0
32273783,2017-12-20T08:51:56.787,SELL,0.00349031,10.0
32273786,2017-12-20T08:51:56.94,SELL,0.00349031,10.0
32273790,2017-12-20T08:51:57.833,SELL,0.00349031,4.4
32273792,2017-12-20T08:51:58.27,SELL,0.00349031,1.24338334
32273793,2017-12-20T08:51:58.3,SELL,0.00349031,0.91
32273798,2017-12-20T08:51:58.91,SELL,0.00349031,50.5
32273800,2017-12-20T08:51:58.973,SELL,0.00349031,10.0
32273802,2017-12-20T08:51:59.067,BUY,0.00349978,5.82894179
32273807,2017-12-20T08:51:59.613,BUY,0.00349978,19.43655821
32273808,2017-12-20T08:51:59.613,BUY,0.00349979,118.54599078
32273810,2017-12-20T08:51:59.677,BUY,0.00349979,59.07520251
32273813,2017-12-20T08:51:59.88,SELL,0.00349031,14.0
32273815,2017-12-20T08:52:00.177,BUY,0.00349979,16.03728001
32273820,2017-12-20T08:52:00.85,BUY,0.00349979,316.40120566
32273823,2017-12-20T08:52:00.973,BUY,0.00349979,103.87230528
32273824,2017-12-20T08:52:00.973,BUY,0.0034998,1.0
32273825,2017-12-20T08:52:00.973,BUY,0.00349998,2.0
32273826,2017-12-20T08:52:00.973,BUY,0.00349999,10.0
32273827,2017-12-20T08:52:00.973,BUY,0.00349999,21.84935121
32273828,2017-12-20T08:52:00.973,BUY,0.0035,14.16785213
32273831,2017-12-20T08:52:01.223,SELL,0.00349095,0.56999999
32273833,2017-12-20T08:52:01.41,SELL,0.00349095,4.409155
32273837,2017-12-20T08:52:01.927,SELL,0.00349095,6.7
32273846,2017-12-20T08:52:02.943,SELL,0.00349979,0.59
32273851,2017-12-20T08:52:03.253,BUY,0.0035,1.51034885
32273853,2017-12-20T08:52:03.55,SELL,0.00349979,2.16
32273858,2017-12-20T08:52:04.037,BUY,0.00349999,5.06136904
32273861,2017-12-20T08:52:04.223,SELL,0.00349979,3.64663602
32273862,2017-12-20T08:52:04.223,SELL,0.00349095,4.55419353
32273869,2017-12-20T08:52:04.817,SELL,0.00349095,14.0
32273871,2017-12-20T08:52:05.1,SELL,0.00349095,28.5039717
32273876,2017-12-20T08:52:06.02,BUY,0.00349979,5.81
32273877,2017-12-20T08:52:06.02,BUY,0.00349979,3.646
32273881,2017-12-20T08:52:06.427,SELL,0.00349979,2.7
32273883,2017-12-20T08:52:06.613,SELL,0.00349979,10.0
32273885,2017-12-20T08:52:06.613,BUY,0.00349999,8.77719104
32273887,2017-12-20T08:52:06.897,SELL,0.00349979,10.0
32273891,2017-12-20T08:52:07.52,SELL,0.00349979,13.063
32273892,2017-12-20T08:52:07.52,SELL,0.00349095,38.42194087
32273893,2017-12-20T08:52:07.583,SELL,0.00349095,2.84073891
32273894,2017-12-20T08:52:07.583,SELL,0.00349095,1.43227488
32273895,2017-12-20T08:52:07.583,SELL,0.00349095,2.05786397
32273896,2017-12-20T08:52:07.583,SELL,0.00349095,0.36252224
32273898,2017-12-20T08:52:07.817,SELL,0.00349095,0.80396528
32273901,2017-12-20T08:52:07.973,BUY,0.00349095,9.19603472
32273902,2017-12-20T08:52:07.973,BUY,0.00349095,2.62592929
32273903,2017-12-20T08:52:07.99,SELL,0.00349031,4.98
32273905,2017-12-20T08:52:08.38,SELL,0.00349031,2.0
32273906,2017-12-20T08:52:08.427,SELL,0.00349031,12.3658969
32273913,2017-12-20T08:52:09.443,SELL,0.00349031,10.0
32273915,2017-12-20T08:52:09.6,SELL,0.00349031,52.81862954
32273916,2017-12-20T08:52:09.6,SELL,0.00349031,25.96296975
32273917,2017-12-20T08:52:09.6,SELL,0.00349031,0.34312595
32273918,2017-12-20T08:52:09.6,SELL,0.00349031,1.20308001
32273919,2017-12-20T08:52:09.6,SELL,0.00349031,0.77448193
32273920,2017-12-20T08:52:09.6,SELL,0.00349031,5.813996
32273921,2017-12-20T08:52:09.6,SELL,0.00349003,0.93820228
32273922,2017-12-20T08:52:09.6,SELL,0.00349,11.84887637
32273926,2017-12-20T08:52:09.787,BUY,0.00349,6.83959812
32273928,2017-12-20T08:52:09.943,SELL,0.00347593,8.43046043
32273940,2017-12-20T08:52:11.91,SELL,0.00347,2.04137773
32273941,2017-12-20T08:52:12.083,SELL,0.00347,0.86131366
32273942,2017-12-20T08:52:12.083,SELL,0.00346995,0.40768634
32273945,2017-12-20T08:52:12.427,SELL,0.00346995,10.69230493
32273947,2017-12-20T08:52:12.817,BUY,0.00347,25.06220946
32273950,2017-12-20T08:52:13.083,SELL,0.00346995,3.06769485
32273951,2017-12-20T08:52:13.083,SELL,0.00346995,12.21004894
32273952,2017-12-20T08:52:13.1,SELL,0.00346995,4.85786786
32273953,2017-12-20T08:52:13.1,SELL,0.00346995,13.57161425
32273954,2017-12-20T08:52:13.1,SELL,0.00346994,7.59968152
32273955,2017-12-20T08:52:13.1,SELL,0.00345408,159.63063597
32273957,2017-12-20T08:52:13.46,BUY,0.00347,0.61624163
32273959,2017-12-20T08:52:13.55,BUY,0.00347,20.32321962
32273961,2017-12-20T08:52:13.833,SELL,0.00345407,2.26266525
32273963,2017-12-20T08:52:13.96,BUY,0.00347,5.49266173
32273965,2017-12-20T08:52:13.96,BUY,0.00347,3.29735644
32273966,2017-12-20T08:52:13.973,BUY,0.00347593,0.62121213
32273967,2017-12-20T08:52:13.973,BUY,0.00349,127.66105853
32273973,2017-12-20T08:52:15.177,SELL,0.00345407,5.82349817
32273974,2017-12-20T08:52:15.177,SELL,0.00345399,12.70068283
32273980,2017-12-20T08:52:17.13,SELL,0.00345399,0.82737762
32273985,2017-12-20T08:52:18.52,BUY,0.00345399,3.010003
32273987,2017-12-20T08:52:19.333,SELL,0.00345397,0.35
32273988,2017-12-20T08:52:19.333,SELL,0.00345395,2.04183457
32273989,2017-12-20T08:52:19.333,SELL,0.00345395,0.36122724
32273990,2017-12-20T08:52:19.333,SELL,0.0034505,11.24693819
32273994,2017-12-20T08:52:19.91,BUY,0.00345399,21.35535204
32273999,2017-12-20T08:52:20.647,BUY,0.00345399,10.0
32274001,2017-12-20T08:52:20.897,BUY,0.00345399,42.99979786
32274002,2017-12-20T08:52:20.897,BUY,0.00348999,23.71721614
32274003,2017-12-20T08:52:20.897,BUY,0.00349,108.58314104
32274004,2017-12-20T08:52:20.897,BUY,0.00349031,10.0
32274005,2017-12-20T08:52:20.897,BUY,0.00349031,10.0
32274006,2017-12-20T08:52:20.897,BUY,0.00349033,5.77
32274007,2017-12-20T08:52:20.897,BUY,0.00349095,7.37407071
32274008,2017-12-20T08:52:20.897,BUY,0.00349095,0.59
32274009,2017-12-20T08:52:20.897,BUY,0.00349095,10.0
32274010,2017-12-20T08:52:20.897,BUY,0.00349095,6.07997341
32274011,2017-12-20T08:52:20.897,BUY,0.00349978,587.195
32274012,2017-12-20T08:52:20.897,BUY,0.00349979,2.7
32274013,2017-12-20T08:52:20.897,BUY,0.0035,143.52554099
32274019,2017-12-20T08:52:22.303,SELL,0.00348998,0.6999125
32274020,2017-12-20T08:52:22.49,SELL,0.00348998,1.28374686
32274023,2017-12-20T08:52:23.04,SELL,0.00348998,1.30254974
32274027,2017-12-20T08:52:23.273,SELL,0.00348998,0.60068899
32274030,2017-12-20T08:52:23.663,SELL,0.00348998,55.75380191
32274032,2017-12-20T08:52:23.88,SELL,0.00345399,0.42957
32274037,2017-12-20T08:52:24.663,SELL,0.00345399,0.18885822
32274038,2017-12-20T08:52:24.663,SELL,0.00345399,10.0
32274041,2017-12-20T08:52:25.413,BUY,0.00345408,8.343261
32274045,2017-12-20T08:52:25.913,BUY,0.00345408,20.992446
32274048,2017-12-20T08:52:26.087,BUY,0.00345408,6.98741417
32274049,2017-12-20T08:52:26.087,BUY,0.00348998,0.424282
32274050,2017-12-20T08:52:26.087,BUY,0.00348998,0.5
32274051,2017-12-20T08:52:26.087,BUY,0.00348998,8.67038064
32274053,2017-12-20T08:52:26.273,BUY,0.00348998,1.30167592
32274057,2017-12-20T08:52:26.757,BUY,0.00348998,12.82884267
32274066,2017-12-20T08:52:28.21,BUY,0.00348998,0.60600282
32274069,2017-12-20T08:52:28.367,SELL,0.00345408,8.32529628
32274071,2017-12-20T08:52:28.383,BUY,0.00348998,32.94709795
32274072,2017-12-20T08:52:28.383,BUY,0.00349031,2.0
32274073,2017-12-20T08:52:28.4,BUY,0.0035,70.37783543
32274079,2017-12-20T08:52:28.743,BUY,0.0035,1.1199018
32274086,2017-12-20T08:52:29.337,BUY,0.0035,5.51961107
32274090,2017-12-20T08:52:30.103,SELL,0.00345409,7.46086179
32274092,2017-12-20T08:52:30.57,BUY,0.00349031,1.31550552
32274094,2017-12-20T08:52:30.773,SELL,0.00345409,2.53913821
32274095,2017-12-20T08:52:30.773,SELL,0.00345399,0.72837973
32274097,2017-12-20T08:52:31.18,SELL,0.00345399,1.7443483
32274104,2017-12-20T08:52:32.243,BUY,0.00349031,177.51636337
32274115,2017-12-20T08:52:33.93,SELL,0.00348998,0.59693474
32274116,2017-12-20T08:52:33.977,SELL,0.00348998,1.2695225
32274118,2017-12-20T08:52:34.023,SELL,0.00348998,0.58998965
32274119,2017-12-20T08:52:34.243,SELL,0.00348998,0.6006926
32274123,2017-12-20T08:52:35.18,SELL,0.00348998,0.32731081
32274129,2017-12-20T08:52:36.07,BUY,0.00349031,5.92486215
32274135,2017-12-20T08:52:37.01,SELL,0.00348998,2.08399596
32274136,2017-12-20T08:52:37.01,SELL,0.00348998,1.89417229
32274137,2017-12-20T08:52:37.01,SELL,0.00345415,0.02183175
32274139,2017-12-20T08:52:37.07,BUY,0.00349031,1.57530744
32274140,2017-12-20T08:52:37.15,SELL,0.00345415,0.6006006
32274142,2017-12-20T08:52:37.26,SELL,0.00345415,7.51970161
32274143,2017-12-20T08:52:37.37,SELL,0.00345415,1.78261592
32274148,2017-12-20T08:52:37.603,BUY,0.00347136,0.59745544
32274149,2017-12-20T08:52:37.603,BUY,0.00349031,0.40254456
32274161,2017-12-20T08:52:40.727,SELL,0.00345416,0.9569149
32274169,2017-12-20T08:52:41.96,SELL,0.00345417,0.74397676
32274170,2017-12-20T08:52:42.633,SELL,0.00345417,0.96380316
32274174,2017-12-20T08:52:43.603,SELL,0.00345418,12.39004485
32274176,2017-12-20T08:52:43.633,BUY,0.00347136,0.60011402
32274177,2017-12-20T08:52:43.633,BUY,0.00347136,0.60060421
32274178,2017-12-20T08:52:43.633,BUY,0.00349031,0.57653996
32274180,2017-12-20T08:52:43.807,BUY,0.00349031,6.33135869
32274182,2017-12-20T08:52:43.917,BUY,0.00349999,5.82349817
32274183,2017-12-20T08:52:43.917,BUY,0.0035,11.62125229
32274191,2017-12-20T08:52:44.727,SELL,0.00349031,4.0362138
32274193,2017-12-20T08:52:44.93,SELL,0.00349031,0.5673743
32274194,2017-12-20T08:52:45.133,SELL,0.00349031,1.47938185
32274200,2017-12-20T08:52:46.993,SELL,0.00349031,12.390045
32274201,2017-12-20T08:52:47.103,SELL,0.00349031,0.37004254
32274214,2017-12-20T08:52:48.9,BUY,0.00349998,1.80777992
32274237,2017-12-20T08:52:52.32,SELL,0.00349998,8.03663401
32274249,2017-12-20T08:52:55.07,SELL,0.00349032,22.035
32274257,2017-12-20T08:52:55.697,BUY,0.00349998,0.00336599
32274262,2017-12-20T08:52:56.62,BUY,0.0035,95.93960242
32274272,2017-12-20T08:53:00.027,BUY,0.0035,236.80211385
32274274,2017-12-20T08:53:00.447,BUY,0.0035,2.29803776
32274279,2017-12-20T08:53:01.51,SELL,0.00349998,10.0
32274293,2017-12-20T08:53:04.323,SELL,0.00349998,6.34699177
32274294,2017-12-20T08:53:04.323,SELL,0.00349998,0.25300823
32274301,2017-12-20T08:53:05.947,BUY,0.0035,0.40634413
32274303,2017-12-20T08:53:06.323,SELL,0.00349998,9.92099701
32274304,2017-12-20T08:53:06.323,SELL,0.00349998,1.64972905
32274309,2017-12-20T08:53:06.697,BUY,0.00349999,3.81893779
32274334,2017-12-20T08:53:10.963,BUY,0.00349999,51.13318777
32274338,2017-12-20T08:53:11.887,BUY,0.00349999,2.0
32274344,2017-12-20T08:53:12.48,SELL,0.00349998,3.39009739
32274345,2017-12-20T08:53:12.48,SELL,0.00349998,11.82544349
32274346,2017-12-20T08:53:12.48,SELL,0.00349998,18.19825855
32274348,2017-12-20T08:53:12.557,SELL,0.00349998,4.42699411
32274350,2017-12-20T08:53:12.917,SELL,0.00349998,19.60788072
32274351,2017-12-20T08:53:12.917,SELL,0.00349998,4.23445811
32274352,2017-12-20T08:53:12.917,SELL,0.00349998,1.37884358
32274353,2017-12-20T08:53:12.917,SELL,0.00349998,14.23624807
32274354,2017-12-20T08:53:12.917,SELL,0.00349998,2.47122466
32274358,2017-12-20T08:53:14.807,BUY,0.00349998,1.0
32274369,2017-12-20T08:53:17.23,BUY,0.00349998,1.39291338
32274370,2017-12-20T08:53:17.23,BUY,0.00349999,121.39528056
32274372,2017-12-20T08:53:17.353,SELL,0.00349032,4.44008763
32274373,2017-12-20T08:53:17.353,SELL,0.00349031,52.96461082
32274389,2017-12-20T08:53:20.947,BUY,0.0035,1.00968721
32274396,2017-12-20T08:53:23.12,BUY,0.0035,34.85047096
32274399,2017-12-20T08:53:24.493,SELL,0.00349999,2.959
32274411,2017-12-20T08:53:27.29,BUY,0.0035,600.03335482
32274413,2017-12-20T08:53:27.667,SELL,0.00349999,13.52806045
32274416,2017-12-20T08:53:28.277,SELL,0.00349999,9.00546696
32274417,2017-12-20T08:53:28.277,SELL,0.00349999,0.91281484
32274432,2017-12-20T08:53:31.183,SELL,0.00349999,51.13318777
32274436,2017-12-20T08:53:33.7,SELL,0.00349999,0.46090595
32274437,2017-12-20T08:53:33.87,SELL,0.00349999,4.4932543
32274444,2017-12-20T08:53:34.513,BUY,0.00349999,29.60587329
32274453,2017-12-20T08:53:35.64,BUY,0.00349999,10.90087241
32274454,2017-12-20T08:53:35.64,BUY,0.0035,27.43226255
32274457,2017-12-20T08:53:36.873,BUY,0.00349999,6.60871934
32274462,2017-12-20T08:53:37.7,BUY,0.00349999,9.97335747
32274472,2017-12-20T08:53:40.217,SELL,0.00349999,3.76429061
32274473,2017-12-20T08:53:40.217,SELL,0.00349999,28.31829394
32274474,2017-12-20T08:53:40.217,SELL,0.00349999,1.41170905
32274477,2017-12-20T08:53:40.56,BUY,0.00349999,13.39117898
32274481,2017-12-20T08:53:41.467,SELL,0.00349998,2.26266525
32274487,2017-12-20T08:53:42.92,BUY,0.00349999,3.55632632
32274489,2017-12-20T08:53:43.093,BUY,0.00349999,5.52579846
32274494,2017-12-20T08:53:44.327,SELL,0.00349999,6.576053
32274495,2017-12-20T08:53:44.327,SELL,0.00349999,2.02478375
32274498,2017-12-20T08:53:45.53,SELL,0.00349998,1.53016867
32274499,2017-12-20T08:53:45.53,SELL,0.00349998,1.32210042
32274502,2017-12-20T08:53:45.72,BUY,0.00349999,41.4833242
32274505,2017-12-20T08:53:46.61,SELL,0.00349999,47.81334468
32274511,2017-12-20T08:53:48.593,BUY,0.00349999,12.608282
32274521,2017-12-20T08:53:51.657,SELL,0.00349998,2.82
32274526,2017-12-20T08:53:52.203,BUY,0.00349999,2.49438332
32274529,2017-12-20T08:53:52.627,BUY,0.00349999,47.14659711
32274539,2017-12-20T08:53:55.143,BUY,0.00349999,0.47329
32274551,2017-12-20T08:53:56.36,BUY,0.00349999,0.33824866
32274553,2017-12-20T08:53:56.58,BUY,0.00349999,90.411176
32274557,2017-12-20T08:53:57.097,BUY,0.00349999,12.09687816
32274574,2017-12-20T08:53:58.673,BUY,0.00349999,10.0
32274576,2017-12-20T08:53:58.94,BUY,0.00349999,87.91581085
32274578,2017-12-20T08:53:59.033,BUY,0.00349999,0.4
32274580,2017-12-20T08:53:59.097,BUY,0.00349999,32.0197815
32274584,2017-12-20T08:54:00,BUY,0.00349999,5.71580829
32274587,2017-12-20T08:54:00.487,SELL,0.00349998,0.8418011
32274589,2017-12-20T08:54:00.69,BUY,0.00349999,150.56639943
32274590,2017-12-20T08:54:00.69,BUY,0.00349999,30.64337167
32274591,2017-12-20T08:54:00.69,BUY,0.00349999,1.49654
32274592,2017-12-20T08:54:00.69,BUY,0.0035,16.79493578
32274608,2017-12-20T08:54:02.377,SELL,0.00349998,1.2
32274611,2017-12-20T08:54:02.66,BUY,0.00349999,1.54423811
32274628,2017-12-20T08:54:05.143,BUY,0.00349999,0.56451319
32274630,2017-12-20T08:54:05.173,BUY,0.00349999,15.63987083
32274637,2017-12-20T08:54:05.987,BUY,0.00349999,15.51756244
32274639,2017-12-20T08:54:06.16,BUY,0.00349999,14.31076758
32274640,2017-12-20T08:54:06.16,BUY,0.0035,190.93093342
32274649,2017-12-20T08:54:06.75,BUY,0.0035,136.8609273
32274659,2017-12-20T08:54:08.22,BUY,0.0035,151.31357678
32274664,2017-12-20T08:54:09.19,BUY,0.0035,9.2734877
32274668,2017-12-20T08:54:09.44,BUY,0.0035,248.21192276
32274669,2017-12-20T08:54:09.44,BUY,0.0035,2.86532951
32274670,2017-12-20T08:54:09.44,BUY,0.0035,10.0
32274671,2017-12-20T08:54:09.44,BUY,0.0035,23.92274773
32274672,2017-12-20T08:54:09.487,SELL,0.00349999,1.92953027
32274673,2017-12-20T08:54:09.487,SELL,0.00349999,0.47238895
32274674,2017-12-20T08:54:09.487,SELL,0.00349999,1.0
32274675,2017-12-20T08:54:09.487,SELL,0.00349999,4.03679213
32274678,2017-12-20T08:54:10.69,BUY,0.0035,2.72377557
32274679,2017-12-20T08:54:10.69,BUY,0.0035,2.8400178
32274686,2017-12-20T08:54:11.597,BUY,0.0035,3.37667847
32274687,2017-12-20T08:54:11.597,BUY,0.0035,2.0
32274688,2017-12-20T08:54:11.597,BUY,0.0035,3.81162886
32274689,2017-12-20T08:54:11.597,BUY,0.0035,19.05055175
32274690,2017-12-20T08:54:11.597,BUY,0.0035,30.0
32274691,2017-12-20T08:54:11.597,BUY,0.0035,1.68825018
32274692,2017-12-20T08:54:11.597,BUY,0.0035,5.0
32274693,2017-12-20T08:54:11.61,BUY,0.0035,13.13816984
32274694,2017-12-20T08:54:11.61,BUY,0.0035,213.73400135
32274702,2017-12-20T08:54:12.347,BUY,0.0035,58.71269255
32274704,2017-12-20T08:54:12.813,BUY,0.0035,1.29396083
32274706,2017-12-20T08:54:12.94,BUY,0.0035,43.99191734
32274713,2017-12-20T08:54:14.143,BUY,0.0035,115.18042607
32274714,2017-12-20T08:54:14.143,BUY,0.0035,1.27048949
32274715,2017-12-20T08:54:14.44,SELL,0.00349999,20.61677029
32274716,2017-12-20T08:54:14.44,SELL,0.00349999,76.76357664
32274719,2017-12-20T08:54:14.66,BUY,0.00349999,1.14262104
32274722,2017-12-20T08:54:15.017,BUY,0.00349999,6.21709298
32274724,2017-12-20T08:54:15.16,BUY,0.00349999,72.98179395
32274730,2017-12-20T08:54:15.847,BUY,0.00349999,121.78890691
32274733,2017-12-20T08:54:16.443,BUY,0.00349999,6.27074029
32274739,2017-12-20T08:54:17.3,BUY,0.00349999,8.25487965
32274744,2017-12-20T08:54:17.813,BUY,0.00349999,6.38106448
32274747,2017-12-20T08:54:18.393,BUY,0.00349999,24.60518703
32274753,2017-12-20T08:54:19.22,BUY,0.00349999,2.76855796
32274756,2017-12-20T08:54:19.597,BUY,0.00349999,152.20880878
32274757,2017-12-20T08:54:19.597,BUY,0.0035,3.72951051
32274758,2017-12-20T08:54:19.597,BUY,0.0035,1.90551424
32274759,2017-12-20T08:54:19.597,BUY,0.0035,1.16083996
32274760,2017-12-20T08:54:19.597,BUY,0.0035,1.0
32274761,2017-12-20T08:54:19.597,BUY,0.0035,67.82056573
32274762,2017-12-20T08:54:19.597,BUY,0.0035,13.12128308
32274763,2017-12-20T08:54:19.597,BUY,0.0035,0.32999999
32274764,2017-12-20T08:54:19.597,BUY,0.0035,1.4868279
32274768,2017-12-20T08:54:20.237,BUY,0.00349999,3.03
32274771,2017-12-20T08:54:20.47,SELL,0.00349999,1.5
32274781,2017-12-20T08:54:22.737,BUY,0.0035,8.22884204
32274782,2017-12-20T08:54:22.737,BUY,0.0035,1.0
32274783,2017-12-20T08:54:22.737,BUY,0.0035,33.87103744
32274784,2017-12-20T08:54:22.737,BUY,0.0035,0.47238895
32274785,2017-12-20T08:54:22.737,BUY,0.00350439,0.58423141
32274786,2017-12-20T08:54:22.737,BUY,0.00350501,98.72826898
32274803,2017-12-20T08:54:27.877,BUY,0.0035,1.37060665
32274809,2017-12-20T08:54:28.863,SELL,0.00349999,3.0
32274814,2017-12-20T08:54:29.533,BUY,0.0035,6.81877605
32274815,2017-12-20T08:54:29.533,BUY,0.00350501,109.89977846
32274817,2017-12-20T08:54:29.83,SELL,0.00349999,3.35021768
32274824,2017-12-20T08:54:30.94,SELL,0.00349999,7.84156292
32274825,2017-12-20T08:54:30.94,SELL,0.00349999,1.27241688
32274826,2017-12-20T08:54:30.94,SELL,0.00349999,4.51124765
32274827,2017-12-20T08:54:30.94,SELL,0.00349999,26.5996219
32274828,2017-12-20T08:54:30.94,SELL,0.00349999,18.4878432
32274838,2017-12-20T08:54:33.347,SELL,0.00349999,0.92
32274839,2017-12-20T08:54:33.567,SELL,0.00349999,40.10040947
32274841,2017-12-20T08:54:33.863,BUY,0.00349999,1.24841111
32274843,2017-12-20T08:54:34.16,BUY,0.00349999,6.64740053
32274848,2017-12-20T08:54:34.737,BUY,0.00349999,7.84487884
32274852,2017-12-20T08:54:34.847,BUY,0.00349999,2.02350132
32274854,2017-12-20T08:54:35.05,SELL,0.00349998,2.53113082
32274855,2017-12-20T08:54:35.05,SELL,0.00349998,18.00055031
32274856,2017-12-20T08:54:35.05,SELL,0.00349998,1.93131887
32274858,2017-12-20T08:54:35.347,BUY,0.00349999,18.63680228
32274865,2017-12-20T08:54:36.707,SELL,0.00349998,5.50007236
32274866,2017-12-20T08:54:36.707,SELL,0.003499,5.84607358
32274867,2017-12-20T08:54:36.707,SELL,0.00349032,28.24497181
32274868,2017-12-20T08:54:36.707,SELL,0.00349031,4.40079959
32274881,2017-12-20T08:54:39.177,BUY,0.00349999,0.50619025
32274887,2017-12-20T08:54:40.177,BUY,0.00349999,2.46909433
32274894,2017-12-20T08:54:41.143,BUY,0.00349999,5.40382306
32274910,2017-12-20T08:54:45.41,SELL,0.00349031,1.72586685
32274914,2017-12-20T08:54:46.067,BUY,0.00349999,1.02371595
32274916,2017-12-20T08:54:46.223,BUY,0.00349999,9.80245622
32274923,2017-12-20T08:54:47.3,SELL,0.00349031,5.48258138
32274926,2017-12-20T08:54:47.613,BUY,0.00349999,0.56832364
32274929,2017-12-20T08:54:47.88,BUY,0.00349999,20.17590856
32274930,2017-12-20T08:54:47.88,BUY,0.00349999,0.93
32274931,2017-12-20T08:54:47.893,BUY,0.00349999,0.94
32274932,2017-12-20T08:54:47.893,BUY,0.00349999,42.05766262
32274933,2017-12-20T08:54:48.347,SELL,0.00349999,1.14530154
32274935,2017-12-20T08:54:48.55,SELL,0.00349999,62.97161475
32274936,2017-12-20T08:54:48.643,SELL,0.00349031,1.69492004
32274940,2017-12-20T08:54:49.363,BUY,0.00349998,4.00228147
32274950,2017-12-20T08:54:51.24,SELL,0.0034905,2.03154668
32274953,2017-12-20T08:54:51.44,SELL,0.0034905,3.01496324
32274954,2017-12-20T08:54:51.44,SELL,0.00349032,4.28685621
32274955,2017-12-20T08:54:51.44,SELL,0.00349031,85.90036202
32274956,2017-12-20T08:54:51.44,SELL,0.00349031,5.23396348
32274964,2017-12-20T08:54:53.44,BUY,0.00349998,4.393258
32274967,2017-12-20T08:54:53.66,BUY,0.00349998,28.26127945
32274968,2017-12-20T08:54:53.66,BUY,0.00349998,0.61624163
32274969,2017-12-20T08:54:53.66,BUY,0.00349999,15.79557349
32274970,2017-12-20T08:54:53.973,SELL,0.00349031,4.10824165
32274971,2017-12-20T08:54:53.973,SELL,0.00349031,2.64776658
32274972,2017-12-20T08:54:53.973,SELL,0.00349031,0.59505393
32274973,2017-12-20T08:54:53.973,SELL,0.0034903,25.60127486
32274976,2017-12-20T08:54:54.13,BUY,0.0034903,1.55876419
32274977,2017-12-20T08:54:54.13,BUY,0.00349999,9.49307682
32274983,2017-12-20T08:54:54.88,SELL,0.00349999,0.94815899
32274984,2017-12-20T08:54:54.88,SELL,0.00349026,0.4143115
32274985,2017-12-20T08:54:54.88,SELL,0.00347136,1.2
32274986,2017-12-20T08:54:54.88,SELL,0.00345454,63.43752951
32274991,2017-12-20T08:54:56.143,SELL,0.00345455,25.0
32274992,2017-12-20T08:54:56.143,SELL,0.00345454,96.78890691
32274995,2017-12-20T08:54:56.49,SELL,0.00345454,22.39871055
32274997,2017-12-20T08:54:56.817,BUY,0.00349031,100.0
32275003,2017-12-20T08:54:59.083,SELL,0.00345455,10.0
32275004,2017-12-20T08:54:59.083,SELL,0.00345454,62.98179395
32275008,2017-12-20T08:54:59.287,BUY,0.00349031,4.00229144
32275061,2017-12-20T08:55:09.24,SELL,0.0034546,4.42484402
32275074,2017-12-20T08:55:10.85,SELL,0.00345461,0.44638605
32275080,2017-12-20T08:55:11.397,BUY,0.0034901,0.88888888
32275088,2017-12-20T08:55:11.943,BUY,0.0034901,10.0
32275097,2017-12-20T08:55:12.85,BUY,0.0034901,3.91309654
32275098,2017-12-20T08:55:12.85,BUY,0.00349031,22.58690346
