4577224,2017-12-24T15:16:13.5,BUY,1.18e-06,285945.88985294
4577226,2017-12-24T15:16:14.327,SELL,1.17e-06,5074.25113914
4577231,2017-12-24T15:16:15.267,BUY,1.18e-06,333312.15343886
4577232,2017-12-24T15:16:15.267,BUY,1.18e-06,294300.07003572
4577234,2017-12-24T15:16:15.36,BUY,1.18e-06,37779.32338235
4577237,2017-12-24T15:16:15.483,BUY,1.18e-06,50000.0
4577239,2017-12-24T15:16:15.5,BUY,1.18e-06,47064.03654661
4577243,2017-12-24T15:16:17.093,SELL,1.17e-06,67480.55047286
4577246,2017-12-24T15:16:17.313,BUY,1.18e-06,93232.59588462
4577248,2017-12-24T15:16:17.39,BUY,1.18e-06,96524.9979661
4577250,2017-12-24T15:16:17.44,BUY,1.18e-06,167647.05882353
4577252,2017-12-24T15:16:17.483,BUY,1.18e-06,2568.41879237
4577255,2017-12-24T15:16:17.83,BUY,1.18e-06,1009.0
4577260,2017-12-24T15:16:18.267,BUY,1.18e-06,2514.71426471
4577265,2017-12-24T15:16:19.19,BUY,1.18e-06,3000.0
4577267,2017-12-24T15:16:19.907,BUY,1.18e-06,1491.5534375
4577269,2017-12-24T15:16:20.08,SELL,1.17e-06,4336.95652174
4577270,2017-12-24T15:16:20.08,SELL,1.17e-06,12912.56076923
4577272,2017-12-24T15:16:20.08,SELL,1.17e-06,79565.29125251
4577276,2017-12-24T15:16:20.22,SELL,1.17e-06,5691.1190039
4577277,2017-12-24T15:16:20.22,SELL,1.17e-06,1000.93839744
4577278,2017-12-24T15:16:20.22,SELL,1.17e-06,125181.70583333
4577279,2017-12-24T15:16:20.22,SELL,1.17e-06,50000.0
4577280,2017-12-24T15:16:20.22,SELL,1.17e-06,4492.52685897
4577281,2017-12-24T15:16:20.22,SELL,1.17e-06,10000.0
4577282,2017-12-24T15:16:20.22,SELL,1.17e-06,4000.0
4577283,2017-12-24T15:16:20.22,SELL,1.17e-06,29180.82237179
4577284,2017-12-24T15:16:20.22,SELL,1.17e-06,34188.03418803
4577285,2017-12-24T15:16:20.237,SELL,1.17e-06,1281584.20442797
4577286,2017-12-24T15:16:20.237,SELL,1.17e-06,1705128.20512821
4577287,2017-12-24T15:16:20.237,SELL,1.17e-06,343929.36352564
4577288,2017-12-24T15:16:20.237,SELL,1.17e-06,21500.0
4577289,2017-12-24T15:16:20.237,SELL,1.17e-06,7858.72275641
4577290,2017-12-24T15:16:20.237,SELL,1.17e-06,20955.87563331
4577297,2017-12-24T15:16:21.91,SELL,1.17e-06,29517.49648207
4577298,2017-12-24T15:16:21.91,SELL,1.17e-06,29312.69698718
4577301,2017-12-24T15:16:22.347,BUY,1.17e-06,20000.0
4577304,2017-12-24T15:16:22.517,BUY,1.17e-06,9299.11766949
4577307,2017-12-24T15:16:23.393,BUY,1.17e-06,25576.92307692
4577309,2017-12-24T15:16:23.847,BUY,1.17e-06,14526.27705128
4577313,2017-12-24T15:16:24.58,BUY,1.17e-06,1108.33333333
4577316,2017-12-24T15:16:25.283,BUY,1.17e-06,16577.81599576
4577320,2017-12-24T15:16:25.737,BUY,1.17e-06,1103.83014706
4577322,2017-12-24T15:16:25.83,BUY,1.17e-06,33596.60141026
4577323,2017-12-24T15:16:26.317,SELL,1.16e-06,36269.0
4577324,2017-12-24T15:16:26.317,SELL,1.16e-06,12675.07365506
4577327,2017-12-24T15:16:26.94,BUY,1.17e-06,29695.28213968
4577330,2017-12-24T15:16:27.44,SELL,1.16e-06,13300.0
4577332,2017-12-24T15:16:27.613,BUY,1.17e-06,5089.18030432
4577335,2017-12-24T15:16:27.787,BUY,1.17e-06,3126.63391026
4577338,2017-12-24T15:16:27.927,BUY,1.17e-06,215341.05301338
4577341,2017-12-24T15:16:28.38,BUY,1.17e-06,1522.50847458
4577343,2017-12-24T15:16:28.52,BUY,1.17e-06,4349.70019068
4577345,2017-12-24T15:16:28.597,BUY,1.17e-06,2500.0
4577347,2017-12-24T15:16:28.643,BUY,1.17e-06,5000.0249375
4577349,2017-12-24T15:16:29.16,BUY,1.17e-06,36016.16128205
4577352,2017-12-24T15:16:29.3,BUY,1.17e-06,3110.58540254
4577354,2017-12-24T15:16:29.38,BUY,1.17e-06,80853.44525641
4577358,2017-12-24T15:16:30.02,BUY,1.17e-06,8990.83410256
4577362,2017-12-24T15:16:30.41,BUY,1.17e-06,10000.0
4577364,2017-12-24T15:16:30.473,BUY,1.17e-06,1199.75580508
4577366,2017-12-24T15:16:30.537,BUY,1.17e-06,7673.07692308
4577368,2017-12-24T15:16:30.647,BUY,1.17e-06,136083.25835453
4577369,2017-12-24T15:16:30.647,BUY,1.17e-06,336408.31676471
4577370,2017-12-24T15:16:30.647,BUY,1.17e-06,67758.60135776
4577371,2017-12-24T15:16:30.647,BUY,1.17e-06,163822.75279412
4577372,2017-12-24T15:16:30.647,BUY,1.17e-06,8570.0
4577373,2017-12-24T15:16:30.647,BUY,1.17e-06,96030.67813043
4577374,2017-12-24T15:16:30.647,BUY,1.17e-06,50000.0
4577375,2017-12-24T15:16:30.647,BUY,1.17e-06,141326.39259845
4577378,2017-12-24T15:16:31.333,BUY,1.17e-06,8634.41115385
4577380,2017-12-24T15:16:31.55,BUY,1.17e-06,53717.30347386
4577382,2017-12-24T15:16:31.55,BUY,1.17e-06,1557.0
4577384,2017-12-24T15:16:31.693,BUY,1.17e-06,36568.98089744
4577390,2017-12-24T15:16:33.303,BUY,1.17e-06,9396.1175
4577392,2017-12-24T15:16:33.41,BUY,1.17e-06,103076.40673077
4577400,2017-12-24T15:16:35.07,BUY,1.17e-06,8220.45717949
4577405,2017-12-24T15:16:37.04,BUY,1.17e-06,325063.48403846
4577408,2017-12-24T15:16:37.083,BUY,1.17e-06,2445.78474359
4577410,2017-12-24T15:16:37.227,SELL,1.16e-06,12000.0
4577413,2017-12-24T15:16:37.35,BUY,1.17e-06,5709.28929487
4577414,2017-12-24T15:16:37.43,SELL,1.16e-06,2000.38627155
4577415,2017-12-24T15:16:37.43,SELL,1.16e-06,50304.84510776
4577416,2017-12-24T15:16:37.43,SELL,1.16e-06,7750.20255469
4577417,2017-12-24T15:16:37.96,SELL,1.16e-06,16000.0
4577419,2017-12-24T15:16:38.68,SELL,1.16e-06,4931.20801255
4577421,2017-12-24T15:16:38.883,SELL,1.16e-06,37859.0
4577423,2017-12-24T15:16:39.46,SELL,1.16e-06,16748.17444899
4577426,2017-12-24T15:16:39.757,BUY,1.17e-06,15216.80282051
4577429,2017-12-24T15:16:39.837,BUY,1.17e-06,19988.39096154
4577430,2017-12-24T15:16:39.993,SELL,1.16e-06,254712.11440187
4577431,2017-12-24T15:16:39.993,SELL,1.16e-06,862.06896552
4577432,2017-12-24T15:16:39.993,SELL,1.16e-06,8673.91304348
4577433,2017-12-24T15:16:39.993,SELL,1.16e-06,3690.88758621
4577434,2017-12-24T15:16:39.993,SELL,1.16e-06,3000.0
4577435,2017-12-24T15:16:39.993,SELL,1.16e-06,900.0
4577436,2017-12-24T15:16:39.993,SELL,1.16e-06,84511.88903017
4577437,2017-12-24T15:16:39.993,SELL,1.16e-06,23299.84830912
4577439,2017-12-24T15:16:40.15,BUY,1.17e-06,218779.00885099
4577441,2017-12-24T15:16:40.617,SELL,1.16e-06,50000.0
4577445,2017-12-24T15:16:40.993,BUY,1.17e-06,54643.58647059
4577446,2017-12-24T15:16:40.993,SELL,1.16e-06,24673.896412
4577448,2017-12-24T15:16:41.023,BUY,1.17e-06,366633.7589595
4577449,2017-12-24T15:16:41.023,BUY,1.17e-06,1300.0
4577450,2017-12-24T15:16:41.023,BUY,1.17e-06,80085.19900862
4577451,2017-12-24T15:16:41.023,BUY,1.17e-06,3142.32908316
4577452,2017-12-24T15:16:41.26,SELL,1.16e-06,68800.666777
4577453,2017-12-24T15:16:41.46,SELL,1.16e-06,5208.34712257
4577454,2017-12-24T15:16:41.46,SELL,1.16e-06,21089.28258621
4577455,2017-12-24T15:16:41.46,SELL,1.16e-06,11681.86136622
4577458,2017-12-24T15:16:41.54,SELL,1.16e-06,21579.19804688
4577460,2017-12-24T15:16:41.79,SELL,1.16e-06,18334.05194466
4577461,2017-12-24T15:16:41.79,SELL,1.16e-06,43165.85786614
4577462,2017-12-24T15:16:41.883,SELL,1.16e-06,340360.977128
4577463,2017-12-24T15:16:42.29,SELL,1.16e-06,9410.878976
4577466,2017-12-24T15:16:42.493,SELL,1.16e-06,68882.058901
4577468,2017-12-24T15:16:42.51,BUY,1.17e-06,8525.69431123
4577469,2017-12-24T15:16:42.633,SELL,1.16e-06,1120.68965517
4577470,2017-12-24T15:16:42.71,SELL,1.16e-06,16532.42974613
4577472,2017-12-24T15:16:42.71,BUY,1.17e-06,15249.32814103
4577473,2017-12-24T15:16:42.913,SELL,1.16e-06,25115.86218877
4577474,2017-12-24T15:16:42.913,SELL,1.16e-06,47535.114375
4577475,2017-12-24T15:16:42.913,SELL,1.16e-06,204379.71840517
4577476,2017-12-24T15:16:42.913,SELL,1.16e-06,425027.92862261
4577477,2017-12-24T15:16:42.993,SELL,1.16e-06,47424.444022
4577480,2017-12-24T15:16:43.29,SELL,1.16e-06,33804.753242
4577482,2017-12-24T15:16:43.4,SELL,1.16e-06,2500.0
4577484,2017-12-24T15:16:43.633,SELL,1.16e-06,30048.21014151
4577485,2017-12-24T15:16:43.713,SELL,1.16e-06,5000.0
4577487,2017-12-24T15:16:43.837,BUY,1.17e-06,57928.70416667
4577490,2017-12-24T15:16:43.93,BUY,1.17e-06,5089.18030432
4577492,2017-12-24T15:16:44.057,SELL,1.16e-06,9271.277582
4577494,2017-12-24T15:16:44.307,SELL,1.16e-06,4608.12854505
4577495,2017-12-24T15:16:44.307,SELL,1.16e-06,6291.87145495
4577497,2017-12-24T15:16:44.51,BUY,1.17e-06,287477.84914576
4577498,2017-12-24T15:16:44.51,BUY,1.17e-06,1719.8275862
4577499,2017-12-24T15:16:44.51,BUY,1.17e-06,2515.88002016
4577500,2017-12-24T15:16:44.51,BUY,1.17e-06,37406.25
4577501,2017-12-24T15:16:44.51,BUY,1.17e-06,78093.64632353
4577502,2017-12-24T15:16:44.51,BUY,1.17e-06,48924.0
4577503,2017-12-24T15:16:44.54,SELL,1.17e-06,200000.0
4577504,2017-12-24T15:16:44.697,SELL,1.17e-06,38740.2736875
4577505,2017-12-24T15:16:44.773,SELL,1.17e-06,96868.88454
4577507,2017-12-24T15:16:44.917,SELL,1.17e-06,146078.57356865
4577509,2017-12-24T15:16:45.853,SELL,1.16e-06,15726.7323
4577512,2017-12-24T15:16:46.167,BUY,1.17e-06,30883.73275424
4577513,2017-12-24T15:16:46.323,SELL,1.16e-06,39632.58027522
4577514,2017-12-24T15:16:46.323,SELL,1.16e-06,85991.37931034
4577515,2017-12-24T15:16:46.323,SELL,1.16e-06,97162.39900862
4577516,2017-12-24T15:16:46.323,SELL,1.16e-06,131330.16206897
4577517,2017-12-24T15:16:46.323,SELL,1.16e-06,53838.44676836
4577526,2017-12-24T15:16:49.73,SELL,1.16e-06,75044.48614865
4577528,2017-12-24T15:16:49.9,SELL,1.16e-06,334687.67563902
4577529,2017-12-24T15:16:49.917,SELL,1.16e-06,149875.22631466
4577530,2017-12-24T15:16:49.917,SELL,1.16e-06,2540.84747845
4577531,2017-12-24T15:16:49.917,SELL,1.16e-06,20000.0
4577532,2017-12-24T15:16:49.917,SELL,1.16e-06,4434.71210633
4577534,2017-12-24T15:16:49.933,BUY,1.17e-06,48247.19083333
4577536,2017-12-24T15:16:49.95,BUY,1.17e-06,924.9567379
4577538,2017-12-24T15:16:50.2,BUY,1.17e-06,5043.86082388
4577542,2017-12-24T15:16:50.963,SELL,1.16e-06,179001.85746264
4577543,2017-12-24T15:16:50.963,SELL,1.16e-06,12615.52868534
4577544,2017-12-24T15:16:50.963,SELL,1.16e-06,108382.61385202
4577546,2017-12-24T15:16:51.137,BUY,1.17e-06,1889.93587892
4577547,2017-12-24T15:16:51.34,SELL,1.16e-06,2000.0
4577551,2017-12-24T15:16:51.823,BUY,1.17e-06,90747.25371464
4577554,2017-12-24T15:16:52.293,BUY,1.17e-06,900.0
4577559,2017-12-24T15:16:53.573,SELL,1.16e-06,48506.71623913
4577566,2017-12-24T15:16:54.92,BUY,1.17e-06,4422.26147097
4577568,2017-12-24T15:16:55.2,SELL,1.16e-06,12787.75255155
4577570,2017-12-24T15:16:55.67,SELL,1.16e-06,943.086375
4577574,2017-12-24T15:16:56.09,BUY,1.17e-06,17051.28205128
4577578,2017-12-24T15:16:56.747,BUY,1.17e-06,4560.80600393
4577580,2017-12-24T15:16:56.747,BUY,1.17e-06,9830.52448718
4577582,2017-12-24T15:16:57.327,SELL,1.16e-06,557257.87976279
4577583,2017-12-24T15:16:57.327,SELL,1.16e-06,94442.12023721
4577587,2017-12-24T15:16:58.107,BUY,1.17e-06,340472.21608974
4577591,2017-12-24T15:16:58.903,SELL,1.16e-06,20000.0
4577593,2017-12-24T15:16:59.233,BUY,1.17e-06,10776.86217949
4577594,2017-12-24T15:16:59.28,SELL,1.16e-06,26775.84967151
4577596,2017-12-24T15:16:59.467,BUY,1.17e-06,749164.27888411
4577597,2017-12-24T15:16:59.467,BUY,1.17e-06,2683.75580935
4577598,2017-12-24T15:16:59.467,BUY,1.17e-06,8000.0
4577599,2017-12-24T15:16:59.467,BUY,1.17e-06,35061.6525
4577600,2017-12-24T15:16:59.467,BUY,1.17e-06,47535.114375
4577601,2017-12-24T15:16:59.467,BUY,1.17e-06,46865.41205769
4577602,2017-12-24T15:16:59.467,BUY,1.17e-06,7211.75735294
4577603,2017-12-24T15:16:59.467,BUY,1.17e-06,72529.0313125
4577604,2017-12-24T15:16:59.467,BUY,1.17e-06,65750.73538306
4577606,2017-12-24T15:16:59.78,SELL,1.16e-06,2373.34905405
4577610,2017-12-24T15:17:01.123,SELL,1.17e-06,10328.30779412
4577612,2017-12-24T15:17:01.263,SELL,1.17e-06,19990.86425
4577622,2017-12-24T15:17:04.373,SELL,1.17e-06,26021.73913043
4577626,2017-12-24T15:17:04.61,BUY,1.18e-06,2121.31046677
4577628,2017-12-24T15:17:05.423,SELL,1.17e-06,20316.90475
4577634,2017-12-24T15:17:06.187,BUY,1.18e-06,11220.0490678
4577636,2017-12-24T15:17:06.203,BUY,1.18e-06,96061.48169492
4577637,2017-12-24T15:17:06.317,SELL,1.17e-06,3686.22825125
4577638,2017-12-24T15:17:06.923,SELL,1.17e-06,40878.42307183
4577640,2017-12-24T15:17:07.237,SELL,1.17e-06,130957.25854167
4577642,2017-12-24T15:17:07.657,SELL,1.17e-06,2342.30416667
4577644,2017-12-24T15:17:08.08,SELL,1.17e-06,1448.09291667
4577655,2017-12-24T15:17:10.313,BUY,1.18e-06,118758.52365234
4577657,2017-12-24T15:17:10.393,BUY,1.18e-06,139754.43317797
4577660,2017-12-24T15:17:10.597,SELL,1.17e-06,1405.04692857
4577663,2017-12-24T15:17:11.533,BUY,1.18e-06,87897.95860169
4577664,2017-12-24T15:17:11.55,SELL,1.17e-06,8021.24223128
4577668,2017-12-24T15:17:12.707,SELL,1.17e-06,16971.465
4577669,2017-12-24T15:17:12.91,SELL,1.17e-06,2591.56595833
4577671,2017-12-24T15:17:13.457,BUY,1.18e-06,8043.14682203
4577675,2017-12-24T15:17:13.753,BUY,1.18e-06,902.50925847
4577678,2017-12-24T15:17:14.55,SELL,1.17e-06,20000.0
4577682,2017-12-24T15:17:15.3,BUY,1.18e-06,43915.90963983
4577685,2017-12-24T15:17:15.66,BUY,1.18e-06,66163.81995763
4577688,2017-12-24T15:17:16.393,SELL,1.17e-06,20000.0
4577692,2017-12-24T15:17:17.24,BUY,1.18e-06,13852.17260593
4577702,2017-12-24T15:17:18.3,SELL,1.17e-06,172849.35181687
4577703,2017-12-24T15:17:18.3,SELL,1.17e-06,5089.18030432
4577704,2017-12-24T15:17:18.3,SELL,1.17e-06,10000.0
4577705,2017-12-24T15:17:18.3,SELL,1.17e-06,493146.82083333
4577706,2017-12-24T15:17:18.3,SELL,1.17e-06,8560.0
4577707,2017-12-24T15:17:18.3,SELL,1.17e-06,33626.79822205
4577708,2017-12-24T15:17:18.3,SELL,1.17e-06,42628.20512821
4577709,2017-12-24T15:17:18.3,SELL,1.17e-06,71321.38641026
4577710,2017-12-24T15:17:18.317,SELL,1.17e-06,1800.0
4577711,2017-12-24T15:17:18.317,SELL,1.17e-06,30000.0
4577713,2017-12-24T15:17:18.347,BUY,1.17e-06,111498.12871795
4577715,2017-12-24T15:17:18.643,BUY,1.17e-06,4709.55557692
4577717,2017-12-24T15:17:18.88,BUY,1.17e-06,20000.0
4577721,2017-12-24T15:17:19.067,BUY,1.17e-06,125849.51929487
4577728,2017-12-24T15:17:21.803,BUY,1.17e-06,19243.1133125
4577735,2017-12-24T15:17:22.787,BUY,1.17e-06,2695.94594595
4577738,2017-12-24T15:17:23.02,BUY,1.17e-06,20000.0
4577741,2017-12-24T15:17:23.74,BUY,1.17e-06,8525.64102564
4577743,2017-12-24T15:17:23.943,BUY,1.17e-06,341025.64102564
4577745,2017-12-24T15:17:24.35,BUY,1.17e-06,859.9137931
4577747,2017-12-24T15:17:24.583,BUY,1.17e-06,5000.0
4577749,2017-12-24T15:17:25.227,BUY,1.17e-06,10000.0
4577752,2017-12-24T15:17:25.88,BUY,1.17e-06,16906.77966102
4577753,2017-12-24T15:17:25.913,SELL,1.16e-06,13000.0
4577758,2017-12-24T15:17:27.18,BUY,1.17e-06,479104.47901132
4577759,2017-12-24T15:17:27.18,BUY,1.17e-06,230576.20598868
4577763,2017-12-24T15:17:27.35,BUY,1.17e-06,5000.0
4577766,2017-12-24T15:17:28.117,SELL,1.16e-06,5918.55967949
4577767,2017-12-24T15:17:28.117,SELL,1.16e-06,4287.45225233
4577768,2017-12-24T15:17:28.21,SELL,1.16e-06,25793.13902502
4577771,2017-12-24T15:17:28.443,SELL,1.16e-06,50570.44336957
4577773,2017-12-24T15:17:28.96,BUY,1.17e-06,8525.64102564
4577778,2017-12-24T15:17:29.29,BUY,1.17e-06,15186.11903846
4577780,2017-12-24T15:17:29.303,BUY,1.17e-06,3352.94117647
4577782,2017-12-24T15:17:29.68,SELL,1.16e-06,13273.34177549
4577783,2017-12-24T15:17:29.68,SELL,1.16e-06,143317.97718728
4577785,2017-12-24T15:17:29.85,BUY,1.17e-06,309576.00916667
4577786,2017-12-24T15:17:30.257,SELL,1.16e-06,21092.95671358
4577787,2017-12-24T15:17:30.257,SELL,1.16e-06,78907.04328642
4577789,2017-12-24T15:17:30.663,SELL,1.16e-06,16894.43062331
4577791,2017-12-24T15:17:30.79,SELL,1.16e-06,2781.20116864
4577792,2017-12-24T15:17:30.867,SELL,1.16e-06,571220.11794719
4577794,2017-12-24T15:17:31.773,BUY,1.17e-06,15917.15875
4577796,2017-12-24T15:17:32.07,BUY,1.17e-06,8312.5
4577798,2017-12-24T15:17:32.4,BUY,1.17e-06,523849.18673077
4577801,2017-12-24T15:17:32.633,BUY,1.17e-06,10500.0
4577805,2017-12-24T15:17:33.477,BUY,1.17e-06,21954.02865385
4577806,2017-12-24T15:17:33.587,SELL,1.16e-06,13484.61934615
4577808,2017-12-24T15:17:33.947,BUY,1.17e-06,30190.40320513
4577811,2017-12-24T15:17:35.697,BUY,1.17e-06,9724.72128205
4577813,2017-12-24T15:17:36.133,SELL,1.16e-06,29340.26189223
4577818,2017-12-24T15:17:37.557,SELL,1.16e-06,10000.0
4577819,2017-12-24T15:17:37.557,BUY,1.17e-06,5340.0
4577821,2017-12-24T15:17:37.713,SELL,1.16e-06,519076.65340909
4577825,2017-12-24T15:17:38.667,SELL,1.16e-06,10000.0
4577828,2017-12-24T15:17:38.95,BUY,1.17e-06,523849.18673077
4577833,2017-12-24T15:17:39.95,BUY,1.17e-06,6571.64935897
4577834,2017-12-24T15:17:40.15,SELL,1.16e-06,1115.69595703
4577837,2017-12-24T15:17:40.823,BUY,1.17e-06,47879.74423077
4577839,2017-12-24T15:17:41.387,SELL,1.16e-06,31248.97568821
4577840,2017-12-24T15:17:41.653,SELL,1.16e-06,900.52083333
4577844,2017-12-24T15:17:43.513,BUY,1.17e-06,7952.53038462
4577848,2017-12-24T15:17:44.513,BUY,1.17e-06,100000.0
4577850,2017-12-24T15:17:44.543,SELL,1.16e-06,5610.09346154
4577851,2017-12-24T15:17:45.28,SELL,1.16e-06,21732.80911765
4577855,2017-12-24T15:17:46.997,SELL,1.16e-06,2883.02798367
4577857,2017-12-24T15:17:47.577,SELL,1.16e-06,18500.10077519
4577858,2017-12-24T15:17:48.2,SELL,1.16e-06,1425.0
4577862,2017-12-24T15:17:49,BUY,1.17e-06,21000.0
4577864,2017-12-24T15:17:49.123,BUY,1.17e-06,177237.67521368
4577867,2017-12-24T15:17:49.2,BUY,1.17e-06,3987.83449188
4577870,2017-12-24T15:17:49.513,SELL,1.16e-06,172957.83112593
4577871,2017-12-24T15:17:49.513,SELL,1.16e-06,5069.20900862
4577872,2017-12-24T15:17:49.513,SELL,1.16e-06,1000.0
4577873,2017-12-24T15:17:49.513,SELL,1.16e-06,25807.89614224
4577874,2017-12-24T15:17:49.513,SELL,1.16e-06,257974.13793103
4577875,2017-12-24T15:17:49.513,SELL,1.16e-06,10363.60364224
4577876,2017-12-24T15:17:49.513,SELL,1.16e-06,205249.73402494
4577878,2017-12-24T15:17:49.733,BUY,1.17e-06,1439.9125641
4577880,2017-12-24T15:17:49.81,BUY,1.17e-06,20000.0
4577883,2017-12-24T15:17:50.013,BUY,1.17e-06,1882.59794872
4577887,2017-12-24T15:17:50.28,BUY,1.17e-06,61087.32628205
4577891,2017-12-24T15:17:51.28,BUY,1.17e-06,2695.94594595
4577892,2017-12-24T15:17:51.953,SELL,1.16e-06,8913.26867989
4577899,2017-12-24T15:17:52.827,SELL,1.16e-06,1606.4516129
4577902,2017-12-24T15:17:53.827,SELL,1.16e-06,200000.0
4577904,2017-12-24T15:17:53.86,BUY,1.17e-06,152999.2766432
4577906,2017-12-24T15:17:54.123,BUY,1.17e-06,92628.07166666
4577908,2017-12-24T15:17:54.28,BUY,1.17e-06,100000.0
4577909,2017-12-24T15:17:54.517,SELL,1.16e-06,10000.0
4577911,2017-12-24T15:17:54.53,BUY,1.17e-06,10000.0
4577913,2017-12-24T15:17:54.58,BUY,1.17e-06,1000.0
4577915,2017-12-24T15:17:54.61,BUY,1.17e-06,886.17217949
4577918,2017-12-24T15:17:55.563,SELL,1.16e-06,100000.40027508
4577922,2017-12-24T15:17:56.86,BUY,1.17e-06,6000.0
4577924,2017-12-24T15:17:57.283,BUY,1.17e-06,27000.80573077
4577926,2017-12-24T15:17:57.313,BUY,1.17e-06,116211.49525641
4577930,2017-12-24T15:17:58.297,BUY,1.17e-06,34935.31461538
4577932,2017-12-24T15:17:59.19,SELL,1.16e-06,15629.08341892
4577935,2017-12-24T15:18:00.22,SELL,1.16e-06,100000.0
4577937,2017-12-24T15:18:01.16,SELL,1.16e-06,5000.0
4577941,2017-12-24T15:18:01.8,BUY,1.17e-06,14819.41416667
4577943,2017-12-24T15:18:02.19,BUY,1.17e-06,7818.66929487
4577945,2017-12-24T15:18:02.673,BUY,1.17e-06,442426.60192308
4577946,2017-12-24T15:18:02.673,BUY,1.17e-06,14378.2881338
4577947,2017-12-24T15:18:02.673,BUY,1.17e-06,76009.08400659
4577948,2017-12-24T15:18:02.673,BUY,1.17e-06,8560.0
4577949,2017-12-24T15:18:02.673,BUY,1.17e-06,3270.45223282
4577950,2017-12-24T15:18:02.673,BUY,1.17e-06,279439.99396552
4577951,2017-12-24T15:18:02.673,BUY,1.17e-06,50312.29112903
4577952,2017-12-24T15:18:02.673,BUY,1.17e-06,1321.0
4577953,2017-12-24T15:18:02.673,BUY,1.17e-06,2340.71136719
4577954,2017-12-24T15:18:02.673,BUY,1.17e-06,38583.0
4577955,2017-12-24T15:18:02.673,BUY,1.17e-06,10000.0
4577956,2017-12-24T15:18:02.673,BUY,1.17e-06,29998.0
4577957,2017-12-24T15:18:02.673,BUY,1.17e-06,50159.52302083
4577958,2017-12-24T15:18:02.673,BUY,1.17e-06,183436.56956897
4577959,2017-12-24T15:18:02.673,BUY,1.17e-06,55546.05359214
4577960,2017-12-24T15:18:02.673,BUY,1.17e-06,3155274.43642405
4577961,2017-12-24T15:18:02.673,BUY,1.17e-06,1000.0
4577962,2017-12-24T15:18:02.673,BUY,1.17e-06,1080004.97275641
4577963,2017-12-24T15:18:02.673,BUY,1.17e-06,10000.0
4577964,2017-12-24T15:18:02.673,BUY,1.17e-06,29356.37059091
4577965,2017-12-24T15:18:02.673,BUY,1.17e-06,234356.26791667
4577966,2017-12-24T15:18:02.673,BUY,1.17e-06,2000.0
4577967,2017-12-24T15:18:02.673,BUY,1.17e-06,5000.0
4577968,2017-12-24T15:18:02.673,BUY,1.17e-06,119977.90014706
4577971,2017-12-24T15:18:03.033,SELL,1.17e-06,30000.0
4577972,2017-12-24T15:18:03.127,SELL,1.17e-06,20000.0
4577973,2017-12-24T15:18:03.237,SELL,1.17e-06,4000.0
4577977,2017-12-24T15:18:03.923,SELL,1.17e-06,63248.48322493
4577978,2017-12-24T15:18:03.923,SELL,1.17e-06,130065.47026344
4577979,2017-12-24T15:18:04.127,SELL,1.17e-06,16000.0
4577983,2017-12-24T15:18:05.08,SELL,1.17e-06,137850.71570461
4577988,2017-12-24T15:18:06.66,SELL,1.17e-06,10584.15885688
4577990,2017-12-24T15:18:07.207,SELL,1.17e-06,6415.0
4577991,2017-12-24T15:18:07.223,SELL,1.17e-06,10000.0
4577993,2017-12-24T15:18:07.613,SELL,1.17e-06,34759.67809426
4577998,2017-12-24T15:18:08.677,SELL,1.17e-06,166250.0
4577999,2017-12-24T15:18:08.85,SELL,1.17e-06,5000.0
4578001,2017-12-24T15:18:09.253,SELL,1.17e-06,35003.50421794
4578002,2017-12-24T15:18:09.583,SELL,1.17e-06,5000.0
4578008,2017-12-24T15:18:10.88,BUY,1.18e-06,1817.59395407
4578009,2017-12-24T15:18:10.88,BUY,1.18e-06,262.56131243
4578010,2017-12-24T15:18:11.1,SELL,1.17e-06,71057.4426
4578012,2017-12-24T15:18:11.193,BUY,1.18e-06,4275.72783393
4578021,2017-12-24T15:18:14.413,SELL,1.17e-06,1000.0
4578023,2017-12-24T15:18:14.583,BUY,1.18e-06,6151.45569915
4578024,2017-12-24T15:18:14.617,SELL,1.17e-06,9972.32768519
4578028,2017-12-24T15:18:17.337,BUY,1.18e-06,11693.63515449
4578029,2017-12-24T15:18:17.337,BUY,1.18e-06,33299.14085875
4578032,2017-12-24T15:18:18.617,SELL,1.17e-06,12500.0
4578034,2017-12-24T15:18:18.913,SELL,1.17e-06,23907.19649711
4578036,2017-12-24T15:18:19.053,SELL,1.17e-06,15203.75608057
4578037,2017-12-24T15:18:19.053,SELL,1.17e-06,7667.24391943
4578041,2017-12-24T15:18:19.71,BUY,1.18e-06,13872.896235
4578042,2017-12-24T15:18:19.71,BUY,1.18e-06,4127.103765
4578045,2017-12-24T15:18:20.46,BUY,1.18e-06,81556.65691876
4578046,2017-12-24T15:18:20.46,BUY,1.18e-06,43898.94727273
4578047,2017-12-24T15:18:20.46,BUY,1.18e-06,3634.21824503
4578048,2017-12-24T15:18:20.46,BUY,1.18e-06,1739.0
4578049,2017-12-24T15:18:20.46,BUY,1.18e-06,14526.27705128
4578050,2017-12-24T15:18:20.46,BUY,1.18e-06,437060.83010966
4578051,2017-12-24T15:18:20.617,SELL,1.17e-06,885.85182
4578052,2017-12-24T15:18:20.883,SELL,1.17e-06,322368.17221875
4578053,2017-12-24T15:18:20.9,SELL,1.17e-06,3809.29550336
4578054,2017-12-24T15:18:20.9,SELL,1.17e-06,366029.70148193
4578058,2017-12-24T15:18:21.867,BUY,1.18e-06,3289.01110169
4578061,2017-12-24T15:18:22.727,BUY,1.18e-06,7369.89349576
4578062,2017-12-24T15:18:23.07,SELL,1.17e-06,4385.34854545
4578064,2017-12-24T15:18:23.977,SELL,1.17e-06,1237207.1293957
4578065,2017-12-24T15:18:23.977,SELL,1.17e-06,16656.93534789
4578067,2017-12-24T15:18:24.04,BUY,1.18e-06,6060.22898271
4578069,2017-12-24T15:18:24.9,SELL,1.17e-06,4722.08727273
4578074,2017-12-24T15:18:26.073,SELL,1.17e-06,28361.9175
4578077,2017-12-24T15:18:26.62,SELL,1.17e-06,34432.57500157
4578078,2017-12-24T15:18:26.73,SELL,1.17e-06,7000.0
4578079,2017-12-24T15:18:27.603,SELL,1.17e-06,2000.0
4578083,2017-12-24T15:18:27.823,BUY,1.18e-06,2000.0
4578086,2017-12-24T15:18:28.137,SELL,1.17e-06,5127.8647861
4578090,2017-12-24T15:18:28.747,BUY,1.18e-06,2136.86239462
4578092,2017-12-24T15:18:29.103,SELL,1.17e-06,42526.70033313
4578095,2017-12-24T15:18:29.26,SELL,1.17e-06,2414.20360169
4578098,2017-12-24T15:18:29.37,BUY,1.18e-06,60000.0
4578102,2017-12-24T15:18:29.683,BUY,1.18e-06,1000.0
4578104,2017-12-24T15:18:30.213,SELL,1.17e-06,1321945.15692612
4578105,2017-12-24T15:18:30.213,SELL,1.17e-06,10000.0
4578106,2017-12-24T15:18:30.213,SELL,1.17e-06,70438.50880917
4578109,2017-12-24T15:18:30.65,SELL,1.17e-06,50000.0
4578113,2017-12-24T15:18:31.403,BUY,1.18e-06,1908.25131356
4578116,2017-12-24T15:18:31.747,BUY,1.18e-06,15000.0
4578117,2017-12-24T15:18:31.81,SELL,1.17e-06,79561.49119083
4578118,2017-12-24T15:18:31.81,SELL,1.17e-06,2340.0
4578119,2017-12-24T15:18:31.81,SELL,1.17e-06,8278.97717949
4578120,2017-12-24T15:18:31.81,SELL,1.17e-06,6981.9306383
4578121,2017-12-24T15:18:31.84,SELL,1.17e-06,118151.98374
4578124,2017-12-24T15:18:32.323,BUY,1.18e-06,17548.3496822
4578127,2017-12-24T15:18:32.543,BUY,1.18e-06,5882.69230769
4578129,2017-12-24T15:18:32.637,SELL,1.17e-06,5626.50332661
4578131,2017-12-24T15:18:32.84,BUY,1.18e-06,12900.0
4578132,2017-12-24T15:18:32.87,SELL,1.17e-06,150243.80678227
4578133,2017-12-24T15:18:32.87,SELL,1.17e-06,51509.57
4578134,2017-12-24T15:18:32.87,SELL,1.17e-06,4000.0
4578135,2017-12-24T15:18:32.87,SELL,1.17e-06,1134.29391026
4578136,2017-12-24T15:18:32.87,SELL,1.17e-06,69222.55262821
4578137,2017-12-24T15:18:32.87,SELL,1.17e-06,1000.0
4578138,2017-12-24T15:18:32.87,SELL,1.17e-06,895.47365385
4578139,2017-12-24T15:18:32.87,SELL,1.17e-06,9527.09692308
4578140,2017-12-24T15:18:32.87,SELL,1.17e-06,32467.20610233
4578142,2017-12-24T15:18:33.01,BUY,1.18e-06,53270.41391949
4578143,2017-12-24T15:18:33.027,SELL,1.17e-06,445.15389767
4578144,2017-12-24T15:18:33.027,SELL,1.17e-06,2071.19365385
4578145,2017-12-24T15:18:33.027,SELL,1.17e-06,3483.65244848
4578147,2017-12-24T15:18:33.527,SELL,1.17e-06,1516.34755152
4578148,2017-12-24T15:18:33.527,SELL,1.17e-06,17608.59124363
4578149,2017-12-24T15:18:33.84,SELL,1.17e-06,1000.11777778
4578151,2017-12-24T15:18:33.95,SELL,1.17e-06,6524.398125
4578153,2017-12-24T15:18:34.34,BUY,1.18e-06,14409.70747881
4578154,2017-12-24T15:18:35.92,SELL,1.17e-06,26268.16163564
4578155,2017-12-24T15:18:35.92,SELL,1.17e-06,682054.49621795
4578156,2017-12-24T15:18:35.92,SELL,1.17e-06,8560.0
4578157,2017-12-24T15:18:35.92,SELL,1.17e-06,41119.49064103
4578158,2017-12-24T15:18:35.92,SELL,1.17e-06,8633.31134615
4578159,2017-12-24T15:18:35.92,SELL,1.17e-06,6000.0
4578160,2017-12-24T15:18:35.92,SELL,1.17e-06,4423.02583333
4578161,2017-12-24T15:18:36.09,SELL,1.16e-06,46873.06993216
4578163,2017-12-24T15:18:37.187,SELL,1.16e-06,200000.0
4578166,2017-12-24T15:18:38.077,BUY,1.17e-06,2000.0
4578168,2017-12-24T15:18:38.543,BUY,1.17e-06,19592.878375
4578170,2017-12-24T15:18:38.56,BUY,1.17e-06,801448.88549831
4578171,2017-12-24T15:18:38.56,BUY,1.17e-06,383267.61064961
4578172,2017-12-24T15:18:38.56,BUY,1.17e-06,8560.0
4578173,2017-12-24T15:18:38.56,BUY,1.17e-06,164410.93390086
4578174,2017-12-24T15:18:38.56,BUY,1.18e-06,142312.56995122
4578177,2017-12-24T15:18:38.84,SELL,1.17e-06,17360.2686505
4578179,2017-12-24T15:18:40.013,SELL,1.17e-06,5639.7313495
4578183,2017-12-24T15:18:40.547,SELL,1.17e-06,1466.41025641
4578187,2017-12-24T15:18:41.233,BUY,1.17e-06,3008.5802443
4578189,2017-12-24T15:18:41.89,BUY,1.17e-06,16301.87358968
4578190,2017-12-24T15:18:41.89,BUY,1.17e-06,5355.58535433
4578193,2017-12-24T15:18:42.763,BUY,1.18e-06,17936.29264831
4578196,2017-12-24T15:18:43.11,SELL,1.17e-06,4000.0
4578201,2017-12-24T15:18:44.313,SELL,1.17e-06,39853.674623
4578202,2017-12-24T15:18:44.517,SELL,1.17e-06,25000.0
4578203,2017-12-24T15:18:44.547,SELL,1.17e-06,60000.0
4578205,2017-12-24T15:18:45.127,SELL,1.17e-06,40134.36987
4578206,2017-12-24T15:18:45.14,SELL,1.17e-06,20146.85621951
4578210,2017-12-24T15:18:45.72,SELL,1.17e-06,1103.83014706
4578212,2017-12-24T15:18:47.33,SELL,1.17e-06,48668.4071195
4578215,2017-12-24T15:18:48.36,BUY,1.17e-06,174772.05185289
4578216,2017-12-24T15:18:48.36,BUY,1.18e-06,43956.10473609
4578219,2017-12-24T15:18:49.347,BUY,1.17e-06,5802.23583333
4578222,2017-12-24T15:18:50.75,BUY,1.17e-06,29586.86440678
4578226,2017-12-24T15:18:51.83,BUY,1.17e-06,301.97344739
4578227,2017-12-24T15:18:51.83,BUY,1.17e-06,6088.31587464
4578229,2017-12-24T15:18:52.08,BUY,1.17e-06,30672.19520587
4578234,2017-12-24T15:18:52.597,SELL,1.17e-06,10000.0
4578236,2017-12-24T15:18:53.207,SELL,1.17e-06,6410.25641025
4578240,2017-12-24T15:18:53.877,SELL,1.17e-06,5000.0
4578242,2017-12-24T15:18:54.673,SELL,1.17e-06,3505.99796612
4578243,2017-12-24T15:18:54.707,SELL,1.17e-06,128449.38421875
4578250,2017-12-24T15:18:55.393,SELL,1.17e-06,71731.39696824
4578251,2017-12-24T15:18:55.393,SELL,1.17e-06,1554.9149359
4578252,2017-12-24T15:18:55.393,SELL,1.17e-06,1303241.48949417
4578259,2017-12-24T15:18:56.347,SELL,1.17e-06,50000.0
4578261,2017-12-24T15:18:56.927,SELL,1.17e-06,10897.79454429
4578262,2017-12-24T15:18:56.927,SELL,1.17e-06,82586.62295571
4578263,2017-12-24T15:18:57.02,SELL,1.17e-06,203346.31612931
4578266,2017-12-24T15:18:57.91,SELL,1.17e-06,81004.09833871
4578269,2017-12-24T15:18:58.723,SELL,1.17e-06,6086.994375
4578270,2017-12-24T15:18:59.037,SELL,1.17e-06,7000.0
4578280,2017-12-24T15:19:01.74,BUY,1.18e-06,429956.89655172
4578281,2017-12-24T15:19:01.757,SELL,1.17e-06,29179.80493204
4578282,2017-12-24T15:19:01.757,SELL,1.17e-06,8448.6374359
4578283,2017-12-24T15:19:01.757,SELL,1.17e-06,36260.44652095
4578285,2017-12-24T15:19:01.973,BUY,1.18e-06,26119.07256356
4578287,2017-12-24T15:19:01.99,BUY,1.18e-06,3554.11010822
4578288,2017-12-24T15:19:02.1,SELL,1.17e-06,6367.75860726
4578289,2017-12-24T15:19:02.1,SELL,1.17e-06,1000.0
4578290,2017-12-24T15:19:02.1,SELL,1.17e-06,5826.94314103
4578291,2017-12-24T15:19:02.1,SELL,1.17e-06,3769.13474359
4578292,2017-12-24T15:19:02.1,SELL,1.17e-06,17147.05910256
4578293,2017-12-24T15:19:02.1,SELL,1.16e-06,165889.10440556
4578299,2017-12-24T15:19:03.21,BUY,1.18e-06,2991.15591102
4578302,2017-12-24T15:19:04.037,SELL,1.17e-06,8560.0
4578303,2017-12-24T15:19:04.037,SELL,1.17e-06,27167.51223941
4578305,2017-12-24T15:19:04.803,SELL,1.17e-06,108412.69565
4578308,2017-12-24T15:19:05.117,BUY,1.18e-06,15321.14351695
4578310,2017-12-24T15:19:05.163,SELL,1.17e-06,45000.0
4578311,2017-12-24T15:19:05.93,SELL,1.17e-06,36092.39411157
4578315,2017-12-24T15:19:07.803,SELL,1.17e-06,3927.16535433
4578319,2017-12-24T15:19:08.6,SELL,1.17e-06,18263.54637295
4578321,2017-12-24T15:19:08.96,BUY,1.18e-06,8525.64102564
4578325,2017-12-24T15:19:09.837,SELL,1.17e-06,2730.0757377
4578327,2017-12-24T15:19:10.29,SELL,1.17e-06,95520.94771242
4578328,2017-12-24T15:19:10.68,SELL,1.17e-06,40785.84371906
4578329,2017-12-24T15:19:10.68,SELL,1.17e-06,1000.0
4578330,2017-12-24T15:19:10.68,SELL,1.17e-06,8650.15628094
4578331,2017-12-24T15:19:11.1,SELL,1.17e-06,2596.37803279
4578334,2017-12-24T15:19:12.21,SELL,1.17e-06,10842.28017045
4578338,2017-12-24T15:19:13.853,SELL,1.17e-06,35480.25275
4578342,2017-12-24T15:19:15.23,BUY,1.18e-06,75000.0
4578345,2017-12-24T15:19:15.57,SELL,1.17e-06,10000.0
4578347,2017-12-24T15:19:15.993,SELL,1.17e-06,5218.87436838
4578348,2017-12-24T15:19:15.993,SELL,1.17e-06,21628.87775641
4578349,2017-12-24T15:19:15.993,SELL,1.17e-06,66947.50294546
4578351,2017-12-24T15:19:16.18,BUY,1.18e-06,14283.32084746
4578354,2017-12-24T15:19:16.463,BUY,1.18e-06,15137.70192308
4578357,2017-12-24T15:19:17.213,SELL,1.17e-06,3785.7
4578359,2017-12-24T15:19:17.963,SELL,1.17e-06,43770.2947
4578362,2017-12-24T15:19:18.213,SELL,1.17e-06,100000.0
4578365,2017-12-24T15:19:18.713,BUY,1.18e-06,197155.64259965
4578366,2017-12-24T15:19:18.713,BUY,1.18e-06,49752.21021815
4578368,2017-12-24T15:19:18.76,SELL,1.17e-06,7781.85868662
4578369,2017-12-24T15:19:18.84,SELL,1.17e-06,1500.0
4578371,2017-12-24T15:19:19.62,SELL,1.17e-06,2000.15524062
4578376,2017-12-24T15:19:22.107,BUY,1.18e-06,1571.25537818
4578379,2017-12-24T15:19:22.59,BUY,1.18e-06,32619.80542373
4578382,2017-12-24T15:19:23.403,SELL,1.17e-06,200000.0
4578383,2017-12-24T15:19:23.45,SELL,1.17e-06,152749.5259273
4578384,2017-12-24T15:19:23.45,SELL,1.17e-06,8547.00854701
4578385,2017-12-24T15:19:23.45,SELL,1.17e-06,38703.46552569
4578387,2017-12-24T15:19:23.717,BUY,1.18e-06,10000.0
4578389,2017-12-24T15:19:24.747,SELL,1.17e-06,46552.94473072
4578390,2017-12-24T15:19:24.747,SELL,1.17e-06,14831.3376139
4578391,2017-12-24T15:19:24.857,SELL,1.17e-06,10197.808375
4578394,2017-12-24T15:19:25.92,BUY,1.18e-06,9614.63199153
4578399,2017-12-24T15:19:26.827,BUY,1.18e-06,42480.64154873
4578403,2017-12-24T15:19:28.373,SELL,1.17e-06,9199.40634375
4578406,2017-12-24T15:19:29.467,SELL,1.17e-06,7426.84884375
4578409,2017-12-24T15:19:29.78,BUY,1.18e-06,2578.60512712
4578412,2017-12-24T15:19:30.577,BUY,1.18e-06,93918.6540008
4578413,2017-12-24T15:19:30.577,BUY,1.18e-06,13533.70902893
4578414,2017-12-24T15:19:30.577,BUY,1.18e-06,34684.1639375
4578415,2017-12-24T15:19:30.577,BUY,1.18e-06,149875.22631466
4578416,2017-12-24T15:19:30.577,BUY,1.18e-06,781092.41512913
4578418,2017-12-24T15:19:30.89,BUY,1.18e-06,169067.79661017
4578419,2017-12-24T15:19:30.903,SELL,1.17e-06,5274.23750758
4578420,2017-12-24T15:19:31.2,SELL,1.17e-06,37000.0
4578423,2017-12-24T15:19:31.657,SELL,1.17e-06,1342.87848425
4578426,2017-12-24T15:19:32.5,SELL,1.17e-06,11405.28513946
4578427,2017-12-24T15:19:32.5,SELL,1.17e-06,2579.74137931
4578428,2017-12-24T15:19:32.5,SELL,1.17e-06,118242.22486123
4578430,2017-12-24T15:19:33.047,SELL,1.17e-06,900541.59462595
4578431,2017-12-24T15:19:33.047,SELL,1.17e-06,5441.37102564
4578432,2017-12-24T15:19:33.047,SELL,1.17e-06,7196.46801282
4578433,2017-12-24T15:19:33.047,SELL,1.17e-06,284707.12108617
4578434,2017-12-24T15:19:33.047,SELL,1.17e-06,858391.89795434
4578435,2017-12-24T15:19:33.61,SELL,1.17e-06,170404.40982824
4578437,2017-12-24T15:19:35.623,SELL,1.17e-06,21517.34577959
4578441,2017-12-24T15:19:36.437,BUY,1.18e-06,4393.48029661
4578443,2017-12-24T15:19:36.83,SELL,1.17e-06,14361.589375
4578447,2017-12-24T15:19:38.44,BUY,1.18e-06,45446.30796409
4578448,2017-12-24T15:19:38.44,BUY,1.18e-06,23076.55244528
4578450,2017-12-24T15:19:38.487,BUY,1.18e-06,2089.66662132
4578452,2017-12-24T15:19:38.953,SELL,1.17e-06,924.58552083
4578454,2017-12-24T15:19:39.36,SELL,1.17e-06,49000.0
4578456,2017-12-24T15:19:39.673,BUY,1.18e-06,3000.0
4578536,2017-12-24T15:19:50.19,SELL,1.16e-06,75991.37931034
4578537,2017-12-24T15:19:50.19,SELL,1.16e-06,24245.62068966
4578539,2017-12-24T15:19:50.253,BUY,1.17e-06,54296.36333333
4578540,2017-12-24T15:19:50.99,SELL,1.16e-06,796416.90857758
4578541,2017-12-24T15:19:50.99,SELL,1.16e-06,51158.05157328
4578542,2017-12-24T15:19:50.99,SELL,1.16e-06,43192.01657328
4578543,2017-12-24T15:19:50.99,SELL,1.16e-06,144034.76095051
4578545,2017-12-24T15:19:51.38,SELL,1.16e-06,15657.35572917
4578546,2017-12-24T15:19:51.693,SELL,1.16e-06,1000.0
4578550,2017-12-24T15:19:52.41,SELL,1.16e-06,157846.78707032
4578551,2017-12-24T15:19:52.41,SELL,1.16e-06,42153.21292968
4578552,2017-12-24T15:19:52.507,SELL,1.16e-06,43838.16638066
4578553,2017-12-24T15:19:52.507,SELL,1.16e-06,10000.0
4578554,2017-12-24T15:19:52.507,SELL,1.16e-06,1000.0
4578555,2017-12-24T15:19:52.507,SELL,1.16e-06,20000.0
4578556,2017-12-24T15:19:52.507,SELL,1.16e-06,38363.61782328
4578557,2017-12-24T15:19:52.507,SELL,1.16e-06,43866.0
4578558,2017-12-24T15:19:52.507,SELL,1.16e-06,2132.67219828
4578559,2017-12-24T15:19:52.507,SELL,1.16e-06,10000.0
4578560,2017-12-24T15:19:52.507,SELL,1.16e-06,10000.48648649
4578561,2017-12-24T15:19:52.507,SELL,1.16e-06,8599.13793103
4578562,2017-12-24T15:19:52.507,SELL,1.16e-06,1000.0
4578563,2017-12-24T15:19:52.507,SELL,1.16e-06,192671.54821043
4578565,2017-12-24T15:19:52.52,BUY,1.17e-06,1000.0
4578567,2017-12-24T15:19:52.677,BUY,1.17e-06,1055.55555556
4578568,2017-12-24T15:19:52.88,SELL,1.16e-06,473474.54202664
4578569,2017-12-24T15:19:52.88,SELL,1.16e-06,215518.37068966
4578570,2017-12-24T15:19:52.88,SELL,1.16e-06,8444.09547414
4578571,2017-12-24T15:19:52.88,SELL,1.16e-06,32441.04059005
4578572,2017-12-24T15:19:52.973,SELL,1.16e-06,421212.96471167
4578573,2017-12-24T15:19:52.973,SELL,1.16e-06,85991.37931034
4578574,2017-12-24T15:19:52.973,SELL,1.16e-06,184095.14314655
4578575,2017-12-24T15:19:52.99,SELL,1.16e-06,10000.0
4578576,2017-12-24T15:19:52.99,SELL,1.16e-06,14025.96788793
4578577,2017-12-24T15:19:52.99,SELL,1.16e-06,985.39241379
4578578,2017-12-24T15:19:52.99,SELL,1.16e-06,43103.44827586
4578579,2017-12-24T15:19:52.99,SELL,1.16e-06,848207.88367694
4578580,2017-12-24T15:19:53.303,SELL,1.16e-06,235674.56722823
4578581,2017-12-24T15:19:53.303,SELL,1.16e-06,181455.07021552
4578582,2017-12-24T15:19:53.303,SELL,1.16e-06,852.56410256
4578583,2017-12-24T15:19:53.303,SELL,1.16e-06,8599.5162931
4578584,2017-12-24T15:19:53.303,SELL,1.16e-06,3996.72413793
4578585,2017-12-24T15:19:53.303,SELL,1.16e-06,7895.75424569
4578586,2017-12-24T15:19:53.303,SELL,1.16e-06,10344.82758621
4578587,2017-12-24T15:19:53.303,SELL,1.16e-06,17000.0
4578588,2017-12-24T15:19:53.303,SELL,1.16e-06,14703.03821121
4578589,2017-12-24T15:19:53.303,SELL,1.16e-06,69694.17826772
4578590,2017-12-24T15:19:53.303,SELL,1.16e-06,33150.04648707
4578591,2017-12-24T15:19:53.303,SELL,1.16e-06,6939.13043478
4578592,2017-12-24T15:19:53.317,SELL,1.16e-06,5000.0
4578593,2017-12-24T15:19:53.317,SELL,1.16e-06,13698.40092672
4578594,2017-12-24T15:19:53.317,SELL,1.16e-06,120388.68346375
4578595,2017-12-24T15:19:53.317,SELL,1.16e-06,613104.8274569
4578596,2017-12-24T15:19:53.317,SELL,1.16e-06,8599.13793103
4578597,2017-12-24T15:19:53.317,SELL,1.16e-06,4193.79096983
4578598,2017-12-24T15:19:53.317,SELL,1.16e-06,2614.72267241
4578599,2017-12-24T15:19:53.317,SELL,1.16e-06,151698.87989224
4578600,2017-12-24T15:19:53.317,SELL,1.16e-06,4043.31465517
4578601,2017-12-24T15:19:53.317,SELL,1.16e-06,108868.13030172
4578603,2017-12-24T15:19:53.583,BUY,1.16e-06,11543.08719828
4578605,2017-12-24T15:19:54.117,BUY,1.16e-06,1051.42519397
4578607,2017-12-24T15:19:54.303,BUY,1.16e-06,34868.07685345
4578609,2017-12-24T15:19:54.41,BUY,1.16e-06,28806.34653298
4578611,2017-12-24T15:19:55.053,BUY,1.16e-06,3251.93860994
4578613,2017-12-24T15:19:55.117,BUY,1.16e-06,3000.0
4578615,2017-12-24T15:19:55.257,BUY,1.16e-06,1289.87068966
4578617,2017-12-24T15:19:55.507,BUY,1.16e-06,4592.37916667
4578619,2017-12-24T15:19:55.88,BUY,1.16e-06,16302.75489665
4578624,2017-12-24T15:19:57.32,BUY,1.16e-06,51195.3575
4578626,2017-12-24T15:19:57.477,BUY,1.16e-06,1313.00586864
4578628,2017-12-24T15:19:58.507,BUY,1.16e-06,5000.0
4578630,2017-12-24T15:19:58.54,BUY,1.16e-06,25263.23064103
4578632,2017-12-24T15:19:59.383,BUY,1.16e-06,4339.55128205
4578635,2017-12-24T15:19:59.617,BUY,1.16e-06,402127.17969828
4578638,2017-12-24T15:20:00.15,BUY,1.16e-06,170120.01012821
4578640,2017-12-24T15:20:00.743,SELL,1.15e-06,10000.0
4578645,2017-12-24T15:20:01.023,BUY,1.16e-06,6962.10284483
4578652,2017-12-24T15:20:03.307,BUY,1.16e-06,50000.0
4578655,2017-12-24T15:20:04.557,SELL,1.15e-06,12963.36206897
4578657,2017-12-24T15:20:05.32,BUY,1.16e-06,88339.37392241
4578659,2017-12-24T15:20:05.477,BUY,1.16e-06,63009.39794872
4578661,2017-12-24T15:20:05.76,BUY,1.16e-06,2579.74137931
4578663,2017-12-24T15:20:06.15,SELL,1.15e-06,218367.28309232
4578664,2017-12-24T15:20:06.167,SELL,1.15e-06,10071.39908849
4578665,2017-12-24T15:20:06.167,SELL,1.15e-06,1000.0
4578666,2017-12-24T15:20:06.167,SELL,1.15e-06,183888.49617544
4578667,2017-12-24T15:20:06.557,SELL,1.15e-06,30000.0
4578669,2017-12-24T15:20:06.837,BUY,1.16e-06,1000.0
4578671,2017-12-24T15:20:06.853,BUY,1.16e-06,6012.27646552
4578673,2017-12-24T15:20:07.01,BUY,1.16e-06,1000.0
4578674,2017-12-24T15:20:07.087,SELL,1.15e-06,3668.33558824
4578677,2017-12-24T15:20:07.12,BUY,1.16e-06,8599.13793103
4578679,2017-12-24T15:20:07.4,BUY,1.16e-06,4262.82051282
4578681,2017-12-24T15:20:08.807,SELL,1.15e-06,6509.90777027
4578684,2017-12-24T15:20:09.26,SELL,1.15e-06,3837.46329214
4578685,2017-12-24T15:20:09.26,SELL,1.15e-06,162.53670786
4578687,2017-12-24T15:20:09.307,BUY,1.16e-06,12832.23556034
4578689,2017-12-24T15:20:09.667,BUY,1.16e-06,6053.66551282
4578691,2017-12-24T15:20:09.697,BUY,1.16e-06,938.34653017
4578693,2017-12-24T15:20:09.76,BUY,1.16e-06,6083.02550847
4578696,2017-12-24T15:20:10.073,BUY,1.16e-06,83542.96955128
4578698,2017-12-24T15:20:10.34,BUY,1.16e-06,66762.31040847
4578701,2017-12-24T15:20:10.98,BUY,1.16e-06,870459.00193966
4578707,2017-12-24T15:20:12.323,BUY,1.16e-06,47905.2
4578711,2017-12-24T15:20:12.59,BUY,1.16e-06,1798.22611198
4578712,2017-12-24T15:20:12.59,BUY,1.16e-06,37579.18815
4578715,2017-12-24T15:20:12.76,BUY,1.16e-06,5000.0
4578718,2017-12-24T15:20:12.95,BUY,1.16e-06,39169.5895
4578721,2017-12-24T15:20:13.2,BUY,1.16e-06,829.03428879
4578723,2017-12-24T15:20:13.653,SELL,1.15e-06,40000.0
4578725,2017-12-24T15:20:14.37,BUY,1.16e-06,265778.99826275
4578726,2017-12-24T15:20:14.37,BUY,1.16e-06,34223.02530405
4578727,2017-12-24T15:20:14.37,BUY,1.16e-06,6020.43845455
4578728,2017-12-24T15:20:14.37,BUY,1.16e-06,8560.0
4578729,2017-12-24T15:20:14.37,BUY,1.16e-06,73035.83080193
4578733,2017-12-24T15:20:14.56,BUY,1.16e-06,176964.16919807
4578734,2017-12-24T15:20:14.56,BUY,1.16e-06,53980.9375
4578735,2017-12-24T15:20:14.56,BUY,1.16e-06,60838.33399606
4578736,2017-12-24T15:20:14.56,BUY,1.16e-06,123209.35717742
4578737,2017-12-24T15:20:14.56,BUY,1.16e-06,59492.15491935
4578738,2017-12-24T15:20:14.56,BUY,1.16e-06,306667.43559272
4578739,2017-12-24T15:20:14.92,SELL,1.15e-06,6240.067892
4578740,2017-12-24T15:20:14.92,SELL,1.15e-06,3211.23700655
4578743,2017-12-24T15:20:15.387,SELL,1.15e-06,10030.38109485
4578747,2017-12-24T15:20:16.387,BUY,1.16e-06,4310.34482758
4578749,2017-12-24T15:20:16.67,BUY,1.16e-06,48000.57487179
4578751,2017-12-24T15:20:17.217,BUY,1.16e-06,18824.40724138
4578755,2017-12-24T15:20:18.17,BUY,1.16e-06,378768.04286638
4578759,2017-12-24T15:20:18.28,BUY,1.16e-06,107653.33253118
4578760,2017-12-24T15:20:18.28,BUY,1.16e-06,55526.145
4578761,2017-12-24T15:20:18.28,BUY,1.16e-06,45712.39161885
4578762,2017-12-24T15:20:18.28,BUY,1.16e-06,3470.87497826
4578764,2017-12-24T15:20:18.34,SELL,1.15e-06,11851.71811492
4578767,2017-12-24T15:20:18.403,BUY,1.17e-06,1000.0
4578770,2017-12-24T15:20:18.467,BUY,1.17e-06,109545.84024826
4578773,2017-12-24T15:20:18.747,SELL,1.16e-06,20509.40345371
4578775,2017-12-24T15:20:19.06,SELL,1.16e-06,5391.8918919
4578778,2017-12-24T15:20:19.53,SELL,1.16e-06,1002.21987805
4578779,2017-12-24T15:20:19.653,SELL,1.16e-06,4611.20779412
4578780,2017-12-24T15:20:20.03,SELL,1.16e-06,37071.27019343
4578781,2017-12-24T15:20:20.03,SELL,1.16e-06,43588.10146552
4578782,2017-12-24T15:20:20.03,SELL,1.16e-06,1102.92342302
4578788,2017-12-24T15:20:21.013,BUY,1.17e-06,2628.486
4578789,2017-12-24T15:20:21.03,SELL,1.16e-06,10000.0
4578790,2017-12-24T15:20:21.357,SELL,1.16e-06,17626.88039298
4578793,2017-12-24T15:20:21.95,SELL,1.16e-06,109173.4376105
4578795,2017-12-24T15:20:22.217,SELL,1.16e-06,40000.0
4578800,2017-12-24T15:20:22.86,BUY,1.17e-06,2266.82301282
4578802,2017-12-24T15:20:24.03,SELL,1.16e-06,578728.4330902
4578812,2017-12-24T15:20:25.657,SELL,1.16e-06,100000.0
4578813,2017-12-24T15:20:25.813,SELL,1.16e-06,4962.95667339
4578816,2017-12-24T15:20:26.047,BUY,1.17e-06,8668.91802748
4578817,2017-12-24T15:20:26.42,SELL,1.16e-06,14727.34390909
4578820,2017-12-24T15:20:27.297,SELL,1.16e-06,21350.75781009
4578821,2017-12-24T15:20:27.297,SELL,1.16e-06,82904.95492846
4578823,2017-12-24T15:20:27.733,SELL,1.16e-06,20000.0
4578826,2017-12-24T15:20:28.03,BUY,1.17e-06,119775.28141026
4578828,2017-12-24T15:20:28.08,BUY,1.17e-06,11693.53051282
4578832,2017-12-24T15:20:28.767,BUY,1.17e-06,5089.41782328
4578833,2017-12-24T15:20:28.813,SELL,1.16e-06,55000.0
4578835,2017-12-24T15:20:28.83,SELL,1.16e-06,200000.0
4578837,2017-12-24T15:20:29.11,SELL,1.16e-06,5000.0
4578838,2017-12-24T15:20:29.283,SELL,1.16e-06,10000.0
4578840,2017-12-24T15:20:30.203,SELL,1.16e-06,5935.74715116
4578844,2017-12-24T15:20:31.203,SELL,1.16e-06,9000.0
4578845,2017-12-24T15:20:32.203,SELL,1.16e-06,74845.57215517
4578847,2017-12-24T15:20:32.25,BUY,1.17e-06,1273.0
4578850,2017-12-24T15:20:32.423,BUY,1.17e-06,1666.92480769
4578853,2017-12-24T15:20:32.643,SELL,1.16e-06,318235.7298818
4578854,2017-12-24T15:20:32.643,SELL,1.16e-06,6707.71454741
4578855,2017-12-24T15:20:32.643,SELL,1.16e-06,113716.80581897
4578856,2017-12-24T15:20:32.643,SELL,1.16e-06,34586.33455128
4578857,2017-12-24T15:20:32.643,SELL,1.16e-06,6019.39655172
4578858,2017-12-24T15:20:32.643,SELL,1.16e-06,4000.0
4578859,2017-12-24T15:20:32.643,SELL,1.16e-06,88760.98105603
4578860,2017-12-24T15:20:32.643,SELL,1.16e-06,2733.41657328
4578861,2017-12-24T15:20:32.643,SELL,1.16e-06,502711.70023707
4578862,2017-12-24T15:20:32.643,SELL,1.16e-06,10000.0
4578863,2017-12-24T15:20:32.643,SELL,1.16e-06,1500.0
4578864,2017-12-24T15:20:32.643,SELL,1.16e-06,23793.84045259
4578865,2017-12-24T15:20:32.643,SELL,1.16e-06,2667.87394397
4578866,2017-12-24T15:20:32.643,SELL,1.16e-06,2992.73217672
4578867,2017-12-24T15:20:32.643,SELL,1.16e-06,5330.31952586
4578868,2017-12-24T15:20:32.643,SELL,1.16e-06,38733.77631466
4578872,2017-12-24T15:20:33.41,BUY,1.16e-06,998606.31275641
4578876,2017-12-24T15:20:34.127,BUY,1.16e-06,50241.36436223
4578877,2017-12-24T15:20:34.127,BUY,1.16e-06,143014.07692623
4578878,2017-12-24T15:20:34.127,BUY,1.16e-06,13664.38356164
4578879,2017-12-24T15:20:34.127,BUY,1.16e-06,2301.37181564
4578880,2017-12-24T15:20:34.61,SELL,1.16e-06,11874.31916667
4578883,2017-12-24T15:20:34.783,BUY,1.17e-06,19543.36102564
4578885,2017-12-24T15:20:36.173,SELL,1.16e-06,16890.0
4578887,2017-12-24T15:20:36.66,SELL,1.16e-06,98711.07625984
4578892,2017-12-24T15:20:37.707,SELL,1.16e-06,31070.16084884
4578894,2017-12-24T15:20:38.393,SELL,1.16e-06,80000.0
4578896,2017-12-24T15:20:38.613,SELL,1.16e-06,295316.45
4578898,2017-12-24T15:20:39.27,SELL,1.16e-06,57495.79102941
4578901,2017-12-24T15:20:39.55,BUY,1.17e-06,21314.1025641
4578902,2017-12-24T15:20:39.677,SELL,1.16e-06,13501.729338
4578904,2017-12-24T15:20:40.003,SELL,1.16e-06,60000.0
4578906,2017-12-24T15:20:40.55,SELL,1.16e-06,20000.0
4578908,2017-12-24T15:20:40.753,BUY,1.17e-06,21506.99131091
4578909,2017-12-24T15:20:40.94,SELL,1.16e-06,96844.66019417
4578910,2017-12-24T15:20:41.207,SELL,1.16e-06,25525.02690681
4578911,2017-12-24T15:20:41.207,SELL,1.16e-06,15000.0
4578912,2017-12-24T15:20:41.207,SELL,1.16e-06,13314.34618319
4578913,2017-12-24T15:20:41.44,SELL,1.16e-06,428326.25458333
4578914,2017-12-24T15:20:41.457,SELL,1.16e-06,15315.7
4578917,2017-12-24T15:20:42.1,BUY,1.17e-06,211791.29373389
4578918,2017-12-24T15:20:42.113,SELL,1.16e-06,20738.53220339
4578919,2017-12-24T15:20:42.113,SELL,1.16e-06,83149.0
4578920,2017-12-24T15:20:42.193,SELL,1.16e-06,2436.25142115
4578921,2017-12-24T15:20:42.397,SELL,1.16e-06,52461.6536395
4578922,2017-12-24T15:20:42.613,SELL,1.16e-06,30000.0
4578926,2017-12-24T15:20:43.223,SELL,1.16e-06,40000.0
4578927,2017-12-24T15:20:43.427,SELL,1.16e-06,15562.649641
4578929,2017-12-24T15:20:43.85,SELL,1.16e-06,30516.94483879
4578931,2017-12-24T15:20:44.223,BUY,1.17e-06,48426.85166667
4578932,2017-12-24T15:20:44.257,SELL,1.16e-06,7177.830757
4578935,2017-12-24T15:20:44.49,SELL,1.16e-06,5375.32104105
4578937,2017-12-24T15:20:44.787,SELL,1.16e-06,31410.29608696
4578939,2017-12-24T15:20:45.38,SELL,1.16e-06,20000.0
4578940,2017-12-24T15:20:45.867,SELL,1.16e-06,50060.107268
4578941,2017-12-24T15:20:45.99,SELL,1.16e-06,33338.73116803
4578944,2017-12-24T15:20:46.427,BUY,1.17e-06,12680.08474576
4578945,2017-12-24T15:20:46.6,SELL,1.16e-06,5000.0
4578946,2017-12-24T15:20:46.803,SELL,1.16e-06,50000.0
4578947,2017-12-24T15:20:47.007,SELL,1.16e-06,231207.28300051
4578948,2017-12-24T15:20:47.02,SELL,1.16e-06,152446.56315334
4578949,2017-12-24T15:20:47.147,SELL,1.16e-06,85593.32635419
4578950,2017-12-24T15:20:47.49,SELL,1.16e-06,51744.50931818
4578951,2017-12-24T15:20:47.537,SELL,1.16e-06,4450.941042
4578952,2017-12-24T15:20:48.007,SELL,1.16e-06,29293.48794046
4578955,2017-12-24T15:20:48.35,BUY,1.17e-06,145994.51775641
4578956,2017-12-24T15:20:48.477,SELL,1.16e-06,20000.0
4578958,2017-12-24T15:20:49.147,SELL,1.16e-06,22287.30811515
4578962,2017-12-24T15:20:50.273,SELL,1.16e-06,293541.19289134
4578963,2017-12-24T15:20:50.273,SELL,1.16e-06,5000.0
4578964,2017-12-24T15:20:50.273,SELL,1.16e-06,1458.80710866
4578966,2017-12-24T15:20:50.32,BUY,1.17e-06,139288.56397436
4578967,2017-12-24T15:20:50.74,SELL,1.16e-06,3541.26564775
4578968,2017-12-24T15:20:50.74,SELL,1.16e-06,8660.0
4578969,2017-12-24T15:20:50.74,SELL,1.16e-06,1519.94535225
4578970,2017-12-24T15:20:50.883,SELL,1.16e-06,10000.0
4578971,2017-12-24T15:20:51.29,SELL,1.16e-06,50000.0
4578977,2017-12-24T15:20:53.68,BUY,1.17e-06,99979.29819915
4578979,2017-12-24T15:20:53.773,SELL,1.16e-06,18630.3075
4578980,2017-12-24T15:20:53.9,SELL,1.16e-06,135335.956515
4578982,2017-12-24T15:20:54.477,SELL,1.16e-06,13930.33980882
4578984,2017-12-24T15:20:54.977,SELL,1.16e-06,66932.791445
4578985,2017-12-24T15:20:55.51,SELL,1.16e-06,30049.48549271
4578987,2017-12-24T15:20:55.977,SELL,1.16e-06,11445.13089796
4578989,2017-12-24T15:20:56.07,BUY,1.17e-06,10375.35557692
4578991,2017-12-24T15:20:56.15,BUY,1.17e-06,32654.3475641
4578992,2017-12-24T15:20:56.307,SELL,1.16e-06,16989.70910979
4578996,2017-12-24T15:20:56.54,SELL,1.16e-06,6584.10202725
4578997,2017-12-24T15:20:56.54,SELL,1.16e-06,128205.12820513
4578999,2017-12-24T15:20:56.57,BUY,1.17e-06,54000.0
4579001,2017-12-24T15:20:56.947,SELL,1.16e-06,32256.955064
4579002,2017-12-24T15:20:57.167,SELL,1.16e-06,34326.74946279
4579003,2017-12-24T15:20:57.37,SELL,1.16e-06,60670.39863333
4579004,2017-12-24T15:20:58.103,SELL,1.16e-06,30000.0
4579006,2017-12-24T15:20:58.337,SELL,1.16e-06,11350.59607655
4579008,2017-12-24T15:20:58.587,SELL,1.16e-06,279000.0
4579009,2017-12-24T15:20:58.79,SELL,1.16e-06,4765.95802083
4579011,2017-12-24T15:20:58.93,BUY,1.17e-06,1000.0
4579013,2017-12-24T15:21:00.073,SELL,1.16e-06,38873.557436
4579015,2017-12-24T15:21:00.433,SELL,1.16e-06,32345.710959
4579018,2017-12-24T15:21:01.243,BUY,1.17e-06,1086.90839744
4579021,2017-12-24T15:21:02.573,SELL,1.16e-06,4042.43497245
4579022,2017-12-24T15:21:02.637,SELL,1.16e-06,15171.4845625
4579024,2017-12-24T15:21:03.387,SELL,1.16e-06,200000.0
4579027,2017-12-24T15:21:03.887,SELL,1.16e-06,26793.98560536
4579029,2017-12-24T15:21:04.027,BUY,1.17e-06,60000.0
4579032,2017-12-24T15:21:05.48,SELL,1.16e-06,50000.0
4579035,2017-12-24T15:21:05.793,SELL,1.16e-06,340599.45504087
4579037,2017-12-24T15:21:06.26,SELL,1.16e-06,162700.0
4579038,2017-12-24T15:21:06.293,SELL,1.16e-06,22789.63865293
4579039,2017-12-24T15:21:06.293,SELL,1.16e-06,73055.63440263
4579040,2017-12-24T15:21:06.51,SELL,1.16e-06,30747.424811
4579043,2017-12-24T15:21:06.793,SELL,1.16e-06,25482.147717
4579045,2017-12-24T15:21:07.387,BUY,1.17e-06,3000.0
4579046,2017-12-24T15:21:07.607,SELL,1.16e-06,18627.71709302
4579048,2017-12-24T15:21:08.623,SELL,1.16e-06,8350.18597635
4579049,2017-12-24T15:21:08.623,SELL,1.16e-06,19761.87665948
4579050,2017-12-24T15:21:08.623,SELL,1.16e-06,30000.0
4579051,2017-12-24T15:21:08.623,SELL,1.16e-06,85991.37931034
4579052,2017-12-24T15:21:08.623,SELL,1.16e-06,56000.0
4579053,2017-12-24T15:21:08.623,SELL,1.16e-06,130122.23256466
4579054,2017-12-24T15:21:08.623,SELL,1.16e-06,42179.70885776
4579055,2017-12-24T15:21:08.623,SELL,1.16e-06,854700.0
4579056,2017-12-24T15:21:08.623,SELL,1.16e-06,20000.0
4579057,2017-12-24T15:21:08.623,SELL,1.16e-06,100000.0
4579058,2017-12-24T15:21:08.637,SELL,1.16e-06,628695.47728448
4579059,2017-12-24T15:21:08.637,SELL,1.16e-06,892487.27599138
4579060,2017-12-24T15:21:08.637,SELL,1.16e-06,39001.63946121
4579061,2017-12-24T15:21:08.637,SELL,1.16e-06,1874.01872845
4579063,2017-12-24T15:21:08.81,BUY,1.16e-06,5727.73822928
4579066,2017-12-24T15:21:09.467,BUY,1.16e-06,8599.13793103
4579068,2017-12-24T15:21:09.637,BUY,1.16e-06,4655.08976464
4579069,2017-12-24T15:21:10.107,SELL,1.15e-06,200000.0
4579071,2017-12-24T15:21:11.09,SELL,1.15e-06,5000.0
4579074,2017-12-24T15:21:11.39,SELL,1.15e-06,1000.45260138
4579075,2017-12-24T15:21:11.483,SELL,1.15e-06,5487.59474332
4579077,2017-12-24T15:21:11.67,BUY,1.16e-06,8000.0
4579078,2017-12-24T15:21:11.967,SELL,1.15e-06,46000.0
4579080,2017-12-24T15:21:12.34,BUY,1.16e-06,3439.65517241
4579081,2017-12-24T15:21:12.39,SELL,1.15e-06,10012.701297
4579082,2017-12-24T15:21:12.513,SELL,1.15e-06,3089.86311853
4579084,2017-12-24T15:21:12.717,BUY,1.16e-06,60414.58406853
4579085,2017-12-24T15:21:12.717,BUY,1.16e-06,4000.0
4579086,2017-12-24T15:21:12.717,BUY,1.16e-06,17029.97275204
4579087,2017-12-24T15:21:12.717,BUY,1.16e-06,11249.08741778
4579088,2017-12-24T15:21:12.717,BUY,1.16e-06,27336.0
4579090,2017-12-24T15:21:12.903,BUY,1.17e-06,8185.50205128
4579092,2017-12-24T15:21:13.577,SELL,1.16e-06,1616.69722506
4579093,2017-12-24T15:21:13.577,SELL,1.15e-06,17790.54588041
4579094,2017-12-24T15:21:13.797,SELL,1.15e-06,11116.78066925
4579097,2017-12-24T15:21:14.7,BUY,1.16e-06,4299.56896552
4579102,2017-12-24T15:21:15.717,SELL,1.15e-06,29163.66767
4579103,2017-12-24T15:21:15.827,SELL,1.15e-06,157121.18860778
4579104,2017-12-24T15:21:15.967,SELL,1.15e-06,15884.61682041
4579105,2017-12-24T15:21:16,SELL,1.15e-06,25000.0
4579108,2017-12-24T15:21:16.39,BUY,1.16e-06,8599.13793103
4579109,2017-12-24T15:21:16.453,SELL,1.15e-06,4510.07060684
4579111,2017-12-24T15:21:16.517,BUY,1.16e-06,36792.13128527
4579112,2017-12-24T15:21:16.517,BUY,1.16e-06,7991.43318363
4579113,2017-12-24T15:21:16.517,BUY,1.16e-06,40665.885389
4579114,2017-12-24T15:21:16.517,BUY,1.16e-06,55804.5501421
4579115,2017-12-24T15:21:16.733,SELL,1.15e-06,6712.6822518
4579117,2017-12-24T15:21:17.03,SELL,1.15e-06,62895.762795
4579120,2017-12-24T15:21:17.28,SELL,1.15e-06,12000.0
4579121,2017-12-24T15:21:17.517,SELL,1.15e-06,40000.0
4579122,2017-12-24T15:21:17.78,SELL,1.15e-06,5504.37996417
4579125,2017-12-24T15:21:18.42,BUY,1.16e-06,12756.70352564
4579126,2017-12-24T15:21:18.593,SELL,1.15e-06,30000.0
4579127,2017-12-24T15:21:18.813,SELL,1.15e-06,7392.0
4579128,2017-12-24T15:21:19.063,SELL,1.15e-06,40000.0
4579130,2017-12-24T15:21:19.297,SELL,1.15e-06,20000.0
4579132,2017-12-24T15:21:19.687,BUY,1.16e-06,40000.0
4579133,2017-12-24T15:21:20.203,SELL,1.15e-06,40000.0
4579136,2017-12-24T15:21:20.953,SELL,1.15e-06,44390.36940889
4579137,2017-12-24T15:21:20.97,SELL,1.15e-06,5000.0
4579138,2017-12-24T15:21:20.97,SELL,1.15e-06,5000.0
4579139,2017-12-24T15:21:20.97,SELL,1.15e-06,2500.0
4579140,2017-12-24T15:21:20.97,SELL,1.15e-06,28109.63059111
4579143,2017-12-24T15:21:22.063,BUY,1.16e-06,39583.33333333
4579144,2017-12-24T15:21:22.203,SELL,1.15e-06,12232.24975077
4579145,2017-12-24T15:21:22.203,SELL,1.15e-06,32267.75024923
4579147,2017-12-24T15:21:22.22,BUY,1.16e-06,4060.40114224
4579148,2017-12-24T15:21:22.58,SELL,1.15e-06,75000.0
4579153,2017-12-24T15:21:22.953,BUY,1.16e-06,33987.41148267
4579154,2017-12-24T15:21:22.953,BUY,1.16e-06,7085.64851733
4579155,2017-12-24T15:21:23.33,SELL,1.15e-06,27000.0
4579158,2017-12-24T15:21:23.5,BUY,1.16e-06,12914.35148267
4579159,2017-12-24T15:21:23.5,BUY,1.16e-06,23206.26621041
4579160,2017-12-24T15:21:23.5,BUY,1.16e-06,13712.33553435
4579161,2017-12-24T15:21:23.5,BUY,1.16e-06,8660.0
4579162,2017-12-24T15:21:23.5,BUY,1.16e-06,130078.56575964
4579163,2017-12-24T15:21:23.55,SELL,1.15e-06,40000.0
4579164,2017-12-24T15:21:23.783,SELL,1.15e-06,40000.0
4579168,2017-12-24T15:21:24.41,SELL,1.15e-06,12839.34385817
4579170,2017-12-24T15:21:24.643,SELL,1.15e-06,2000.0
4579171,2017-12-24T15:21:25.017,SELL,1.15e-06,1000.0
4579172,2017-12-24T15:21:25.33,SELL,1.15e-06,6055.79659091
4579173,2017-12-24T15:21:25.47,SELL,1.15e-06,17168.364427
4579175,2017-12-24T15:21:25.783,BUY,1.16e-06,800.0
4579176,2017-12-24T15:21:26.377,SELL,1.15e-06,1278.26057034
4579177,2017-12-24T15:21:26.377,SELL,1.15e-06,14186.85570873
4579179,2017-12-24T15:21:26.393,BUY,1.16e-06,4299.56896552
4579182,2017-12-24T15:21:27.77,BUY,1.16e-06,4310.34482758
4579184,2017-12-24T15:21:27.83,BUY,1.16e-06,8599.13793103
4579185,2017-12-24T15:21:27.847,SELL,1.15e-06,29238.22255214
4579186,2017-12-24T15:21:27.847,SELL,1.15e-06,1726.16963542
4579187,2017-12-24T15:21:27.97,SELL,1.15e-06,23678.84775588
4579188,2017-12-24T15:21:27.97,SELL,1.15e-06,37733.26519565
4579189,2017-12-24T15:21:27.97,SELL,1.15e-06,4350.0
4579190,2017-12-24T15:21:27.97,SELL,1.15e-06,70756.89919565
4579191,2017-12-24T15:21:27.97,SELL,1.15e-06,52353.36365991
4579193,2017-12-24T15:21:28.05,SELL,1.15e-06,40000.0
4579197,2017-12-24T15:21:28.363,BUY,1.16e-06,862.06896551
4579198,2017-12-24T15:21:28.737,SELL,1.15e-06,5000.0
4579200,2017-12-24T15:21:29.613,SELL,1.15e-06,7256.93083169
4579202,2017-12-24T15:21:30.003,SELL,1.15e-06,1425.0
4579205,2017-12-24T15:21:30.38,BUY,1.16e-06,561730.75123822
4579206,2017-12-24T15:21:30.38,BUY,1.16e-06,24939.1625
4579207,2017-12-24T15:21:30.38,BUY,1.16e-06,1227.0
4579208,2017-12-24T15:21:30.38,BUY,1.16e-06,272016.87936523
4579210,2017-12-24T15:21:30.393,BUY,1.16e-06,9035.19649153
4579213,2017-12-24T15:21:30.94,SELL,1.15e-06,1558.2589726
4579214,2017-12-24T15:21:30.99,SELL,1.15e-06,11196.5777459
4579215,2017-12-24T15:21:31.3,SELL,1.15e-06,18469.7829878
4579216,2017-12-24T15:21:31.74,SELL,1.15e-06,3347.48069444
4579218,2017-12-24T15:21:32.083,BUY,1.16e-06,1000.0
4579222,2017-12-24T15:21:33.19,BUY,1.16e-06,16640.77655172
4579224,2017-12-24T15:21:33.41,BUY,1.16e-06,42978.96145207
4579232,2017-12-24T15:21:35.647,BUY,1.16e-06,47445.00400862
4579234,2017-12-24T15:21:36.567,SELL,1.15e-06,43779.00291667
4579237,2017-12-24T15:21:38.117,BUY,1.16e-06,9568.25166689
4579239,2017-12-24T15:21:38.177,BUY,1.16e-06,58804.88981177
4579240,2017-12-24T15:21:38.177,BUY,1.16e-06,54982.45473564
4579245,2017-12-24T15:21:38.787,BUY,1.16e-06,42995.68965517
4579247,2017-12-24T15:21:39.897,SELL,1.15e-06,323979.13867557
4579253,2017-12-24T15:21:41.587,SELL,1.15e-06,139754.43317797
4579255,2017-12-24T15:21:41.63,BUY,1.16e-06,20000.0
4579257,2017-12-24T15:21:41.727,BUY,1.16e-06,85991.37931034
4579279,2017-12-24T15:21:44.9,BUY,1.16e-06,12000.0
4579283,2017-12-24T15:21:45.837,SELL,1.15e-06,26551.1575
4579284,2017-12-24T15:21:46.163,SELL,1.15e-06,491919.68772606
4579285,2017-12-24T15:21:46.307,SELL,1.15e-06,10000.0
4579290,2017-12-24T15:21:48.57,BUY,1.16e-06,85991.37931034
4579292,2017-12-24T15:21:49.04,BUY,1.16e-06,67812.30297414
4579295,2017-12-24T15:21:49.79,BUY,1.16e-06,168789.96925937
4579296,2017-12-24T15:21:49.79,BUY,1.16e-06,2000.0
4579297,2017-12-24T15:21:49.79,BUY,1.16e-06,10000.0
4579298,2017-12-24T15:21:49.79,BUY,1.16e-06,116494.12162425
4579301,2017-12-24T15:21:50.057,SELL,1.15e-06,12405.456
4579302,2017-12-24T15:21:50.243,SELL,1.15e-06,41562.5
4579303,2017-12-24T15:21:50.65,SELL,1.15e-06,4740.07725
4579306,2017-12-24T15:21:50.837,SELL,1.15e-06,347854.68550614
4579307,2017-12-24T15:21:50.837,SELL,1.15e-06,137279.59165488
4579311,2017-12-24T15:21:51.573,SELL,1.15e-06,2199.46286686
4579312,2017-12-24T15:21:51.573,SELL,1.15e-06,5241.92321739
4579313,2017-12-24T15:21:51.573,SELL,1.15e-06,7904.7677619
4579317,2017-12-24T15:21:53.167,SELL,1.15e-06,22095.2322381
4579318,2017-12-24T15:21:53.167,SELL,1.15e-06,5000.0
4579319,2017-12-24T15:21:53.167,SELL,1.15e-06,38867.8563913
4579320,2017-12-24T15:21:53.167,SELL,1.15e-06,6283.053
4579321,2017-12-24T15:21:53.167,SELL,1.15e-06,10000.0
4579322,2017-12-24T15:21:53.167,SELL,1.15e-06,32753.8583706
4579323,2017-12-24T15:21:53.167,SELL,1.15e-06,26516.625625
4579324,2017-12-24T15:21:53.807,SELL,1.15e-06,19785.06874353
4579325,2017-12-24T15:21:53.807,SELL,1.15e-06,3280.89893478
4579326,2017-12-24T15:21:53.807,SELL,1.15e-06,48120.60567391
4579327,2017-12-24T15:21:53.807,SELL,1.15e-06,2066800.72861325
4579328,2017-12-24T15:21:53.807,SELL,1.15e-06,8673.91304348
4579329,2017-12-24T15:21:53.807,SELL,1.15e-06,5000.0
4579330,2017-12-24T15:21:53.807,SELL,1.15e-06,10000.0
4579331,2017-12-24T15:21:53.807,SELL,1.15e-06,10000.0
4579332,2017-12-24T15:21:53.807,SELL,1.15e-06,6939.13043478
4579333,2017-12-24T15:21:53.807,SELL,1.15e-06,8153.91756466
4579334,2017-12-24T15:21:53.807,SELL,1.15e-06,311709.62504348
4579335,2017-12-24T15:21:53.807,SELL,1.15e-06,87480.49845652
4579336,2017-12-24T15:21:53.807,SELL,1.15e-06,870.0
4579337,2017-12-24T15:21:53.807,SELL,1.15e-06,240174.28552174
4579338,2017-12-24T15:21:53.807,SELL,1.15e-06,364304.34782609
4579339,2017-12-24T15:21:53.807,SELL,1.15e-06,13399.4868913
4579340,2017-12-24T15:21:53.807,SELL,1.15e-06,15050.77441304
4579341,2017-12-24T15:21:53.807,SELL,1.15e-06,233044.24226087
4579342,2017-12-24T15:21:53.807,SELL,1.15e-06,107556.52173913
4579343,2017-12-24T15:21:53.807,SELL,1.15e-06,13253.25645091
4579344,2017-12-24T15:21:53.807,SELL,1.15e-06,91027.60845652
4579345,2017-12-24T15:21:53.807,SELL,1.15e-06,148111.7231087
4579346,2017-12-24T15:21:53.807,SELL,1.15e-06,26472.70454348
4579347,2017-12-24T15:21:53.807,SELL,1.15e-06,31146.6133125
4579348,2017-12-24T15:21:53.807,SELL,1.15e-06,15169.02586957
4579349,2017-12-24T15:21:53.823,SELL,1.15e-06,8461.95730435
4579350,2017-12-24T15:21:53.823,SELL,1.15e-06,1384.32182609
4579351,2017-12-24T15:21:53.823,SELL,1.15e-06,1000.0
4579352,2017-12-24T15:21:53.823,SELL,1.15e-06,10000.0
4579353,2017-12-24T15:21:53.823,SELL,1.15e-06,4951.23436957
4579354,2017-12-24T15:21:53.823,SELL,1.15e-06,16750.75728261
4579355,2017-12-24T15:21:53.823,SELL,1.15e-06,1000.56484783
4579356,2017-12-24T15:21:53.823,SELL,1.15e-06,43369.56521739
4579357,2017-12-24T15:21:53.823,SELL,1.15e-06,15000.0
4579358,2017-12-24T15:21:53.823,SELL,1.15e-06,50119.82119565
4579359,2017-12-24T15:21:53.823,SELL,1.15e-06,237243.01467391
4579360,2017-12-24T15:21:53.823,SELL,1.15e-06,4782.85636957
4579361,2017-12-24T15:21:53.823,SELL,1.15e-06,8000.0
4579362,2017-12-24T15:21:53.823,SELL,1.15e-06,132456.63717391
4579363,2017-12-24T15:21:53.823,SELL,1.15e-06,1867.36262821
4579364,2017-12-24T15:21:53.823,SELL,1.15e-06,2669.98656522
4579365,2017-12-24T15:21:53.823,SELL,1.15e-06,41910.50028261
4579366,2017-12-24T15:21:53.823,SELL,1.15e-06,3296.0088913
4579367,2017-12-24T15:21:53.823,SELL,1.15e-06,3917.04371739
4579368,2017-12-24T15:21:53.823,SELL,1.15e-06,2000.0
4579369,2017-12-24T15:21:53.823,SELL,1.15e-06,27381.9735
4579370,2017-12-24T15:21:53.823,SELL,1.15e-06,49776.85467391
4579371,2017-12-24T15:21:53.823,SELL,1.15e-06,43478.26136956
4579372,2017-12-24T15:21:53.823,SELL,1.15e-06,5000.0
4579373,2017-12-24T15:21:53.823,SELL,1.15e-06,14538.44973913
4579374,2017-12-24T15:21:53.823,SELL,1.15e-06,1293.1034
4579375,2017-12-24T15:21:53.823,SELL,1.15e-06,50000.0
4579376,2017-12-24T15:21:53.823,SELL,1.15e-06,7315.0244375
4579377,2017-12-24T15:21:53.823,SELL,1.15e-06,86739.13043478
4579378,2017-12-24T15:21:53.823,SELL,1.15e-06,2194.73419565
4579379,2017-12-24T15:21:53.823,SELL,1.15e-06,28234.24617391
4579380,2017-12-24T15:21:53.823,SELL,1.15e-06,8695.65267391
4579381,2017-12-24T15:21:53.823,SELL,1.15e-06,18908.0
4579382,2017-12-24T15:21:53.84,SELL,1.15e-06,14303.64691304
4579383,2017-12-24T15:21:53.84,SELL,1.15e-06,2971.34432609
4579384,2017-12-24T15:21:53.84,SELL,1.15e-06,1661.11506522
4579385,2017-12-24T15:21:53.84,SELL,1.15e-06,8594.47614407
4579386,2017-12-24T15:21:53.84,SELL,1.15e-06,7449.35602174
4579387,2017-12-24T15:21:53.84,SELL,1.15e-06,8660.0
4579388,2017-12-24T15:21:53.84,SELL,1.15e-06,4336.95652174
4579389,2017-12-24T15:21:53.84,SELL,1.15e-06,14752.27904348
4579390,2017-12-24T15:21:53.84,SELL,1.15e-06,107269.00754348
4579392,2017-12-24T15:21:53.84,BUY,1.15e-06,205649.71840356
4579393,2017-12-24T15:21:55.417,SELL,1.14e-06,5429.0
4579394,2017-12-24T15:21:55.637,SELL,1.14e-06,49131.7178553
4579395,2017-12-24T15:21:55.637,SELL,1.14e-06,3500.0
4579396,2017-12-24T15:21:55.637,SELL,1.14e-06,167368.2821447
4579399,2017-12-24T15:21:57.543,BUY,1.15e-06,2260.60913258
4579400,2017-12-24T15:21:57.967,SELL,1.14e-06,8000.0
4579402,2017-12-24T15:21:58.01,BUY,1.15e-06,7316.53351293
4579613,2017-12-24T15:22:19.52,SELL,1.13e-06,88274.33628319
4579614,2017-12-24T15:22:19.52,SELL,1.13e-06,65237.32977876
4579615,2017-12-24T15:22:19.533,SELL,1.13e-06,25360.16949153
4579616,2017-12-24T15:22:19.533,SELL,1.13e-06,804412.72858455
4579618,2017-12-24T15:22:19.673,SELL,1.13e-06,195947.47466766
4579619,2017-12-24T15:22:19.673,SELL,1.13e-06,2000.0
4579620,2017-12-24T15:22:19.673,SELL,1.13e-06,1769.0
4579624,2017-12-24T15:22:20.033,BUY,1.13e-06,17657.07125
4579627,2017-12-24T15:22:20.847,BUY,1.13e-06,55300.0
4579629,2017-12-24T15:22:21.143,SELL,1.12e-06,19170.82765625
4579630,2017-12-24T15:22:21.143,SELL,1.12e-06,4453.125
4579631,2017-12-24T15:22:21.143,SELL,1.12e-06,40881.14754098
4579632,2017-12-24T15:22:21.143,SELL,1.12e-06,26718.75
4579633,2017-12-24T15:22:21.143,SELL,1.12e-06,50000.0
4579634,2017-12-24T15:22:21.143,SELL,1.12e-06,51860.08362636
4579637,2017-12-24T15:22:21.503,SELL,1.12e-06,10000.0
4579638,2017-12-24T15:22:21.52,SELL,1.12e-06,33150.04648707
4579639,2017-12-24T15:22:21.55,SELL,1.12e-06,82971.84865363
4579640,2017-12-24T15:22:21.55,SELL,1.12e-06,16487.60330579
4579641,2017-12-24T15:22:21.55,SELL,1.12e-06,1000.0
4579642,2017-12-24T15:22:21.55,SELL,1.12e-06,52596.71359684
4579643,2017-12-24T15:22:21.567,SELL,1.12e-06,26569.95306983
4579644,2017-12-24T15:22:21.567,SELL,1.12e-06,15096.76171875
4579645,2017-12-24T15:22:21.567,SELL,1.12e-06,48469.2895296
4579646,2017-12-24T15:22:21.58,SELL,1.12e-06,13885.12569832
4579650,2017-12-24T15:22:22.597,BUY,1.13e-06,13615.84
4579654,2017-12-24T15:22:24.66,SELL,1.12e-06,26708.16492833
4579655,2017-12-24T15:22:24.66,SELL,1.12e-06,917629.67021873
4579658,2017-12-24T15:22:24.94,BUY,1.13e-06,202158.00205752
4579659,2017-12-24T15:22:25.05,SELL,1.12e-06,20000.0
4579662,2017-12-24T15:22:25.457,BUY,1.13e-06,43859.6491
4579663,2017-12-24T15:22:25.63,SELL,1.12e-06,43412.81775002
4579664,2017-12-24T15:22:25.63,SELL,1.12e-06,89062.5
4579665,2017-12-24T15:22:25.63,SELL,1.12e-06,78880.47667621
4579668,2017-12-24T15:22:26.223,SELL,1.12e-06,156178.54175
4579669,2017-12-24T15:22:26.27,SELL,1.12e-06,162466.49844879
4579670,2017-12-24T15:22:26.27,SELL,1.12e-06,37533.50155121
4579672,2017-12-24T15:22:26.583,SELL,1.12e-06,54468.06094879
4579673,2017-12-24T15:22:26.583,SELL,1.12e-06,22658.56778232
4579676,2017-12-24T15:22:26.723,BUY,1.13e-06,17729.80334071
4579684,2017-12-24T15:22:27.507,BUY,1.13e-06,4263.90069778
4579685,2017-12-24T15:22:27.55,SELL,1.12e-06,66403.93221768
4579686,2017-12-24T15:22:27.55,SELL,1.12e-06,23208.91265625
4579687,2017-12-24T15:22:27.55,SELL,1.12e-06,3577.43813005
4579688,2017-12-24T15:22:27.55,SELL,1.12e-06,30740.10611367
4579690,2017-12-24T15:22:27.757,SELL,1.12e-06,177237.67521368
4579691,2017-12-24T15:22:27.817,SELL,1.12e-06,64022.21867265
4579692,2017-12-24T15:22:27.817,SELL,1.12e-06,17699.11504425
4579693,2017-12-24T15:22:27.817,SELL,1.12e-06,44932.43243243
4579695,2017-12-24T15:22:27.817,SELL,1.12e-06,393781.01645937
4579696,2017-12-24T15:22:27.817,BUY,1.13e-06,10000.0
4579697,2017-12-24T15:22:27.91,SELL,1.12e-06,90671.2786875
4579699,2017-12-24T15:22:27.91,BUY,1.13e-06,82055.99340883
4579700,2017-12-24T15:22:27.91,BUY,1.13e-06,1000000.0
4579701,2017-12-24T15:22:27.91,BUY,1.13e-06,33052.55016189
4579702,2017-12-24T15:22:27.91,BUY,1.13e-06,357608.35884854
4579703,2017-12-24T15:22:27.91,BUY,1.13e-06,8660.0
4579704,2017-12-24T15:22:27.91,BUY,1.13e-06,7369.89349576
4579705,2017-12-24T15:22:27.91,BUY,1.13e-06,3778.47132353
4579706,2017-12-24T15:22:27.91,BUY,1.13e-06,155952.73108003
4579707,2017-12-24T15:22:28.1,SELL,1.12e-06,1319031.06833799
4579708,2017-12-24T15:22:28.1,SELL,1.12e-06,274715.36702055
4579709,2017-12-24T15:22:28.317,SELL,1.12e-06,3000.0
4579710,2017-12-24T15:22:28.71,SELL,1.12e-06,927806.77730709
4579711,2017-12-24T15:22:28.71,SELL,1.12e-06,4000.0
4579712,2017-12-24T15:22:28.71,SELL,1.12e-06,89062.5
4579713,2017-12-24T15:22:28.71,SELL,1.12e-06,455661.04019291
4579714,2017-12-24T15:22:28.77,SELL,1.12e-06,67132.4568
4579716,2017-12-24T15:22:28.85,SELL,1.12e-06,214109.72127273
4579718,2017-12-24T15:22:28.88,BUY,1.13e-06,905.78935884
4579719,2017-12-24T15:22:28.96,SELL,1.12e-06,153721.78173436
4579720,2017-12-24T15:22:28.96,SELL,1.12e-06,9675.0
4579721,2017-12-24T15:22:28.96,SELL,1.12e-06,876.49949153
4579722,2017-12-24T15:22:28.96,SELL,1.12e-06,9600.0
4579723,2017-12-24T15:22:28.96,SELL,1.12e-06,267187.5
4579724,2017-12-24T15:22:28.96,SELL,1.12e-06,890630.5753125
4579725,2017-12-24T15:22:28.96,SELL,1.12e-06,71250.0
4579727,2017-12-24T15:22:28.96,SELL,1.12e-06,87660.13824324
4579728,2017-12-24T15:22:28.96,SELL,1.12e-06,1000.0
4579729,2017-12-24T15:22:28.96,SELL,1.12e-06,233625.9890625
4579730,2017-12-24T15:22:28.96,SELL,1.12e-06,200000.0
4579731,2017-12-24T15:22:28.96,SELL,1.12e-06,184080.466875
4579732,2017-12-24T15:22:28.96,SELL,1.12e-06,2000.0
4579733,2017-12-24T15:22:28.96,SELL,1.12e-06,35000.0
4579734,2017-12-24T15:22:28.96,SELL,1.12e-06,5683.0246875
4579735,2017-12-24T15:22:28.96,SELL,1.12e-06,1680133.54415587
4579738,2017-12-24T15:22:29.287,BUY,1.13e-06,277690.57347345
4579739,2017-12-24T15:22:29.367,SELL,1.12e-06,101116.45584413
4579740,2017-12-24T15:22:29.367,SELL,1.12e-06,4210.52631578
4579741,2017-12-24T15:22:29.367,SELL,1.12e-06,890.625
4579742,2017-12-24T15:22:29.367,SELL,1.12e-06,2112.55268009
4579743,2017-12-24T15:22:29.46,SELL,1.12e-06,2387.44731991
4579744,2017-12-24T15:22:29.46,SELL,1.12e-06,7338.928125
4579745,2017-12-24T15:22:29.46,SELL,1.12e-06,875.0
4579746,2017-12-24T15:22:29.46,SELL,1.12e-06,105029.95617274
4579748,2017-12-24T15:22:30.333,SELL,1.12e-06,800.0
4579749,2017-12-24T15:22:30.617,SELL,1.12e-06,68723.81570226
4579750,2017-12-24T15:22:30.617,SELL,1.12e-06,10000.0
4579753,2017-12-24T15:22:32.117,BUY,1.12e-06,5000.0
4579755,2017-12-24T15:22:32.35,BUY,1.12e-06,19514.04796875
4579758,2017-12-24T15:22:32.977,BUY,1.12e-06,42048.79646017
4579761,2017-12-24T15:22:33.273,BUY,1.12e-06,15150.48695652
4579763,2017-12-24T15:22:33.96,BUY,1.12e-06,3199.45035398
4579765,2017-12-24T15:22:34.193,BUY,1.12e-06,287982.16869416
4579768,2017-12-24T15:22:35.413,SELL,1.11e-06,12881.38725
4579770,2017-12-24T15:22:35.507,SELL,1.11e-06,50024.01815541
4579771,2017-12-24T15:22:35.507,SELL,1.11e-06,97406.43580613
4579773,2017-12-24T15:22:35.54,SELL,1.11e-06,204300.70324792
4579774,2017-12-24T15:22:35.54,SELL,1.11e-06,45468.01804054
4579775,2017-12-24T15:22:35.54,SELL,1.11e-06,89864.86486486
4579776,2017-12-24T15:22:35.54,SELL,1.11e-06,100000.0
4579777,2017-12-24T15:22:35.54,SELL,1.11e-06,1000.0
4579778,2017-12-24T15:22:35.553,SELL,1.11e-06,61042.94626757
4579779,2017-12-24T15:22:35.553,SELL,1.11e-06,5261.25305556
4579782,2017-12-24T15:22:35.913,BUY,1.12e-06,45711.92004839
4579784,2017-12-24T15:22:36.21,SELL,1.11e-06,113425.5304066
4579785,2017-12-24T15:22:36.21,SELL,1.11e-06,898.64864865
4579786,2017-12-24T15:22:36.21,SELL,1.11e-06,16487.60330579
4579787,2017-12-24T15:22:36.21,SELL,1.11e-06,3594.59459459
4579788,2017-12-24T15:22:36.21,SELL,1.11e-06,116824.32432432
4579789,2017-12-24T15:22:36.21,SELL,1.11e-06,685305.34351145
4579790,2017-12-24T15:22:36.21,SELL,1.11e-06,9207.46418919
4579791,2017-12-24T15:22:36.21,SELL,1.11e-06,8485.43594595
4579792,2017-12-24T15:22:36.21,SELL,1.11e-06,89864.86486486
4579793,2017-12-24T15:22:36.21,SELL,1.11e-06,176000.0
4579794,2017-12-24T15:22:36.21,SELL,1.11e-06,104243.16236486
4579795,2017-12-24T15:22:36.21,SELL,1.11e-06,1797.2972973
4579796,2017-12-24T15:22:36.21,SELL,1.11e-06,100000.0
4579797,2017-12-24T15:22:36.21,SELL,1.11e-06,139329.44304054
4579798,2017-12-24T15:22:36.21,SELL,1.11e-06,159493.98641892
4579799,2017-12-24T15:22:36.21,SELL,1.11e-06,65022.64858108
4579800,2017-12-24T15:22:36.21,SELL,1.11e-06,1000.0
4579801,2017-12-24T15:22:36.21,SELL,1.11e-06,5391.91885135
4579802,2017-12-24T15:22:36.227,SELL,1.11e-06,35486.65560811
4579803,2017-12-24T15:22:36.227,SELL,1.11e-06,27209.58932432
4579804,2017-12-24T15:22:36.227,SELL,1.11e-06,273550.52682432
4579805,2017-12-24T15:22:36.227,SELL,1.11e-06,800.0
4579806,2017-12-24T15:22:36.227,SELL,1.11e-06,44533.07297297
4579807,2017-12-24T15:22:36.227,SELL,1.11e-06,136774.32432432
4579808,2017-12-24T15:22:36.227,SELL,1.11e-06,4254.1397973
4579809,2017-12-24T15:22:36.227,SELL,1.11e-06,38964.84375
4579810,2017-12-24T15:22:36.227,SELL,1.11e-06,376548.35986486
4579811,2017-12-24T15:22:36.227,SELL,1.11e-06,8547.73027027
4579812,2017-12-24T15:22:36.227,SELL,1.11e-06,10000.0
4579813,2017-12-24T15:22:36.227,SELL,1.11e-06,2695.94594595
4579814,2017-12-24T15:22:36.227,SELL,1.11e-06,1966.7375
4579815,2017-12-24T15:22:36.227,SELL,1.11e-06,20000.0
4579816,2017-12-24T15:22:36.227,SELL,1.11e-06,55237.98236486
4579817,2017-12-24T15:22:36.227,SELL,1.11e-06,162310.94187842
4579819,2017-12-24T15:22:36.413,BUY,1.12e-06,328287.18736941
4579821,2017-12-24T15:22:36.6,BUY,1.12e-06,86000.0
4579822,2017-12-24T15:22:36.867,SELL,1.11e-06,209562.95333333
4579824,2017-12-24T15:22:37.117,SELL,1.11e-06,62848.7475
4579827,2017-12-24T15:22:37.993,BUY,1.12e-06,4262.82051282
4579829,2017-12-24T15:22:38.557,SELL,1.11e-06,10528.22637097
4579830,2017-12-24T15:22:38.773,SELL,1.11e-06,1166.01832627
4579831,2017-12-24T15:22:38.82,SELL,1.11e-06,34817.025
4579832,2017-12-24T15:22:39.133,SELL,1.11e-06,4000.0
4579833,2017-12-24T15:22:39.307,SELL,1.11e-06,25000.0
4579835,2017-12-24T15:22:39.367,SELL,1.11e-06,145536.63590692
4579836,2017-12-24T15:22:39.383,SELL,1.11e-06,69755.41784556
4579837,2017-12-24T15:22:39.65,SELL,1.11e-06,8000.0
4579838,2017-12-24T15:22:39.697,SELL,1.11e-06,50000.0
4579839,2017-12-24T15:22:39.96,SELL,1.11e-06,16387.16518293
4579840,2017-12-24T15:22:40.26,SELL,1.11e-06,44984.42375
4579841,2017-12-24T15:22:40.493,SELL,1.11e-06,18457.03452658
4579843,2017-12-24T15:22:40.62,BUY,1.12e-06,907.07964602
4579845,2017-12-24T15:22:40.9,BUY,1.12e-06,17699.11504425
4579847,2017-12-24T15:22:41.353,SELL,1.11e-06,199169.99164557
4579849,2017-12-24T15:22:41.697,SELL,1.11e-06,68439.70830169
4579851,2017-12-24T15:22:41.73,SELL,1.11e-06,50395.03446255
4579853,2017-12-24T15:22:42.07,SELL,1.11e-06,5000.0
4579855,2017-12-24T15:22:42.12,BUY,1.12e-06,17857.14335714
4579857,2017-12-24T15:22:42.243,BUY,1.12e-06,9732.14285714
4579860,2017-12-24T15:22:42.743,SELL,1.11e-06,161613.64894218
4579861,2017-12-24T15:22:42.743,SELL,1.11e-06,85807.42128378
4579862,2017-12-24T15:22:42.743,SELL,1.11e-06,14961.24049373
4580244,2017-12-24T15:23:06.673,SELL,1.1e-06,2225.24113636
4580245,2017-12-24T15:23:06.673,SELL,1.1e-06,9321.88234091
4580246,2017-12-24T15:23:06.69,SELL,1.1e-06,5052.63157894
4580247,2017-12-24T15:23:06.69,SELL,1.1e-06,76320.0
4580248,2017-12-24T15:23:06.69,SELL,1.1e-06,20000.0
4580249,2017-12-24T15:23:06.69,SELL,1.1e-06,1000.0
4580250,2017-12-24T15:23:06.69,SELL,1.1e-06,7315.0244375
4580251,2017-12-24T15:23:06.69,SELL,1.1e-06,58486.23613636
4580252,2017-12-24T15:23:06.69,SELL,1.1e-06,69005.51152328
4580253,2017-12-24T15:23:06.907,SELL,1.1e-06,19268.82475991
4580254,2017-12-24T15:23:06.907,SELL,1.1e-06,57630.91615909
4580255,2017-12-24T15:23:06.907,SELL,1.1e-06,8660.0
4580256,2017-12-24T15:23:06.907,SELL,1.1e-06,21312.09531818
4580257,2017-12-24T15:23:06.907,SELL,1.1e-06,1500.0
4580258,2017-12-24T15:23:06.907,SELL,1.1e-06,1360.22727273
4580259,2017-12-24T15:23:06.907,SELL,1.1e-06,10000.0
4580260,2017-12-24T15:23:06.923,SELL,1.1e-06,1000.0
4580261,2017-12-24T15:23:06.923,SELL,1.1e-06,906.81818182
4580262,2017-12-24T15:23:06.923,SELL,1.1e-06,5298.43888636
4580263,2017-12-24T15:23:06.923,SELL,1.1e-06,263895.56215909
4580264,2017-12-24T15:23:06.923,SELL,1.1e-06,2000.0
4580268,2017-12-24T15:23:09.61,BUY,1.1e-06,6000.0
4580271,2017-12-24T15:23:10.05,BUY,1.1e-06,2500.18375
4580273,2017-12-24T15:23:10.69,BUY,1.1e-06,5000.0
4580275,2017-12-24T15:23:10.8,BUY,1.1e-06,115159.30821431
4580276,2017-12-24T15:23:10.8,BUY,1.1e-06,59301.79458333
4580277,2017-12-24T15:23:10.8,BUY,1.1e-06,33160.57722458
4580278,2017-12-24T15:23:10.8,BUY,1.1e-06,190262.23166667
4580279,2017-12-24T15:23:10.8,BUY,1.1e-06,93634.46078767
4580280,2017-12-24T15:23:10.8,BUY,1.1e-06,50173.01342975
4580281,2017-12-24T15:23:10.8,BUY,1.1e-06,91136.36363636
4580282,2017-12-24T15:23:10.8,BUY,1.1e-06,1474462.03797848
4580283,2017-12-24T15:23:10.8,BUY,1.1e-06,145850.46767308
4580284,2017-12-24T15:23:10.8,BUY,1.1e-06,131160.9840625
4580285,2017-12-24T15:23:10.8,BUY,1.1e-06,47063.79139831
4580286,2017-12-24T15:23:10.8,BUY,1.1e-06,66163.81995763
4580287,2017-12-24T15:23:10.8,BUY,1.1e-06,64764.43263649
4580288,2017-12-24T15:23:10.8,BUY,1.1e-06,133652.66269679
4580291,2017-12-24T15:23:11.36,SELL,1.09e-06,43426.89461009
4580292,2017-12-24T15:23:11.36,SELL,1.09e-06,10000.0
4580293,2017-12-24T15:23:11.36,SELL,1.09e-06,4243.85788991
4580294,2017-12-24T15:23:11.627,SELL,1.09e-06,32362.2781422
4580295,2017-12-24T15:23:11.627,SELL,1.09e-06,3323.42222365
4580296,2017-12-24T15:23:11.673,SELL,1.09e-06,13164.18108214
4580297,2017-12-24T15:23:11.673,SELL,1.09e-06,94909.60989534
4580298,2017-12-24T15:23:11.673,SELL,1.09e-06,2890.88311927
4580299,2017-12-24T15:23:11.673,SELL,1.09e-06,45871.55963303
4580300,2017-12-24T15:23:11.673,SELL,1.09e-06,18852.02260355
4580301,2017-12-24T15:23:11.673,SELL,1.09e-06,2935.45180147
4580302,2017-12-24T15:23:11.69,SELL,1.09e-06,19791.66666667
4580304,2017-12-24T15:23:11.72,SELL,1.09e-06,263047.76278501
4580305,2017-12-24T15:23:11.72,SELL,1.09e-06,4587.1559633
4580306,2017-12-24T15:23:11.72,SELL,1.09e-06,91513.76146789
4580307,2017-12-24T15:23:11.72,SELL,1.09e-06,200000.0
4580308,2017-12-24T15:23:11.72,SELL,1.09e-06,3781.60486239
4580309,2017-12-24T15:23:11.72,SELL,1.09e-06,152155.69895987
4580310,2017-12-24T15:23:11.847,SELL,1.09e-06,80343.98955882
4580311,2017-12-24T15:23:11.86,SELL,1.09e-06,2000.0
4580313,2017-12-24T15:23:11.94,SELL,1.09e-06,15786.2335625
4580314,2017-12-24T15:23:11.957,SELL,1.09e-06,8290.46359756
4580315,2017-12-24T15:23:11.957,SELL,1.09e-06,138646.04371424
4580316,2017-12-24T15:23:11.987,SELL,1.09e-06,47636.84275
4580317,2017-12-24T15:23:12.067,SELL,1.09e-06,1672.05738
4580318,2017-12-24T15:23:12.127,SELL,1.09e-06,19894.68035446
4580319,2017-12-24T15:23:12.127,SELL,1.09e-06,33573.99012255
4580320,2017-12-24T15:23:12.127,SELL,1.09e-06,4760.39675139
4580321,2017-12-24T15:23:12.127,SELL,1.09e-06,18500.0
4580322,2017-12-24T15:23:12.127,SELL,1.09e-06,183027.52293578
4580323,2017-12-24T15:23:12.127,SELL,1.09e-06,91513.76146789
4580324,2017-12-24T15:23:12.127,SELL,1.09e-06,976.49949153
4580325,2017-12-24T15:23:12.127,SELL,1.09e-06,61397.82923086
4580326,2017-12-24T15:23:12.16,SELL,1.09e-06,100130.63298913
4580327,2017-12-24T15:23:12.173,SELL,1.09e-06,40881.14754098
4580328,2017-12-24T15:23:12.173,SELL,1.09e-06,96558.51472778
4580331,2017-12-24T15:23:12.893,BUY,1.1e-06,44932.43243243
4580333,2017-12-24T15:23:13.47,BUY,1.1e-06,26959.45945946
4580335,2017-12-24T15:23:13.893,BUY,1.1e-06,161015.0071875
4580336,2017-12-24T15:23:13.91,SELL,1.09e-06,84939.98555556
4580337,2017-12-24T15:23:14.597,SELL,1.09e-06,10000.0
4580339,2017-12-24T15:23:14.753,BUY,1.1e-06,60135.46601209
4580340,2017-12-24T15:23:14.77,SELL,1.09e-06,14460.29409449
4580341,2017-12-24T15:23:15.08,SELL,1.09e-06,38087.7985263
4580342,2017-12-24T15:23:15.113,SELL,1.09e-06,185989.18601351
4580343,2017-12-24T15:23:15.177,SELL,1.09e-06,282692.22600029
4580344,2017-12-24T15:23:15.177,SELL,1.09e-06,66283.00034189
4580345,2017-12-24T15:23:15.177,SELL,1.09e-06,1024.77365782
4580346,2017-12-24T15:23:15.223,SELL,1.09e-06,8975.22634218
4580347,2017-12-24T15:23:15.223,SELL,1.09e-06,15000.0
4580348,2017-12-24T15:23:15.223,SELL,1.09e-06,9526.69238532
4580349,2017-12-24T15:23:15.223,SELL,1.08e-06,16422.89541667
4580350,2017-12-24T15:23:15.223,SELL,1.08e-06,16487.60330579
4580351,2017-12-24T15:23:15.223,SELL,1.08e-06,5186.24263889
4580352,2017-12-24T15:23:15.223,SELL,1.08e-06,3404.73744021
4580354,2017-12-24T15:23:15.237,BUY,1.1e-06,4800.0
4580356,2017-12-24T15:23:15.487,BUY,1.1e-06,87484.4136483
4580357,2017-12-24T15:23:15.487,BUY,1.1e-06,8660.0
4580358,2017-12-24T15:23:15.487,BUY,1.1e-06,11765.64342188
4580359,2017-12-24T15:23:15.487,BUY,1.1e-06,286106.4047561
4580360,2017-12-24T15:23:15.487,BUY,1.1e-06,646318.50379872
4580362,2017-12-24T15:23:15.52,BUY,1.1e-06,17972.97297297
4580512,2017-12-24T15:23:30.663,SELL,1.09e-06,2500.0
4580513,2017-12-24T15:23:30.727,SELL,1.09e-06,21581.36298387
4580514,2017-12-24T15:23:30.93,SELL,1.09e-06,159986.09970763
4580515,2017-12-24T15:23:31.133,SELL,1.09e-06,12680.08474576
4580516,2017-12-24T15:23:31.18,SELL,1.09e-06,29338.11259616
4580517,2017-12-24T15:23:31.197,SELL,1.09e-06,111025.725
4580518,2017-12-24T15:23:31.523,SELL,1.09e-06,2500.0
4580521,2017-12-24T15:23:32.07,BUY,1.1e-06,942874.72775737
4580522,2017-12-24T15:23:32.07,BUY,1.1e-06,105000.0
4580523,2017-12-24T15:23:32.07,BUY,1.1e-06,95780.0
4580524,2017-12-24T15:23:32.07,BUY,1.1e-06,48530.54347826
4580525,2017-12-24T15:23:32.07,BUY,1.1e-06,13453.15569915
4580526,2017-12-24T15:23:32.07,BUY,1.1e-06,10000.0
4580527,2017-12-24T15:23:32.07,BUY,1.1e-06,5000.0
4580528,2017-12-24T15:23:32.07,BUY,1.1e-06,181852.34025
4580529,2017-12-24T15:23:32.07,BUY,1.1e-06,1200.0
4580530,2017-12-24T15:23:32.07,BUY,1.1e-06,7500.0
4580531,2017-12-24T15:23:32.07,BUY,1.1e-06,79103.90208661
4580532,2017-12-24T15:23:32.07,BUY,1.1e-06,14631.09725
4580533,2017-12-24T15:23:32.07,BUY,1.1e-06,17967.26586864
4580534,2017-12-24T15:23:32.07,BUY,1.1e-06,108868.13030172
4580535,2017-12-24T15:23:32.07,BUY,1.1e-06,55094.24769461
4580536,2017-12-24T15:23:32.103,SELL,1.09e-06,31678.99625
4580539,2017-12-24T15:23:32.367,SELL,1.09e-06,1534.0
4580540,2017-12-24T15:23:32.383,SELL,1.09e-06,10000.0
4580541,2017-12-24T15:23:32.413,SELL,1.09e-06,100000.0
4580544,2017-12-24T15:23:32.57,SELL,1.09e-06,1000.0
4580545,2017-12-24T15:23:32.57,SELL,1.09e-06,8250.6277459
4580547,2017-12-24T15:23:32.71,BUY,1.1e-06,5454.54545454
4580548,2017-12-24T15:23:32.853,SELL,1.09e-06,100000.0
4580550,2017-12-24T15:23:32.947,SELL,1.09e-06,3213.11053663
4580553,2017-12-24T15:23:33.29,BUY,1.1e-06,82934.57043781
4580554,2017-12-24T15:23:33.29,BUY,1.1e-06,115808.37064453
4580555,2017-12-24T15:23:33.29,BUY,1.1e-06,5529.2675
4580556,2017-12-24T15:23:33.29,BUY,1.1e-06,119131.01604279
4580557,2017-12-24T15:23:33.29,BUY,1.1e-06,2629.6893
4580558,2017-12-24T15:23:33.29,BUY,1.1e-06,183673.94309091
4580559,2017-12-24T15:23:33.29,BUY,1.1e-06,5000.0
4580560,2017-12-24T15:23:33.29,BUY,1.1e-06,215171.19176445
4580561,2017-12-24T15:23:33.853,SELL,1.09e-06,15917.15875
4580562,2017-12-24T15:23:33.9,SELL,1.09e-06,1631459.09305556
4580563,2017-12-24T15:23:33.947,SELL,1.09e-06,66111.56875
4580564,2017-12-24T15:23:34.087,SELL,1.09e-06,5681.29501154
4580567,2017-12-24T15:23:34.307,SELL,1.09e-06,100000.0
4580569,2017-12-24T15:23:34.837,SELL,1.09e-06,10000.0
4580571,2017-12-24T15:23:34.917,BUY,1.1e-06,74269.82624558
4580573,2017-12-24T15:23:35.04,SELL,1.09e-06,924.56547486
4580575,2017-12-24T15:23:35.573,BUY,1.1e-06,253601.69491525
4580577,2017-12-24T15:23:35.587,BUY,1.1e-06,83514.74967949
4580580,2017-12-24T15:23:35.62,BUY,1.1e-06,1385.41666667
4580584,2017-12-24T15:23:35.76,BUY,1.1e-06,372057.12072856
4580585,2017-12-24T15:23:35.76,BUY,1.1e-06,79055.55273913
4580586,2017-12-24T15:23:35.76,BUY,1.1e-06,24543.70916667
4580587,2017-12-24T15:23:35.76,BUY,1.1e-06,320017.25038168
4580588,2017-12-24T15:23:35.76,BUY,1.1e-06,10483.94478814
4580589,2017-12-24T15:23:35.76,BUY,1.1e-06,60293.0146875
4580590,2017-12-24T15:23:35.76,BUY,1.1e-06,7334.08340551
4580591,2017-12-24T15:23:35.76,BUY,1.1e-06,71443.67258824
4580592,2017-12-24T15:23:35.76,BUY,1.1e-06,26121.24416016
4580593,2017-12-24T15:23:35.76,BUY,1.1e-06,8191.06504065
4580594,2017-12-24T15:23:35.76,BUY,1.1e-06,970000.61042124
4580596,2017-12-24T15:23:36.057,BUY,1.1e-06,3931142.11385376
4580597,2017-12-24T15:23:36.057,BUY,1.1e-06,5000.0
4580598,2017-12-24T15:23:36.057,BUY,1.1e-06,300000.0
4580599,2017-12-24T15:23:36.057,BUY,1.1e-06,120935.76325293
4580600,2017-12-24T15:23:36.057,BUY,1.1e-06,42179.70885776
4580601,2017-12-24T15:23:36.057,BUY,1.1e-06,23461.0632
4580602,2017-12-24T15:23:36.057,BUY,1.1e-06,3000.0
4580603,2017-12-24T15:23:36.057,BUY,1.1e-06,288198.43468563
4580604,2017-12-24T15:23:36.057,BUY,1.1e-06,15583.31075
4580605,2017-12-24T15:23:36.057,BUY,1.1e-06,6668.80926923
4580606,2017-12-24T15:23:36.057,BUY,1.1e-06,1648.78506198
4580607,2017-12-24T15:23:36.057,BUY,1.1e-06,978473.5812133
4580608,2017-12-24T15:23:36.12,SELL,1.1e-06,1000.0
4580609,2017-12-24T15:23:36.167,SELL,1.1e-06,40121.92863636
4580610,2017-12-24T15:23:36.167,SELL,1.1e-06,26675.3445
4580615,2017-12-24T15:23:37.027,SELL,1.1e-06,37830.18867925
4580621,2017-12-24T15:23:37.417,SELL,1.1e-06,9712.89356004
4580622,2017-12-24T15:23:37.463,SELL,1.1e-06,150733.9623125
4580623,2017-12-24T15:23:37.51,SELL,1.1e-06,41780.54934375
4580625,2017-12-24T15:23:37.79,SELL,1.1e-06,397000.0
4580627,2017-12-24T15:23:37.98,SELL,1.1e-06,9130.27995079
4580631,2017-12-24T15:23:38.137,BUY,1.11e-06,2389.72789752
4580632,2017-12-24T15:23:38.15,BUY,1.11e-06,100000.0
4580633,2017-12-24T15:23:38.15,BUY,1.11e-06,97610.27210248
4580640,2017-12-24T15:23:38.51,SELL,1.1e-06,574692.63988947
4580641,2017-12-24T15:23:38.637,SELL,1.1e-06,1000.0
4580642,2017-12-24T15:23:38.65,SELL,1.1e-06,15000.94875
4580643,2017-12-24T15:23:38.697,SELL,1.1e-06,27294.0472
4580645,2017-12-24T15:23:39.137,SELL,1.1e-06,10346.77614583
4580646,2017-12-24T15:23:39.15,SELL,1.1e-06,25000.0
4580647,2017-12-24T15:23:39.213,SELL,1.1e-06,5249.71075472
4580648,2017-12-24T15:23:39.26,SELL,1.1e-06,1000.0
4580649,2017-12-24T15:23:39.417,SELL,1.1e-06,39940.99869565
4580650,2017-12-24T15:23:39.48,SELL,1.1e-06,11622.22819767
4580655,2017-12-24T15:23:39.637,BUY,1.11e-06,16889.78533502
4580656,2017-12-24T15:23:39.637,BUY,1.11e-06,20000.0
4580657,2017-12-24T15:23:39.637,BUY,1.11e-06,22685.99411157
4580658,2017-12-24T15:23:39.637,BUY,1.11e-06,5219.0
4580659,2017-12-24T15:23:39.637,BUY,1.11e-06,35505.22155641
4580663,2017-12-24T15:23:39.9,SELL,1.1e-06,17097.95470588
4580667,2017-12-24T15:23:40.137,SELL,1.1e-06,16431.25527273
4580668,2017-12-24T15:23:40.137,SELL,1.1e-06,34064.28947727
4580669,2017-12-24T15:23:40.137,SELL,1.1e-06,135545.36854688
4580670,2017-12-24T15:23:40.37,SELL,1.1e-06,10000.0
4580674,2017-12-24T15:23:40.683,BUY,1.11e-06,114494.77844359
4580675,2017-12-24T15:23:40.683,BUY,1.11e-06,117919.7569375
4580676,2017-12-24T15:23:40.683,BUY,1.11e-06,170315.70915984
4580677,2017-12-24T15:23:40.683,BUY,1.11e-06,97379.64451312
4580679,2017-12-24T15:23:41.027,SELL,1.1e-06,24379.86816176
4580681,2017-12-24T15:23:41.15,BUY,1.11e-06,1351.35135135
4580682,2017-12-24T15:23:41.23,SELL,1.1e-06,743879.16306409
4580683,2017-12-24T15:23:41.23,SELL,1.1e-06,400272.84627273
4580684,2017-12-24T15:23:41.23,SELL,1.1e-06,40538.44534091
4580685,2017-12-24T15:23:41.23,SELL,1.1e-06,3997.32709091
4580686,2017-12-24T15:23:41.23,SELL,1.1e-06,109749.77427273
4580687,2017-12-24T15:23:41.23,SELL,1.1e-06,1601990.10439031
4580690,2017-12-24T15:23:41.37,SELL,1.1e-06,18000.0
4580695,2017-12-24T15:23:42.073,SELL,1.1e-06,2730.45405405
4580697,2017-12-24T15:23:42.213,BUY,1.11e-06,28946.08462333
4580698,2017-12-24T15:23:42.213,BUY,1.11e-06,43763.95768657
4580699,2017-12-24T15:23:42.213,BUY,1.11e-06,292796.91816307
4580701,2017-12-24T15:23:42.357,SELL,1.1e-06,339930.16759777
4580704,2017-12-24T15:23:42.62,SELL,1.1e-06,7606.0
4580706,2017-12-24T15:23:42.653,BUY,1.11e-06,148710.78675676
4580708,2017-12-24T15:23:42.713,BUY,1.11e-06,81519.00702703
4580710,2017-12-24T15:23:42.777,BUY,1.11e-06,74866.60083823
4580711,2017-12-24T15:23:42.777,BUY,1.11e-06,1000.0
4580712,2017-12-24T15:23:42.777,BUY,1.11e-06,8681.68493952
4580713,2017-12-24T15:23:42.793,BUY,1.11e-06,9914.2003709
4580719,2017-12-24T15:23:43.183,BUY,1.11e-06,165677.16639381
4580720,2017-12-24T15:23:43.183,BUY,1.11e-06,90681.81818182
4580721,2017-12-24T15:23:43.183,BUY,1.11e-06,10938.21901079
4580723,2017-12-24T15:23:43.183,BUY,1.11e-06,1000.0
4580724,2017-12-24T15:23:43.183,BUY,1.11e-06,33789.23062205
4580725,2017-12-24T15:23:43.183,BUY,1.11e-06,10000.0
4580726,2017-12-24T15:23:43.2,BUY,1.11e-06,3000.0
4580727,2017-12-24T15:23:43.2,BUY,1.11e-06,8750.0
4580728,2017-12-24T15:23:43.2,BUY,1.11e-06,848.75085366
4580729,2017-12-24T15:23:43.2,BUY,1.11e-06,14644.23824627
4580730,2017-12-24T15:23:43.2,BUY,1.11e-06,6740.18837838
4580731,2017-12-24T15:23:43.2,BUY,1.11e-06,188083.31636719
4580732,2017-12-24T15:23:43.2,BUY,1.11e-06,20000.0
4580733,2017-12-24T15:23:43.2,BUY,1.11e-06,91437.5
4580736,2017-12-24T15:23:43.247,SELL,1.11e-06,8623.02804054
4580737,2017-12-24T15:23:43.247,SELL,1.1e-06,1376.97195946
4580739,2017-12-24T15:23:43.42,BUY,1.11e-06,839.79924
4580740,2017-12-24T15:23:43.573,SELL,1.11e-06,408378.46249225
4580742,2017-12-24T15:23:43.777,SELL,1.11e-06,100453.17209016
4580743,2017-12-24T15:23:43.92,SELL,1.11e-06,168945.00633885
4580747,2017-12-24T15:23:44.42,SELL,1.11e-06,138541.66666667
4580752,2017-12-24T15:23:44.823,SELL,1.11e-06,27014.5575
4580753,2017-12-24T15:23:45.59,SELL,1.11e-06,10000.0
4580758,2017-12-24T15:23:46.107,SELL,1.11e-06,265333.24763514
4580889,2017-12-24T15:23:53.39,BUY,1.13e-06,2000.0
4580890,2017-12-24T15:23:53.39,BUY,1.13e-06,12771.92982454
4580891,2017-12-24T15:23:53.39,BUY,1.13e-06,21166.91286315
4580894,2017-12-24T15:23:53.483,BUY,1.13e-06,17347.82608696
4580895,2017-12-24T15:23:53.513,SELL,1.12e-06,234406.03923518
4580896,2017-12-24T15:23:53.513,SELL,1.12e-06,1149.85921875
4580897,2017-12-24T15:23:53.513,SELL,1.12e-06,90681.81818182
4580898,2017-12-24T15:23:53.513,SELL,1.12e-06,252297.32086425
4580902,2017-12-24T15:23:53.983,BUY,1.13e-06,41465.44093023
4580904,2017-12-24T15:23:54.233,SELL,1.12e-06,503949.79101923
4580907,2017-12-24T15:23:54.407,BUY,1.13e-06,237091.44955752
4580911,2017-12-24T15:23:54.593,BUY,1.13e-06,5810661.01333097
4580912,2017-12-24T15:23:54.593,BUY,1.13e-06,856457.71506484
4580913,2017-12-24T15:23:54.593,BUY,1.13e-06,15226.1592
4580920,2017-12-24T15:23:55.813,SELL,1.12e-06,629946.83609217
4580921,2017-12-24T15:23:55.873,SELL,1.12e-06,9441.30772345
4580922,2017-12-24T15:23:55.873,SELL,1.12e-06,11220.0490678
4580925,2017-12-24T15:23:56.517,SELL,1.12e-06,18654.3359879
4580931,2017-12-24T15:23:56.813,BUY,1.13e-06,5000.0
4580941,2017-12-24T15:23:57.547,SELL,1.12e-06,680860.62614063
4580948,2017-12-24T15:23:58.047,SELL,1.12e-06,50000.0
4580951,2017-12-24T15:23:58.36,BUY,1.13e-06,25075.001003
4580956,2017-12-24T15:23:58.53,BUY,1.13e-06,69656.2900885
4580957,2017-12-24T15:23:58.673,SELL,1.12e-06,101000.0
4580958,2017-12-24T15:23:58.69,SELL,1.12e-06,25000.481
4580960,2017-12-24T15:23:58.97,BUY,1.13e-06,6804.78610619
4580961,2017-12-24T15:23:59.157,SELL,1.12e-06,900.0
4580963,2017-12-24T15:23:59.703,BUY,1.13e-06,14533.43376106
4580967,2017-12-24T15:23:59.83,BUY,1.13e-06,180709.00672566
4580969,2017-12-24T15:23:59.877,BUY,1.13e-06,3500.0
4580970,2017-12-24T15:23:59.907,SELL,1.12e-06,80327.28270246
4580976,2017-12-24T15:24:00.517,BUY,1.13e-06,59185.21058832
4580977,2017-12-24T15:24:00.517,BUY,1.13e-06,197975.0432582
4580980,2017-12-24T15:24:00.673,SELL,1.13e-06,7662.75500304
4580981,2017-12-24T15:24:00.673,SELL,1.13e-06,110701.59663717
4580982,2017-12-24T15:24:00.673,SELL,1.12e-06,398086.05876927
4580990,2017-12-24T15:24:02.063,SELL,1.13e-06,41455.33201327
4580991,2017-12-24T15:24:02.063,SELL,1.13e-06,363489.41233455
4580997,2017-12-24T15:24:02.91,SELL,1.13e-06,124651.18649288
4580998,2017-12-24T15:24:02.91,SELL,1.13e-06,17721.698448
4581004,2017-12-24T15:24:03.83,BUY,1.13e-06,45000.0
4581010,2017-12-24T15:24:04.33,BUY,1.13e-06,18000.0
4581012,2017-12-24T15:24:04.393,BUY,1.13e-06,17721.69844758
4581017,2017-12-24T15:24:04.627,BUY,1.13e-06,8660.0
4581019,2017-12-24T15:24:04.69,BUY,1.13e-06,17051.28205128
4581021,2017-12-24T15:24:04.8,SELL,1.12e-06,197455.71657034
4581022,2017-12-24T15:24:04.8,SELL,1.12e-06,2023.41984375
4581023,2017-12-24T15:24:04.8,SELL,1.12e-06,7021.2421875
4581024,2017-12-24T15:24:04.8,SELL,1.12e-06,31422.95109375
4581025,2017-12-24T15:24:04.8,SELL,1.12e-06,1069.8721875
4581026,2017-12-24T15:24:04.817,SELL,1.12e-06,14002.798125
4581027,2017-12-24T15:24:04.817,SELL,1.12e-06,25225.8309375
4581028,2017-12-24T15:24:04.817,SELL,1.12e-06,30973.3190625
4581029,2017-12-24T15:24:04.817,SELL,1.11e-06,40457.22117326
4581030,2017-12-24T15:24:04.83,SELL,1.11e-06,10000.0
4581032,2017-12-24T15:24:04.877,BUY,1.13e-06,3431.67365044
4581034,2017-12-24T15:24:04.91,BUY,1.13e-06,95466.04375
4581037,2017-12-24T15:24:05.173,BUY,1.13e-06,34456.566773
4581040,2017-12-24T15:24:05.41,BUY,1.13e-06,264823.00884956
4581041,2017-12-24T15:24:05.487,SELL,1.11e-06,22342.41076271
4581044,2017-12-24T15:24:05.737,BUY,1.13e-06,17713.023063
4581045,2017-12-24T15:24:05.8,SELL,1.11e-06,9862.02125
4581048,2017-12-24T15:24:05.877,SELL,1.12e-06,238530.75
4581049,2017-12-24T15:24:05.94,SELL,1.12e-06,160505.8190625
4581050,2017-12-24T15:24:05.94,SELL,1.11e-06,39494.1809375
4581052,2017-12-24T15:24:05.987,BUY,1.13e-06,17721.69844758
4581056,2017-12-24T15:24:06.22,BUY,1.13e-06,17721.69844758
4581058,2017-12-24T15:24:06.237,BUY,1.13e-06,24810.377827
4581062,2017-12-24T15:24:06.47,BUY,1.13e-06,23891.727662
4581064,2017-12-24T15:24:06.503,BUY,1.13e-06,35372.510101
4581068,2017-12-24T15:24:06.817,BUY,1.13e-06,43967.8844469
4581070,2017-12-24T15:24:06.91,BUY,1.13e-06,17721.69844758
4581073,2017-12-24T15:24:07.16,BUY,1.13e-06,1415623.01125
4581075,2017-12-24T15:24:07.207,BUY,1.13e-06,35000.0
4581076,2017-12-24T15:24:07.253,SELL,1.12e-06,1447.25671875
4581077,2017-12-24T15:24:07.253,SELL,1.11e-06,2348.88252687
4581079,2017-12-24T15:24:07.347,BUY,1.13e-06,35443.396895
4581082,2017-12-24T15:24:07.597,BUY,1.13e-06,18205.12073636
4581084,2017-12-24T15:24:07.927,BUY,1.13e-06,24810.377827
4581086,2017-12-24T15:24:08.067,BUY,1.13e-06,88274.33628319
4581091,2017-12-24T15:24:09.3,BUY,1.13e-06,35443.396895
4581093,2017-12-24T15:24:09.44,BUY,1.13e-06,33504.3975
4581094,2017-12-24T15:24:09.457,SELL,1.11e-06,183437.6125735
4581095,2017-12-24T15:24:09.457,SELL,1.11e-06,16562.3874265
4581098,2017-12-24T15:24:09.707,BUY,1.13e-06,190181.61982301
4581099,2017-12-24T15:24:09.8,SELL,1.11e-06,48694.62191929
4581100,2017-12-24T15:24:09.8,SELL,1.11e-06,129524.49695571
4581108,2017-12-24T15:24:12.723,BUY,1.13e-06,166255.39061947
4581112,2017-12-24T15:24:13.037,SELL,1.12e-06,17270.3765625
4581113,2017-12-24T15:24:13.037,SELL,1.11e-06,10100.17642724
4581114,2017-12-24T15:24:13.05,SELL,1.11e-06,22149.10513699
4581117,2017-12-24T15:24:13.177,BUY,1.13e-06,17721.69844758
4581122,2017-12-24T15:24:14.037,SELL,1.11e-06,240000.0
4581124,2017-12-24T15:24:14.21,BUY,1.12e-06,5003.2723061
4581125,2017-12-24T15:24:14.21,BUY,1.13e-06,12417.4776939
4581129,2017-12-24T15:24:14.85,SELL,1.11e-06,47550.54580438
4581130,2017-12-24T15:24:14.85,SELL,1.11e-06,183027.52293578
4581131,2017-12-24T15:24:14.85,SELL,1.11e-06,175508.73209459
4581132,2017-12-24T15:24:14.85,SELL,1.11e-06,143913.19916525
4581138,2017-12-24T15:24:15.897,SELL,1.12e-06,14352.51798561
4581219,2017-12-24T15:24:24.087,BUY,1.12e-06,49028.51762419
4581226,2017-12-24T15:24:24.807,BUY,1.12e-06,64658.26171875
4581229,2017-12-24T15:24:25.023,SELL,1.11e-06,3768.62689189
4581230,2017-12-24T15:24:25.023,SELL,1.11e-06,121646.34146341
4581231,2017-12-24T15:24:25.04,SELL,1.11e-06,31403.71736486
4581232,2017-12-24T15:24:25.04,SELL,1.1e-06,106270.32793369
4581233,2017-12-24T15:24:25.26,SELL,1.1e-06,800.88316
4581235,2017-12-24T15:24:25.617,BUY,1.12e-06,10613.8453125
4581246,2017-12-24T15:24:26.32,BUY,1.12e-06,35866.26240117
4581247,2017-12-24T15:24:26.9,SELL,1.11e-06,8986.48648649
4581248,2017-12-24T15:24:26.9,SELL,1.1e-06,30383.59225367
4581251,2017-12-24T15:24:27.167,BUY,1.12e-06,1491.07142857
4581254,2017-12-24T15:24:27.417,BUY,1.12e-06,199083.77049536
4581257,2017-12-24T15:24:27.837,SELL,1.11e-06,17960.33797297
4581258,2017-12-24T15:24:27.837,SELL,1.11e-06,100000.0
4581261,2017-12-24T15:24:28.447,BUY,1.11e-06,14589.9022973
4581263,2017-12-24T15:24:28.68,BUY,1.11e-06,3889.288125
4581265,2017-12-24T15:24:29.243,BUY,1.11e-06,25998.6084375
4581266,2017-12-24T15:24:29.947,SELL,1.1e-06,264823.00884956
4581273,2017-12-24T15:24:30.51,BUY,1.11e-06,294989.02753198
4581274,2017-12-24T15:24:30.823,SELL,1.11e-06,18509.10345703
4581276,2017-12-24T15:24:31.15,SELL,1.11e-06,93507.97191176
4581277,2017-12-24T15:24:31.26,SELL,1.11e-06,182678.4781681
4581279,2017-12-24T15:24:31.573,SELL,1.11e-06,39422.62975
4581280,2017-12-24T15:24:31.637,SELL,1.11e-06,1503.08219178
4581281,2017-12-24T15:24:31.807,SELL,1.11e-06,369389.70698935
4581282,2017-12-24T15:24:31.807,SELL,1.11e-06,9259.54087838
4581284,2017-12-24T15:24:32.15,BUY,1.11e-06,18802.74140625
4581287,2017-12-24T15:24:32.323,BUY,1.11e-06,66116.4375
4581289,2017-12-24T15:24:33.26,SELL,1.1e-06,177816.43220973
4581294,2017-12-24T15:24:34.323,BUY,1.11e-06,2468.21939189
4581299,2017-12-24T15:24:35.12,BUY,1.11e-06,4197.03966216
4581300,2017-12-24T15:24:35.823,SELL,1.1e-06,12500.0
4581303,2017-12-24T15:24:36.26,SELL,1.1e-06,200000.0
4581306,2017-12-24T15:24:36.67,BUY,1.11e-06,44642.85714285
4581308,2017-12-24T15:24:36.747,SELL,1.1e-06,26662.1007978
4581311,2017-12-24T15:24:37.323,SELL,1.1e-06,10000.0
4581313,2017-12-24T15:24:37.73,BUY,1.11e-06,12762.37445946
4581315,2017-12-24T15:24:37.763,BUY,1.11e-06,29578.89445946
4581317,2017-12-24T15:24:38.23,SELL,1.1e-06,8000.0
4581320,2017-12-24T15:24:38.323,BUY,1.11e-06,1068.75
4581322,2017-12-24T15:24:38.45,SELL,1.1e-06,15000.0
4581323,2017-12-24T15:24:38.7,SELL,1.1e-06,6156.97200117
4581324,2017-12-24T15:24:39.03,SELL,1.1e-06,61312.0
4581326,2017-12-24T15:24:39.153,BUY,1.11e-06,57637.39222973
4581327,2017-12-24T15:24:39.263,SELL,1.1e-06,80274.68279438
4581328,2017-12-24T15:24:39.263,SELL,1.1e-06,183027.52293578
4581329,2017-12-24T15:24:39.263,SELL,1.1e-06,15676.55584091
4581330,2017-12-24T15:24:39.263,SELL,1.1e-06,1000.0
4581331,2017-12-24T15:24:39.263,SELL,1.1e-06,50000.0
4581332,2017-12-24T15:24:39.263,SELL,1.1e-06,16856.66181818
4581333,2017-12-24T15:24:39.28,SELL,1.1e-06,80664.57661075
4581335,2017-12-24T15:24:39.653,SELL,1.1e-06,35000.0
4581339,2017-12-24T15:24:40.513,SELL,1.1e-06,12530.73188925
4581340,2017-12-24T15:24:40.513,SELL,1.1e-06,18055.0041691
4581341,2017-12-24T15:24:40.543,SELL,1.1e-06,19547.392087
4581342,2017-12-24T15:24:40.607,SELL,1.1e-06,1579.8790625
4581346,2017-12-24T15:24:41.64,SELL,1.1e-06,10000.0
4581348,2017-12-24T15:24:41.67,SELL,1.1e-06,817.7246814
4581349,2017-12-24T15:24:41.67,BUY,1.11e-06,9796.875
4581350,2017-12-24T15:24:41.67,SELL,1.1e-06,30577.2753186
4581353,2017-12-24T15:24:42.043,SELL,1.1e-06,20000.0
4581359,2017-12-24T15:24:42.437,SELL,1.1e-06,2093.66521875
4581361,2017-12-24T15:24:42.467,SELL,1.1e-06,15682.57356522
4581364,2017-12-24T15:24:42.59,SELL,1.1e-06,231646.48589743
4581365,2017-12-24T15:24:42.59,SELL,1.1e-06,3201.0
4581366,2017-12-24T15:24:42.59,SELL,1.1e-06,2967.46275
4581367,2017-12-24T15:24:42.59,SELL,1.1e-06,4534.09090909
4581368,2017-12-24T15:24:42.59,SELL,1.1e-06,1000.0
4581369,2017-12-24T15:24:42.59,SELL,1.1e-06,2317.60963636
4581370,2017-12-24T15:24:42.59,SELL,1.1e-06,20000.0
4581371,2017-12-24T15:24:42.59,SELL,1.1e-06,64978.51022727
4581372,2017-12-24T15:24:42.59,SELL,1.1e-06,12267.69934091
4581373,2017-12-24T15:24:42.59,SELL,1.1e-06,117146.58136364
4581374,2017-12-24T15:24:42.59,SELL,1.1e-06,238800.61131818
4581375,2017-12-24T15:24:42.59,SELL,1.1e-06,1000.0
4581376,2017-12-24T15:24:42.59,SELL,1.1e-06,45340.90909091
4581377,2017-12-24T15:24:42.59,SELL,1.1e-06,7579.63977273
4581378,2017-12-24T15:24:42.59,SELL,1.1e-06,15000.0
4581379,2017-12-24T15:24:42.59,SELL,1.1e-06,73192.12472727
4581380,2017-12-24T15:24:42.59,SELL,1.1e-06,25000.0
4581381,2017-12-24T15:24:42.59,SELL,1.1e-06,4500.0
