31315094,2017-12-25T13:01:05.387,BUY,8.18e-05,81.6554954
31315113,2017-12-25T13:01:07.403,BUY,8.18e-05,7139.01886072
31315129,2017-12-25T13:01:08.497,SELL,8.2e-05,260.15508075
31315130,2017-12-25T13:01:08.59,SELL,8.2e-05,6656.87043629
31315134,2017-12-25T13:01:09.323,SELL,8.2e-05,117.04012381
31315146,2017-12-25T13:01:10.433,BUY,8.2e-05,2093.35672192
31315147,2017-12-25T13:01:10.433,BUY,8.238e-05,424.03675125
31315148,2017-12-25T13:01:10.433,BUY,8.238e-05,4167.58307796
31315151,2017-12-25T13:01:11.23,BUY,8.24e-05,376.18224583
31315163,2017-12-25T13:01:12.67,BUY,8.24e-05,155.54221243
31315172,2017-12-25T13:01:12.98,BUY,8.241e-05,657.8786972
31315173,2017-12-25T13:01:12.98,BUY,8.256e-05,638.29936531
31315174,2017-12-25T13:01:12.98,BUY,8.257e-05,988.14279249
31315175,2017-12-25T13:01:12.98,BUY,8.257e-05,1319.1276
31315176,2017-12-25T13:01:12.98,BUY,8.288e-05,36.4807839
31315177,2017-12-25T13:01:12.98,BUY,8.29e-05,3241.26676898
31315178,2017-12-25T13:01:12.98,BUY,8.298e-05,300.34
31315179,2017-12-25T13:01:12.98,BUY,8.298e-05,1698.13135542
31315180,2017-12-25T13:01:12.98,BUY,8.298e-05,2314.38515082
31315181,2017-12-25T13:01:12.98,BUY,8.299e-05,58.0965152
31315182,2017-12-25T13:01:12.98,BUY,8.3e-05,19.07843404
31315183,2017-12-25T13:01:12.98,BUY,8.3e-05,253.54157393
31315184,2017-12-25T13:01:12.98,BUY,8.3e-05,31.93023316
31315185,2017-12-25T13:01:12.98,BUY,8.3e-05,94.13780278
31315186,2017-12-25T13:01:12.98,BUY,8.3e-05,33.45929364
31315187,2017-12-25T13:01:13.2,SELL,8.333e-05,532.9260919
31315188,2017-12-25T13:01:13.247,SELL,8.333e-05,1721.154
31315192,2017-12-25T13:01:13.34,SELL,8.333e-05,239.4039778
31315194,2017-12-25T13:01:13.513,SELL,8.333e-05,77.07018456
31315208,2017-12-25T13:01:14.403,SELL,8.333e-05,9686.10701718
31315209,2017-12-25T13:01:14.403,SELL,8.326e-05,60.0528465
31315210,2017-12-25T13:01:14.403,SELL,8.238e-05,681.50914289
31315211,2017-12-25T13:01:14.403,SELL,8.211e-05,1672.45973729
31315212,2017-12-25T13:01:14.403,SELL,8.203e-05,4714.29374874
31315213,2017-12-25T13:01:14.403,SELL,8.2e-05,123.14814815
31315214,2017-12-25T13:01:14.403,SELL,8.181e-05,858.94011151
31315215,2017-12-25T13:01:14.403,SELL,8.18e-05,1308.91204218
31315216,2017-12-25T13:01:14.403,SELL,8.18e-05,4661.91978026
31315217,2017-12-25T13:01:14.403,SELL,8.18e-05,501.37959535
31315218,2017-12-25T13:01:14.403,SELL,8.18e-05,2787.96992847
31315219,2017-12-25T13:01:14.403,SELL,8.18e-05,1725.16744723
31315220,2017-12-25T13:01:14.403,SELL,8.18e-05,3658.33582303
31315221,2017-12-25T13:01:14.403,SELL,8.18e-05,446.21551256
31315222,2017-12-25T13:01:14.403,SELL,8.18e-05,3883.60931412
31315223,2017-12-25T13:01:14.42,SELL,8.179e-05,20.02963901
31315224,2017-12-25T13:01:14.42,SELL,8.179e-05,65.23858037
31315225,2017-12-25T13:01:14.42,SELL,8.173e-05,7232.61
31315226,2017-12-25T13:01:14.42,SELL,8.168e-05,305.16815209
31315228,2017-12-25T13:01:14.543,BUY,8.168e-05,6947.50579768
31315231,2017-12-25T13:01:14.763,BUY,8.168e-05,469.21890395
31315233,2017-12-25T13:01:14.777,BUY,8.168e-05,1210.189023
31315236,2017-12-25T13:01:14.823,BUY,8.168e-05,2059.45522166
31315239,2017-12-25T13:01:15.06,BUY,8.168e-05,175.0
31315243,2017-12-25T13:01:15.653,BUY,8.168e-05,2256.60533321
31315245,2017-12-25T13:01:15.73,BUY,8.168e-05,38.0
31315247,2017-12-25T13:01:15.87,BUY,8.168e-05,61.62397293
31315249,2017-12-25T13:01:15.95,BUY,8.168e-05,1218.91760117
31315258,2017-12-25T13:01:16.777,BUY,8.168e-05,1209.35926693
31315266,2017-12-25T13:01:17.607,BUY,8.168e-05,2897.685885
31315268,2017-12-25T13:01:17.683,BUY,8.168e-05,63.55528406
31315270,2017-12-25T13:01:18.043,BUY,8.168e-05,153.73794781
31315273,2017-12-25T13:01:18.357,BUY,8.168e-05,1081.426427
31315275,2017-12-25T13:01:18.37,BUY,8.168e-05,977.99561002
31315278,2017-12-25T13:01:18.637,BUY,8.168e-05,19186.62027553
31315282,2017-12-25T13:01:18.763,BUY,8.18e-05,44.5782979
31315283,2017-12-25T13:01:18.763,BUY,8.18e-05,3134.12987636
31315291,2017-12-25T13:01:19.84,BUY,8.18e-05,803.29192589
31315297,2017-12-25T13:01:20.31,BUY,8.18e-05,1406.222769
31315300,2017-12-25T13:01:20.323,BUY,8.18e-05,3752.65307602
31315301,2017-12-25T13:01:20.323,BUY,8.2e-05,457.96923289
31315302,2017-12-25T13:01:20.323,BUY,8.245e-05,240.00960038
31315303,2017-12-25T13:01:20.323,BUY,8.245e-05,240.00960038
31315304,2017-12-25T13:01:20.323,BUY,8.333e-05,6495.50022003
31315305,2017-12-25T13:01:20.323,BUY,8.333e-05,328.36883326
31315306,2017-12-25T13:01:20.323,BUY,8.333e-05,789.1415599
31315312,2017-12-25T13:01:20.7,SELL,8.333e-05,11175.30732697
31315316,2017-12-25T13:01:20.933,BUY,8.348e-05,491.84276048
31315322,2017-12-25T13:01:21.653,SELL,8.333e-05,461.99818848
31315324,2017-12-25T13:01:22.09,SELL,8.181e-05,774.35131307
31315326,2017-12-25T13:01:22.12,BUY,8.245e-05,2918.79308941
31315332,2017-12-25T13:01:22.637,BUY,8.245e-05,6389.237449
31315335,2017-12-25T13:01:22.84,BUY,8.244e-05,100.0
31315351,2017-12-25T13:01:24.06,SELL,8.232e-05,50.87116876
31315353,2017-12-25T13:01:24.217,BUY,8.244e-05,594.182336
31315356,2017-12-25T13:01:24.34,BUY,8.244e-05,1242.25177162
31315357,2017-12-25T13:01:24.34,BUY,8.245e-05,635.10675727
31315358,2017-12-25T13:01:24.34,BUY,8.333e-05,646.0092194
31315364,2017-12-25T13:01:25.17,BUY,8.33e-05,1146.49332905
31315365,2017-12-25T13:01:25.17,BUY,8.333e-05,1569.54668198
31315366,2017-12-25T13:01:25.17,BUY,8.333e-05,15.0
31315367,2017-12-25T13:01:25.17,BUY,8.35e-05,50.0
31315389,2017-12-25T13:01:27.683,BUY,8.3e-05,2722.07337073
31315390,2017-12-25T13:01:27.683,BUY,8.3e-05,1927.05052073
31315393,2017-12-25T13:01:28.31,SELL,8.24e-05,400.0
31315394,2017-12-25T13:01:28.31,SELL,8.24e-05,180.98961734
31315395,2017-12-25T13:01:28.31,SELL,8.233e-05,244.49877725
31315396,2017-12-25T13:01:28.31,SELL,8.233e-05,244.49877725
31315397,2017-12-25T13:01:28.31,SELL,8.232e-05,193.98681361
31315398,2017-12-25T13:01:28.327,SELL,8.2e-05,2207.10199543
31315399,2017-12-25T13:01:28.327,SELL,8.2e-05,424.28475481
31315417,2017-12-25T13:01:30.183,BUY,8.3e-05,271.29362531
31315439,2017-12-25T13:01:32.433,BUY,8.332e-05,187.82822531
31315441,2017-12-25T13:01:32.53,SELL,8.3e-05,266.625
31315513,2017-12-25T13:01:37.467,SELL,8.255e-05,52.14484688
31315518,2017-12-25T13:01:37.577,BUY,8.3e-05,104.66046416
31315525,2017-12-25T13:01:38.2,BUY,8.3e-05,348.17778143
31315526,2017-12-25T13:01:38.2,BUY,8.3e-05,1225.20250682
31315527,2017-12-25T13:01:38.217,BUY,8.332e-05,502.45691679
31315545,2017-12-25T13:01:39.293,BUY,8.332e-05,801.88843773
31315546,2017-12-25T13:01:39.293,BUY,8.333e-05,6179.34931703
31315547,2017-12-25T13:01:39.293,BUY,8.333e-05,160.36325574
31315555,2017-12-25T13:01:39.653,BUY,8.3e-05,891.75314725
31315559,2017-12-25T13:01:40.077,BUY,8.3e-05,2544.45400673
31315560,2017-12-25T13:01:40.077,BUY,8.3e-05,338.16331431
31315561,2017-12-25T13:01:40.077,BUY,8.332e-05,81.6554954
31315562,2017-12-25T13:01:40.077,BUY,8.347e-05,20.0
31315563,2017-12-25T13:01:40.077,BUY,8.35e-05,1393.02794179
31315564,2017-12-25T13:01:40.077,BUY,8.37e-05,570.0
31315565,2017-12-25T13:01:40.077,BUY,8.387e-05,949.55918739
31315579,2017-12-25T13:01:41.043,SELL,8.333e-05,774.35131307
31315588,2017-12-25T13:01:41.28,BUY,8.369e-05,190.98219405
31315595,2017-12-25T13:01:41.7,SELL,8.333e-05,1241.79883177
31315603,2017-12-25T13:01:43.31,BUY,8.392e-05,62.33095261
31315604,2017-12-25T13:01:43.31,BUY,8.394e-05,1937.66904739
31315612,2017-12-25T13:01:43.733,SELL,8.333e-05,55.23539858
31315621,2017-12-25T13:01:44.077,SELL,8.333e-05,291.25519662
31315622,2017-12-25T13:01:44.077,SELL,8.333e-05,708.74480338
31315630,2017-12-25T13:01:44.793,SELL,8.333e-05,67.866
31315634,2017-12-25T13:01:45.2,BUY,8.349e-05,500.0
31315636,2017-12-25T13:01:45.263,BUY,8.392e-05,20.602047
31315637,2017-12-25T13:01:45.357,SELL,8.387e-05,1315.08363381
31315645,2017-12-25T13:01:46.217,SELL,8.387e-05,7777.0
31315651,2017-12-25T13:01:46.42,SELL,8.387e-05,1238.05695042
31315652,2017-12-25T13:01:46.437,SELL,8.387e-05,1063.3402124
31315653,2017-12-25T13:01:46.437,SELL,8.35e-05,150.40255648
31315654,2017-12-25T13:01:46.437,SELL,8.333e-05,188.02891551
31315655,2017-12-25T13:01:46.437,SELL,8.332e-05,99.13610911
31315656,2017-12-25T13:01:46.53,SELL,8.332e-05,185.23210349
31315667,2017-12-25T13:01:47.357,SELL,8.349e-05,100.0
31315676,2017-12-25T13:01:47.95,BUY,8.39e-05,727.93362161
31315686,2017-12-25T13:01:49.483,BUY,8.387e-05,469.21890395
31315687,2017-12-25T13:01:49.483,BUY,8.389e-05,1530.78109605
31315692,2017-12-25T13:01:50.06,SELL,8.349e-05,81.51601164
31315693,2017-12-25T13:01:50.06,SELL,8.333e-05,100.0
31315694,2017-12-25T13:01:50.06,SELL,8.332e-05,364.76890619
31315695,2017-12-25T13:01:50.06,SELL,8.331e-05,2000.0
31315696,2017-12-25T13:01:50.06,SELL,8.33e-05,310.20856092
31315697,2017-12-25T13:01:50.06,SELL,8.303e-05,2869.22334717
31315702,2017-12-25T13:01:50.343,BUY,8.389e-05,282.12943912
31315704,2017-12-25T13:01:50.39,BUY,8.389e-05,839.22040137
31315705,2017-12-25T13:01:50.45,SELL,8.333e-05,46.58305035
31315706,2017-12-25T13:01:50.45,SELL,8.303e-05,141.73654684
31315707,2017-12-25T13:01:50.467,SELL,8.302e-05,441.05233903
31315709,2017-12-25T13:01:50.513,BUY,8.389e-05,500.0
31315711,2017-12-25T13:01:50.56,BUY,8.389e-05,1000.0
31315714,2017-12-25T13:01:50.797,BUY,8.389e-05,1697.88182785
31315732,2017-12-25T13:01:52.593,BUY,8.389e-05,149.45366024
31315748,2017-12-25T13:01:53.75,BUY,8.389e-05,992.05657537
31315749,2017-12-25T13:01:53.75,BUY,8.389e-05,501.37959535
31315750,2017-12-25T13:01:53.75,BUY,8.39e-05,1559.68236305
31315751,2017-12-25T13:01:53.75,BUY,8.39e-05,29.30696498
31315752,2017-12-25T13:01:53.78,SELL,8.349e-05,1308.91204218
31315771,2017-12-25T13:01:55.577,BUY,8.39e-05,1507.40144358
31315785,2017-12-25T13:01:57.03,SELL,8.389e-05,3567.1935907
31315786,2017-12-25T13:01:57.03,SELL,8.389e-05,360.86764849
31315787,2017-12-25T13:01:57.03,SELL,8.349e-05,753.24256346
31315788,2017-12-25T13:01:57.03,SELL,8.349e-05,6363.0928667
31315789,2017-12-25T13:01:57.03,SELL,8.349e-05,69.59919152
31315790,2017-12-25T13:01:57.03,SELL,8.346e-05,212.49799058
31315791,2017-12-25T13:01:57.03,SELL,8.333e-05,248.16190652
31315792,2017-12-25T13:01:57.03,SELL,8.333e-05,353.63481372
31315797,2017-12-25T13:01:57.64,BUY,8.333e-05,365.22117046
31315802,2017-12-25T13:01:58.077,SELL,8.309e-05,501.25132712
31315806,2017-12-25T13:01:58.36,BUY,8.333e-05,2924.77729849
31315807,2017-12-25T13:01:58.36,BUY,8.349e-05,47.17549145
31315810,2017-12-25T13:01:58.7,BUY,8.349e-05,218.02222464
31315811,2017-12-25T13:01:58.7,BUY,8.388e-05,34.06063228
31315812,2017-12-25T13:01:58.7,BUY,8.389e-05,48.13931329
31315820,2017-12-25T13:01:59.17,BUY,8.389e-05,515.39638861
31315821,2017-12-25T13:01:59.17,BUY,8.389e-05,280.98197329
31315822,2017-12-25T13:01:59.17,BUY,8.39e-05,3753.25648274
31315833,2017-12-25T13:02:00,BUY,8.383e-05,2190.64757804
31315836,2017-12-25T13:02:00.11,BUY,8.383e-05,65.95775517
31315837,2017-12-25T13:02:00.11,BUY,8.389e-05,122.24938875
31315838,2017-12-25T13:02:00.11,BUY,8.389e-05,122.24938875
31315839,2017-12-25T13:02:00.11,BUY,8.389e-05,101.02595094
31315841,2017-12-25T13:02:00.14,BUY,8.389e-05,21.22343781
31315842,2017-12-25T13:02:00.14,BUY,8.39e-05,128.24805627
31315848,2017-12-25T13:02:01.077,SELL,8.35e-05,9540.2103585
31315849,2017-12-25T13:02:01.14,SELL,8.35e-05,1734.9983861
31315852,2017-12-25T13:02:01.25,BUY,8.35e-05,164.4283399
31315853,2017-12-25T13:02:01.657,SELL,8.387e-05,229.04261488
31315854,2017-12-25T13:02:01.657,SELL,8.349e-05,71.44099267
31315856,2017-12-25T13:02:01.907,BUY,8.309e-05,138.96646727
31315858,2017-12-25T13:02:02.06,BUY,8.309e-05,440.7347639
31315860,2017-12-25T13:02:02.06,BUY,8.389e-05,122.24938875
31315861,2017-12-25T13:02:02.06,BUY,8.39e-05,201.48144885
31315865,2017-12-25T13:02:02.187,BUY,8.39e-05,59.70180903
31315869,2017-12-25T13:02:02.31,BUY,8.389e-05,15.49648349
31315871,2017-12-25T13:02:02.42,BUY,8.389e-05,105.32023754
31315872,2017-12-25T13:02:02.64,SELL,8.389e-05,61.78942165
31315875,2017-12-25T13:02:02.907,SELL,8.389e-05,552.93791574
31315876,2017-12-25T13:02:03,SELL,8.389e-05,53.67243426
31315911,2017-12-25T13:02:06.547,BUY,8.39e-05,2462.59280777
31315920,2017-12-25T13:02:07.483,BUY,8.387e-05,42.65272456
31315922,2017-12-25T13:02:07.513,BUY,8.387e-05,177.6895135
31315923,2017-12-25T13:02:07.513,BUY,8.387e-05,609.05503292
31315926,2017-12-25T13:02:07.92,SELL,8.35e-05,681.50914289
31315927,2017-12-25T13:02:08,SELL,8.35e-05,428.33478393
31315929,2017-12-25T13:02:08.22,BUY,8.343e-05,549.66082609
31315933,2017-12-25T13:02:08.937,SELL,8.35e-05,123.82367508
31315935,2017-12-25T13:02:09.077,BUY,8.387e-05,236.14411712
31315942,2017-12-25T13:02:09.72,SELL,8.35e-05,276.4267255
31315948,2017-12-25T13:02:10.233,BUY,8.387e-05,49.50305999
31315951,2017-12-25T13:02:10.36,SELL,8.35e-05,131.04728616
31315953,2017-12-25T13:02:10.39,BUY,8.387e-05,547.48133837
31315958,2017-12-25T13:02:10.873,SELL,8.35e-05,423.22322489
31315959,2017-12-25T13:02:10.873,SELL,8.334e-05,657.8786972
31315962,2017-12-25T13:02:11.11,BUY,8.334e-05,198.70454971
31315965,2017-12-25T13:02:11.593,BUY,8.334e-05,142.09440935
31315967,2017-12-25T13:02:11.827,BUY,8.334e-05,78.09911885
31315968,2017-12-25T13:02:11.827,BUY,8.387e-05,5497.2597723
31315969,2017-12-25T13:02:11.827,BUY,8.387e-05,612.74609803
31315970,2017-12-25T13:02:11.827,BUY,8.387e-05,28.47583949
31315971,2017-12-25T13:02:11.827,BUY,8.389e-05,357.60431192
31315972,2017-12-25T13:02:11.827,BUY,8.39e-05,64.08891084
31315973,2017-12-25T13:02:11.827,BUY,8.39e-05,1506.20239149
31315975,2017-12-25T13:02:12.06,SELL,8.39e-05,13.89587481
31315987,2017-12-25T13:02:12.907,SELL,8.39e-05,2627.26594599
31316000,2017-12-25T13:02:15.877,BUY,8.394e-05,1065.70933053
31316001,2017-12-25T13:02:15.953,SELL,8.396e-05,34.88372092
31316003,2017-12-25T13:02:15.97,BUY,8.398e-05,97.95444316
31316004,2017-12-25T13:02:15.97,BUY,8.398e-05,141.20670417
31316005,2017-12-25T13:02:15.97,BUY,8.398e-05,588.15147402
31316006,2017-12-25T13:02:15.97,BUY,8.398e-05,491.84276048
31316008,2017-12-25T13:02:15.97,BUY,8.398e-05,998.41585497
31316009,2017-12-25T13:02:15.97,BUY,8.399e-05,4185.1169172
31316011,2017-12-25T13:02:15.97,BUY,8.399e-05,14938.35461289
31316012,2017-12-25T13:02:15.97,BUY,8.399e-05,248.69109948
31316013,2017-12-25T13:02:15.97,BUY,8.4e-05,49.82321453
31316014,2017-12-25T13:02:15.97,BUY,8.4e-05,140.44131968
31316015,2017-12-25T13:02:15.97,BUY,8.4e-05,425.0
31316016,2017-12-25T13:02:15.97,BUY,8.4e-05,500.0
31316017,2017-12-25T13:02:15.97,BUY,8.4e-05,9034.27844117
31316020,2017-12-25T13:02:16.233,SELL,8.396e-05,485.217794
31316023,2017-12-25T13:02:16.733,SELL,8.396e-05,1198.49439454
31316024,2017-12-25T13:02:16.733,SELL,8.394e-05,44.82894551
31316027,2017-12-25T13:02:16.953,SELL,8.394e-05,50.17105449
31316028,2017-12-25T13:02:16.953,SELL,8.39e-05,1763.48859802
31316029,2017-12-25T13:02:16.953,SELL,8.39e-05,212.73944526
31316032,2017-12-25T13:02:17.22,SELL,8.39e-05,2165.09130563
31316036,2017-12-25T13:02:17.75,BUY,8.39e-05,2549.20244311
31316039,2017-12-25T13:02:17.86,SELL,8.39e-05,450.79755689
31316042,2017-12-25T13:02:18.157,BUY,8.39e-05,11497.95095324
31316043,2017-12-25T13:02:18.157,BUY,8.394e-05,1000.0
31316044,2017-12-25T13:02:18.157,BUY,8.4e-05,2900.24536835
31316054,2017-12-25T13:02:18.627,SELL,8.39e-05,1908.66327232
31316062,2017-12-25T13:02:19.703,BUY,8.413e-05,2936.95927778
31316063,2017-12-25T13:02:20.047,SELL,8.4e-05,2684.99798123
31316064,2017-12-25T13:02:20.047,SELL,8.39e-05,806.01594144
31316065,2017-12-25T13:02:20.047,SELL,8.389e-05,2446.79544314
31316066,2017-12-25T13:02:20.047,SELL,8.387e-05,24972.32488113
31316067,2017-12-25T13:02:20.047,SELL,8.387e-05,1000.0
31316068,2017-12-25T13:02:20.047,SELL,8.387e-05,305.62011568
31316069,2017-12-25T13:02:20.047,SELL,8.351e-05,657.8786972
31316070,2017-12-25T13:02:20.047,SELL,8.35e-05,37.8723849
31316071,2017-12-25T13:02:20.047,SELL,8.35e-05,12.55308952
31316072,2017-12-25T13:02:20.047,SELL,8.333e-05,1081.65169926
31316073,2017-12-25T13:02:20.047,SELL,8.333e-05,176.0564453
31316074,2017-12-25T13:02:20.047,SELL,8.333e-05,10160.31533255
31316077,2017-12-25T13:02:20.517,SELL,8.4e-05,30.304411
31316079,2017-12-25T13:02:20.64,BUY,8.413e-05,215.94931276
31316080,2017-12-25T13:02:20.767,SELL,8.4e-05,231.38478307
31316099,2017-12-25T13:02:22.407,BUY,8.413e-05,4109.372786
31316100,2017-12-25T13:02:22.407,BUY,8.413e-05,2394.79131333
31316101,2017-12-25T13:02:22.407,BUY,8.426e-05,58.89509635
31316102,2017-12-25T13:02:22.407,BUY,8.428e-05,2056.22094774
31316103,2017-12-25T13:02:22.407,BUY,8.43e-05,3914.79325
31316104,2017-12-25T13:02:22.407,BUY,8.44e-05,3099.05448425
31316109,2017-12-25T13:02:22.813,SELL,8.413e-05,256.76925975
31316111,2017-12-25T13:02:22.937,BUY,8.44e-05,74.60401129
31316112,2017-12-25T13:02:22.953,SELL,8.413e-05,292.86904243
31316118,2017-12-25T13:02:23.407,SELL,8.413e-05,286.69777772
31316119,2017-12-25T13:02:23.53,SELL,8.413e-05,642.70786445
31316120,2017-12-25T13:02:23.53,SELL,8.413e-05,1009.68997835
31316123,2017-12-25T13:02:23.703,BUY,8.44e-05,540.0
31316140,2017-12-25T13:02:25.22,SELL,8.413e-05,505.1763682
31316141,2017-12-25T13:02:25.22,SELL,8.413e-05,35.90712743
31316142,2017-12-25T13:02:25.22,SELL,8.413e-05,353.52713063
31316143,2017-12-25T13:02:25.22,SELL,8.413e-05,93.17879673
31316144,2017-12-25T13:02:25.22,SELL,8.413e-05,327.64240937
31316145,2017-12-25T13:02:25.22,SELL,8.4e-05,315.28046685
31316156,2017-12-25T13:02:26.093,BUY,8.44e-05,1108.70290097
31316160,2017-12-25T13:02:26.61,BUY,8.44e-05,136.29551713
31316163,2017-12-25T13:02:26.783,BUY,8.44e-05,990.0
31316168,2017-12-25T13:02:27.39,BUY,8.439e-05,44.72840043
31316170,2017-12-25T13:02:27.58,BUY,8.439e-05,18.62228746
31316172,2017-12-25T13:02:27.61,BUY,8.439e-05,1492.64051391
31316173,2017-12-25T13:02:27.61,BUY,8.44e-05,657.49594609
31316184,2017-12-25T13:02:28.14,BUY,8.44e-05,333.29046097
31316185,2017-12-25T13:02:28.14,BUY,8.443e-05,124.6875
31316186,2017-12-25T13:02:28.14,BUY,8.45e-05,1163.47343714
31316189,2017-12-25T13:02:28.36,BUY,8.439e-05,124.6875
31316229,2017-12-25T13:02:31.143,SELL,8.394e-05,2612.99688259
31316230,2017-12-25T13:02:31.143,SELL,8.394e-05,163.47361284
31316231,2017-12-25T13:02:31.143,SELL,8.394e-05,236.17225699
31316232,2017-12-25T13:02:31.143,SELL,8.394e-05,2579.52010609
31316233,2017-12-25T13:02:31.143,SELL,8.39e-05,3281.41398589
31316234,2017-12-25T13:02:31.143,SELL,8.39e-05,50.86782447
31316235,2017-12-25T13:02:31.143,SELL,8.39e-05,5388.41454171
31316236,2017-12-25T13:02:31.143,SELL,8.39e-05,103.89099225
31316237,2017-12-25T13:02:31.143,SELL,8.334e-05,7217.056
31316238,2017-12-25T13:02:31.143,SELL,8.333e-05,1810.19700394
31316240,2017-12-25T13:02:31.517,BUY,8.333e-05,23.77273267
31316243,2017-12-25T13:02:31.597,BUY,8.333e-05,35.90304382
31316249,2017-12-25T13:02:32,BUY,8.333e-05,947.86779857
31316252,2017-12-25T13:02:32.127,BUY,8.333e-05,827.06195592
31316255,2017-12-25T13:02:32.19,BUY,8.333e-05,962.231
31316258,2017-12-25T13:02:32.3,BUY,8.333e-05,5937.5
31316263,2017-12-25T13:02:32.393,BUY,8.333e-05,2000.0
31316265,2017-12-25T13:02:32.453,BUY,8.333e-05,562.54157505
31316267,2017-12-25T13:02:32.597,BUY,8.333e-05,651.78475611
31316271,2017-12-25T13:02:33.173,BUY,8.333e-05,3522.81057533
31316272,2017-12-25T13:02:33.173,BUY,8.45e-05,2870.18954027
31316280,2017-12-25T13:02:33.72,BUY,8.449e-05,657.8786972
31316281,2017-12-25T13:02:33.72,BUY,8.45e-05,2.79116907
31316290,2017-12-25T13:02:34.313,SELL,8.44e-05,288.8962428
31316291,2017-12-25T13:02:34.313,SELL,8.333e-05,140.93734821
31316292,2017-12-25T13:02:34.313,SELL,8.333e-05,514.66629238
31316293,2017-12-25T13:02:34.313,SELL,8.333e-05,432.88287029
31316294,2017-12-25T13:02:34.313,SELL,8.314e-05,1166.82430342
31316307,2017-12-25T13:02:35.453,BUY,8.44e-05,17.77251184
31316317,2017-12-25T13:02:36.36,BUY,8.443e-05,41.1708008
31316323,2017-12-25T13:02:36.61,BUY,8.443e-05,3529.41176471
31316331,2017-12-25T13:02:37.143,BUY,8.443e-05,742.391914
31316339,2017-12-25T13:02:38.58,BUY,8.443e-05,1335.546357
31316342,2017-12-25T13:02:38.673,SELL,8.44e-05,592.41806161
31316349,2017-12-25T13:02:39.347,BUY,8.44e-05,141.15382106
31316354,2017-12-25T13:02:40.05,SELL,8.413e-05,226.70768646
31316368,2017-12-25T13:02:41.55,BUY,8.437e-05,30.0
31316374,2017-12-25T13:02:42.16,SELL,8.413e-05,423.29231354
31316381,2017-12-25T13:02:43.063,BUY,8.413e-05,567.25697304
31316387,2017-12-25T13:02:43.533,BUY,8.413e-05,194.37582938
31316390,2017-12-25T13:02:43.58,BUY,8.413e-05,275.28910562
31316395,2017-12-25T13:02:43.83,BUY,8.413e-05,21.32701421
31316401,2017-12-25T13:02:44.41,BUY,8.413e-05,733.64512613
31316403,2017-12-25T13:02:44.533,BUY,8.413e-05,79.01998558
31316406,2017-12-25T13:02:44.813,SELL,8.401e-05,592.83622632
31316416,2017-12-25T13:02:45.813,BUY,8.401e-05,489.89603685
31316417,2017-12-25T13:02:45.813,BUY,8.413e-05,3602.65359812
31316418,2017-12-25T13:02:45.813,BUY,8.413e-05,215.94931276
31316419,2017-12-25T13:02:45.813,BUY,8.413e-05,727.93362161
31316420,2017-12-25T13:02:45.813,BUY,8.413e-05,307.45372593
31316421,2017-12-25T13:02:45.83,SELL,8.413e-05,1592.07772905
31316422,2017-12-25T13:02:45.94,SELL,8.342e-05,2432.05225993
31316424,2017-12-25T13:02:46.22,BUY,8.4e-05,118.70834635
31316435,2017-12-25T13:02:46.923,BUY,8.4e-05,351.55606475
31316438,2017-12-25T13:02:47.377,BUY,8.4e-05,20.0
31316442,2017-12-25T13:02:47.517,BUY,8.4e-05,551.87764571
31316446,2017-12-25T13:02:47.83,BUY,8.4e-05,356.67461263
31316448,2017-12-25T13:02:48.017,BUY,8.4e-05,875.29783854
31316453,2017-12-25T13:02:48.22,BUY,8.4e-05,89.32313765
31316466,2017-12-25T13:02:49.313,BUY,8.4e-05,6202.80353125
31316473,2017-12-25T13:02:49.783,BUY,8.4e-05,50.0
31316475,2017-12-25T13:02:49.877,BUY,8.4e-05,352.7885031
31316476,2017-12-25T13:02:49.877,BUY,8.4e-05,47.2114969
31316479,2017-12-25T13:02:50.097,BUY,8.4e-05,2860.16835069
31316482,2017-12-25T13:02:50.237,BUY,8.4e-05,64.16977434
31316486,2017-12-25T13:02:50.423,SELL,8.35e-05,19.64335329
31316487,2017-12-25T13:02:50.423,SELL,8.346e-05,47.46330923
31316489,2017-12-25T13:02:50.533,BUY,8.4e-05,914.27105005
31316493,2017-12-25T13:02:50.97,SELL,8.347e-05,2995.08805559
31316494,2017-12-25T13:02:50.97,SELL,8.346e-05,7014.05269077
31316495,2017-12-25T13:02:50.97,SELL,8.344e-05,390.7239182
31316499,2017-12-25T13:02:51.533,BUY,8.398e-05,38.0
31316500,2017-12-25T13:02:51.533,BUY,8.399e-05,214.70668566
31316501,2017-12-25T13:02:51.55,SELL,8.345e-05,256.44313373
31316504,2017-12-25T13:02:51.83,SELL,8.345e-05,50.86782447
31316506,2017-12-25T13:02:52.08,BUY,8.396e-05,17.8295495
31316508,2017-12-25T13:02:52.22,SELL,8.386e-05,23.0
31316512,2017-12-25T13:02:52.72,BUY,8.346e-05,349.84446988
31316514,2017-12-25T13:02:53.067,BUY,8.346e-05,79.93678571
31316517,2017-12-25T13:02:53.3,BUY,8.346e-05,356.57261607
31316520,2017-12-25T13:02:53.69,SELL,8.345e-05,5847.9230418
31316521,2017-12-25T13:02:53.69,SELL,8.343e-05,678.59764468
31316522,2017-12-25T13:02:53.69,SELL,8.341e-05,2876.6254846
31316523,2017-12-25T13:02:53.69,SELL,8.34e-05,252.65305339
31316531,2017-12-25T13:02:54.863,BUY,8.343e-05,1319.740447
31316533,2017-12-25T13:02:54.91,BUY,8.343e-05,381.7453875
31316535,2017-12-25T13:02:54.927,BUY,8.343e-05,24.560481
31316537,2017-12-25T13:02:55.097,BUY,8.343e-05,188.75554539
31316538,2017-12-25T13:02:55.097,BUY,8.344e-05,320.57757336
31316540,2017-12-25T13:02:55.283,BUY,8.344e-05,444.56407116
31316541,2017-12-25T13:02:55.283,BUY,8.345e-05,773.72000919
31316542,2017-12-25T13:02:55.283,BUY,8.346e-05,525.89441965
31316543,2017-12-25T13:02:55.487,SELL,8.34e-05,834.96467378
31316548,2017-12-25T13:02:56.427,BUY,8.346e-05,441.736756
31316550,2017-12-25T13:02:56.487,BUY,8.346e-05,27.45054031
31316554,2017-12-25T13:02:57.44,SELL,8.34e-05,6712.26821667
31316555,2017-12-25T13:02:57.533,SELL,8.34e-05,1100.79531335
31316556,2017-12-25T13:02:57.533,SELL,8.34e-05,1844.5719432
31316563,2017-12-25T13:02:58.723,BUY,8.34e-05,332.40309939
31316565,2017-12-25T13:02:58.737,BUY,8.34e-05,1516.375
31316566,2017-12-25T13:02:59.177,SELL,8.335e-05,267.40359928
31316567,2017-12-25T13:02:59.177,SELL,8.335e-05,27.31431768
31316568,2017-12-25T13:02:59.177,SELL,8.334e-05,592.0117097
31316569,2017-12-25T13:02:59.177,SELL,8.333e-05,166.17929555
31316570,2017-12-25T13:02:59.177,SELL,8.333e-05,2262.41379335
31316571,2017-12-25T13:02:59.177,SELL,8.321e-05,267.154779
31316572,2017-12-25T13:02:59.177,SELL,8.32e-05,19.73383504
31316573,2017-12-25T13:02:59.177,SELL,8.315e-05,986.3733504
31316577,2017-12-25T13:02:59.8,BUY,8.34e-05,286.56272661
31316579,2017-12-25T13:02:59.83,BUY,8.34e-05,20.20682277
31316583,2017-12-25T13:03:00.19,BUY,8.34e-05,130.02423257
31316585,2017-12-25T13:03:00.66,BUY,8.333e-05,33.3815269
31316586,2017-12-25T13:03:00.66,BUY,8.334e-05,1022.32127834
31316587,2017-12-25T13:03:00.66,BUY,8.34e-05,81.80197107
31316589,2017-12-25T13:03:00.88,BUY,8.34e-05,40.58695932
31316590,2017-12-25T13:03:00.88,BUY,8.34e-05,256.42811733
31316591,2017-12-25T13:03:00.88,BUY,8.34e-05,302.1805422
31316593,2017-12-25T13:03:01.02,BUY,8.34e-05,35.65909901
31316595,2017-12-25T13:03:01.253,BUY,8.34e-05,757.9761311
31316597,2017-12-25T13:03:01.3,BUY,8.34e-05,114.04785398
31316637,2017-12-25T13:03:04.143,SELL,8.3e-05,3134.16170417
31316640,2017-12-25T13:03:04.19,BUY,8.3e-05,804.62943361
31316644,2017-12-25T13:03:04.363,BUY,8.3e-05,553.08862137
31316646,2017-12-25T13:03:04.473,BUY,8.3e-05,119.60431655
31316650,2017-12-25T13:03:04.88,BUY,8.3e-05,31.16384993
31316656,2017-12-25T13:03:05.287,SELL,8.255e-05,9607.59521875
31316663,2017-12-25T13:03:05.69,BUY,8.3e-05,66.00130674
31316666,2017-12-25T13:03:05.91,SELL,8.262e-05,60.51803437
31316667,2017-12-25T13:03:05.91,SELL,8.255e-05,35.28845526
31316672,2017-12-25T13:03:05.973,BUY,8.25e-05,50.0
31316676,2017-12-25T13:03:06.19,BUY,8.25e-05,331.6168958
31316678,2017-12-25T13:03:06.347,BUY,8.25e-05,2222.57661457
31316679,2017-12-25T13:03:06.347,BUY,8.3e-05,331.6168958
31316688,2017-12-25T13:03:06.537,BUY,8.3e-05,1327.76915987
31316698,2017-12-25T13:03:07.207,BUY,8.299e-05,18.54322882
31316699,2017-12-25T13:03:07.207,BUY,8.3e-05,226.17801818
31316704,2017-12-25T13:03:07.363,BUY,8.3e-05,20.28492318
31316716,2017-12-25T13:03:08.49,BUY,8.299e-05,1063.23272719
31316717,2017-12-25T13:03:08.49,BUY,8.299e-05,937.09892181
31316719,2017-12-25T13:03:08.817,SELL,8.256e-05,540.0
31316722,2017-12-25T13:03:08.957,SELL,8.256e-05,177.6182047
31316724,2017-12-25T13:03:09.27,BUY,8.298e-05,12.56123602
31316725,2017-12-25T13:03:09.27,BUY,8.299e-05,5.20474434
31316726,2017-12-25T13:03:09.27,BUY,8.3e-05,182.23401964
31316727,2017-12-25T13:03:09.27,SELL,8.256e-05,18.005041
31316730,2017-12-25T13:03:09.473,BUY,8.3e-05,617.68913053
31316732,2017-12-25T13:03:09.77,BUY,8.3e-05,29.64181742
31316743,2017-12-25T13:03:11.253,BUY,8.298e-05,46.22419853
31316746,2017-12-25T13:03:11.567,SELL,8.257e-05,46.55657063
31316747,2017-12-25T13:03:11.567,SELL,8.256e-05,117.16590307
31316748,2017-12-25T13:03:11.567,SELL,8.25e-05,278.71303466
31316750,2017-12-25T13:03:11.723,SELL,8.25e-05,340.4610475
31316752,2017-12-25T13:03:11.77,BUY,8.298e-05,770.17944975
31316753,2017-12-25T13:03:11.77,BUY,8.299e-05,313.42617964
31316754,2017-12-25T13:03:11.77,BUY,8.3e-05,7624.39558554
31316759,2017-12-25T13:03:12.55,SELL,8.251e-05,1104.99643508
31316765,2017-12-25T13:03:12.99,BUY,8.256e-05,63.58422777
31316774,2017-12-25T13:03:13.85,BUY,8.256e-05,0.15935897
31316775,2017-12-25T13:03:13.85,BUY,8.297e-05,2329.50037144
31316776,2017-12-25T13:03:13.85,BUY,8.3e-05,3679.37641417
31316777,2017-12-25T13:03:14.427,SELL,8.255e-05,965.2602594
31316778,2017-12-25T13:03:14.427,SELL,8.251e-05,57.06101894
31316779,2017-12-25T13:03:14.457,SELL,8.251e-05,398.73659951
31316785,2017-12-25T13:03:15.27,SELL,8.25e-05,14.1805248
31316786,2017-12-25T13:03:15.287,SELL,8.25e-05,63.11267826
31316789,2017-12-25T13:03:15.817,SELL,8.25e-05,3592.25853149
31316790,2017-12-25T13:03:15.817,SELL,8.25e-05,175.57379279
31316791,2017-12-25T13:03:15.817,SELL,8.245e-05,604.91206792
31316792,2017-12-25T13:03:15.817,SELL,8.245e-05,33.51454821
31316793,2017-12-25T13:03:15.817,SELL,8.245e-05,695.38777415
31316795,2017-12-25T13:03:16.253,BUY,8.251e-05,63.58422777
31316799,2017-12-25T13:03:16.567,BUY,8.251e-05,1281.61577411
31316801,2017-12-25T13:03:16.613,BUY,8.251e-05,850.91559664
31316802,2017-12-25T13:03:16.613,BUY,8.296e-05,550.08440336
31316804,2017-12-25T13:03:16.63,BUY,8.296e-05,353.1666614
31316808,2017-12-25T13:03:16.927,BUY,8.296e-05,1829.32022056
31316811,2017-12-25T13:03:17.02,BUY,8.256e-05,22.640853
31316815,2017-12-25T13:03:17.473,BUY,8.256e-05,1211.24030633
31316818,2017-12-25T13:03:17.787,BUY,8.251e-05,1844.5719432
31316819,2017-12-25T13:03:17.787,BUY,8.256e-05,7168.9895475
31316821,2017-12-25T13:03:17.8,BUY,8.256e-05,121.689164
31316827,2017-12-25T13:03:18.317,SELL,8.25e-05,596.21778886
31316831,2017-12-25T13:03:19.333,BUY,8.251e-05,86.43079678
31316833,2017-12-25T13:03:19.457,BUY,8.256e-05,318.4618496
31316837,2017-12-25T13:03:20.24,SELL,8.256e-05,86.4307974
31316838,2017-12-25T13:03:20.24,SELL,8.256e-05,104.55139665
31316841,2017-12-25T13:03:20.52,BUY,8.296e-05,55.20884152
31316842,2017-12-25T13:03:20.753,SELL,8.256e-05,110.96042411
31316843,2017-12-25T13:03:20.91,SELL,8.256e-05,24.65787202
31316846,2017-12-25T13:03:21.177,SELL,8.256e-05,3013.30536956
31316847,2017-12-25T13:03:21.177,SELL,8.256e-05,706.58117303
31316848,2017-12-25T13:03:21.177,SELL,8.252e-05,6441.38164013
31316849,2017-12-25T13:03:21.177,SELL,8.25e-05,1782.62670398
31316852,2017-12-25T13:03:21.27,BUY,8.296e-05,131.34960144
31316853,2017-12-25T13:03:21.27,BUY,8.296e-05,131.8758638
31316858,2017-12-25T13:03:21.753,SELL,8.296e-05,51.44759175
31316865,2017-12-25T13:03:22.52,SELL,8.25e-05,4408.99017829
31316869,2017-12-25T13:03:23.24,BUY,8.251e-05,294.68893716
31316870,2017-12-25T13:03:23.24,BUY,8.256e-05,65.72517325
31316876,2017-12-25T13:03:25.16,SELL,8.256e-05,597.49436264
31316878,2017-12-25T13:03:25.3,SELL,8.256e-05,18.05452
31316882,2017-12-25T13:03:25.693,BUY,8.296e-05,49.50305999
31316883,2017-12-25T13:03:25.693,BUY,8.296e-05,183.92503589
31316884,2017-12-25T13:03:25.693,BUY,8.298e-05,1446.72110252
31316887,2017-12-25T13:03:26.253,SELL,8.256e-05,340.09146454
31316888,2017-12-25T13:03:26.253,SELL,8.256e-05,100.0
31316889,2017-12-25T13:03:26.253,SELL,8.251e-05,153.17420906
31316890,2017-12-25T13:03:26.253,SELL,8.25e-05,5267.9651564
31316892,2017-12-25T13:03:26.74,SELL,8.25e-05,91.36409583
31316893,2017-12-25T13:03:27.473,SELL,8.25e-05,451.3085944
31316896,2017-12-25T13:03:27.583,BUY,8.256e-05,120.48192771
31316897,2017-12-25T13:03:27.723,SELL,8.25e-05,379.66955874
31316899,2017-12-25T13:03:27.787,BUY,8.25e-05,3050.67511351
31316900,2017-12-25T13:03:27.8,BUY,8.256e-05,1344.96496139
31316901,2017-12-25T13:03:27.8,BUY,8.298e-05,512.59901538
31316902,2017-12-25T13:03:27.8,BUY,8.298e-05,334.02773996
31316904,2017-12-25T13:03:27.96,BUY,8.298e-05,31.59010163
31316908,2017-12-25T13:03:28.333,BUY,8.298e-05,84.14678236
31316913,2017-12-25T13:03:29.13,BUY,8.298e-05,313.3056353
31316914,2017-12-25T13:03:29.13,BUY,8.298e-05,589.90861822
31316924,2017-12-25T13:03:31.177,SELL,8.245e-05,77.419355
31316925,2017-12-25T13:03:31.397,SELL,8.245e-05,242.50837227
31316926,2017-12-25T13:03:31.397,SELL,8.245e-05,37.86415356
31316930,2017-12-25T13:03:31.49,BUY,8.25e-05,1072.20907766
31316931,2017-12-25T13:03:31.49,BUY,8.256e-05,1034.44595841
31316932,2017-12-25T13:03:31.49,BUY,8.256e-05,184.11502672
31316934,2017-12-25T13:03:31.6,BUY,8.256e-05,46.95503316
31316935,2017-12-25T13:03:31.6,BUY,8.256e-05,1750.25372067
31316936,2017-12-25T13:03:31.6,BUY,8.297e-05,111.11090201
31316944,2017-12-25T13:03:32.257,SELL,8.256e-05,114.34036033
31316945,2017-12-25T13:03:32.257,SELL,8.25e-05,106.31075042
31316946,2017-12-25T13:03:32.257,SELL,8.245e-05,182.44145795
31316947,2017-12-25T13:03:32.257,SELL,8.245e-05,951.5789733
31316954,2017-12-25T13:03:33.41,BUY,8.297e-05,226.03367174
31316956,2017-12-25T13:03:33.567,BUY,8.297e-05,69.39231819
31316958,2017-12-25T13:03:33.63,BUY,8.297e-05,42.17883827
31316959,2017-12-25T13:03:33.677,SELL,8.256e-05,91.5871009
31316970,2017-12-25T13:03:35.897,SELL,8.256e-05,217.16134653
31316971,2017-12-25T13:03:35.897,SELL,8.25e-05,156.93771631
31316972,2017-12-25T13:03:35.897,SELL,8.25e-05,121.21212121
31316973,2017-12-25T13:03:35.897,SELL,8.25e-05,4.68881595
31316975,2017-12-25T13:03:35.943,BUY,8.297e-05,120.51096649
31316984,2017-12-25T13:03:36.647,SELL,8.25e-05,116.52330526
31316985,2017-12-25T13:03:36.647,SELL,8.25e-05,121.21212121
31316986,2017-12-25T13:03:36.647,SELL,8.25e-05,121.21212121
31316987,2017-12-25T13:03:36.647,SELL,8.25e-05,40.62091832
31316990,2017-12-25T13:03:37.96,SELL,8.25e-05,38.540122
31316996,2017-12-25T13:03:39.223,BUY,8.297e-05,283.35752568
31316999,2017-12-25T13:03:39.867,SELL,8.25e-05,42.05108089
31317000,2017-12-25T13:03:40.083,SELL,8.245e-05,686.47991223
31317001,2017-12-25T13:03:40.083,SELL,8.245e-05,1000.0
31317002,2017-12-25T13:03:40.083,SELL,8.245e-05,250.0
31317003,2017-12-25T13:03:40.083,SELL,8.245e-05,686.85345664
31317004,2017-12-25T13:03:40.083,SELL,8.245e-05,2178.29222431
31317005,2017-12-25T13:03:40.083,SELL,8.213e-05,869.19739021
31317008,2017-12-25T13:03:40.507,SELL,8.212e-05,62.1042377
31317009,2017-12-25T13:03:40.507,SELL,8.212e-05,1102.39063811
31317010,2017-12-25T13:03:40.507,SELL,8.212e-05,82.63425702
31317019,2017-12-25T13:03:42.037,BUY,8.212e-05,251.64834069
31317025,2017-12-25T13:03:43.07,SELL,8.205e-05,1582.07124369
31317026,2017-12-25T13:03:43.07,SELL,8.203e-05,71.12066147
31317027,2017-12-25T13:03:43.07,SELL,8.202e-05,203.6349366
31317028,2017-12-25T13:03:43.07,SELL,8.202e-05,1219.21482565
31317029,2017-12-25T13:03:43.07,SELL,8.201e-05,39.09042173
31317030,2017-12-25T13:03:43.07,SELL,8.201e-05,149.54213052
31317031,2017-12-25T13:03:43.07,SELL,8.201e-05,628.99387056
31317032,2017-12-25T13:03:43.07,SELL,8.201e-05,482.96634343
31317033,2017-12-25T13:03:43.07,SELL,8.201e-05,501.89590661
31317034,2017-12-25T13:03:43.07,SELL,8.201e-05,915.92927691
31317035,2017-12-25T13:03:43.07,SELL,8.2e-05,453.78894227
31317036,2017-12-25T13:03:43.07,SELL,8.2e-05,6290.43323089
31317040,2017-12-25T13:03:43.647,SELL,8.2e-05,12164.71017578
31317043,2017-12-25T13:03:44.02,BUY,8.212e-05,152.39031377
31317044,2017-12-25T13:03:44.02,BUY,8.213e-05,847.60968623
31317048,2017-12-25T13:03:44.27,SELL,8.212e-05,243.54653019
31317049,2017-12-25T13:03:44.27,SELL,8.2e-05,374.75413284
31317053,2017-12-25T13:03:44.647,BUY,8.21e-05,98.11046511
31317055,2017-12-25T13:03:45.053,SELL,8.2e-05,9366.0
31317057,2017-12-25T13:03:45.287,SELL,8.2e-05,13586.03984511
31317058,2017-12-25T13:03:45.367,SELL,8.2e-05,6502.688154
31317063,2017-12-25T13:03:45.74,BUY,8.21e-05,360.75953489
31317064,2017-12-25T13:03:45.74,BUY,8.213e-05,3722.86805447
31317066,2017-12-25T13:03:45.833,SELL,8.2e-05,3960.1628802
31317067,2017-12-25T13:03:45.943,SELL,8.2e-05,12804.70940466
31317068,2017-12-25T13:03:45.943,SELL,8.2e-05,615.74074074
31317069,2017-12-25T13:03:45.943,SELL,8.2e-05,235.50270664
31317070,2017-12-25T13:03:45.943,SELL,8.2e-05,809.38580377
31317071,2017-12-25T13:03:45.943,SELL,8.2e-05,1455.14494252
31317073,2017-12-25T13:03:45.943,BUY,8.2e-05,1365.69780455
31317075,2017-12-25T13:03:45.973,BUY,8.2e-05,24.10509822
31317077,2017-12-25T13:03:45.973,BUY,8.2e-05,36.15764734
31317080,2017-12-25T13:03:46.1,BUY,8.2e-05,95.0
31317082,2017-12-25T13:03:46.427,BUY,8.2e-05,243.26301671
31317085,2017-12-25T13:03:47.007,BUY,8.2e-05,27.72086296
31317089,2017-12-25T13:03:47.63,BUY,8.2e-05,492.71419013
31317092,2017-12-25T13:03:48.257,SELL,8.168e-05,23.53910375
31317093,2017-12-25T13:03:48.257,SELL,8.168e-05,2643.67961096
31317096,2017-12-25T13:03:49.163,SELL,8.16e-05,903.21425352
31317099,2017-12-25T13:03:49.46,SELL,8.16e-05,2709.85579272
31317100,2017-12-25T13:03:49.88,SELL,8.16e-05,312.32295376
31317103,2017-12-25T13:03:50.647,SELL,8.158e-05,133.45792501
31317104,2017-12-25T13:03:50.647,SELL,8.158e-05,49.08747376
31317105,2017-12-25T13:03:50.647,SELL,8.152e-05,19.06660204
31317106,2017-12-25T13:03:50.647,SELL,8.15e-05,1193.40985675
31317107,2017-12-25T13:03:50.647,SELL,8.15e-05,8759.97001361
31317110,2017-12-25T13:03:51.02,BUY,8.15e-05,742.20853127
31317113,2017-12-25T13:03:51.85,BUY,8.15e-05,123.55603116
31317114,2017-12-25T13:03:52.053,SELL,8.148e-05,84.12731058
31317115,2017-12-25T13:03:52.053,SELL,8.148e-05,468.27029138
31317116,2017-12-25T13:03:52.053,SELL,8.141e-05,1738.37246083
31317118,2017-12-25T13:03:52.24,BUY,8.15e-05,1036.7595528
31317119,2017-12-25T13:03:52.24,BUY,8.158e-05,563.52499643
31317132,2017-12-25T13:03:54.413,BUY,8.148e-05,95.0
31317133,2017-12-25T13:03:54.413,BUY,8.158e-05,2121.4729848
31317134,2017-12-25T13:03:54.413,BUY,8.158e-05,1008.51775567
31317135,2017-12-25T13:03:54.413,BUY,8.16e-05,642.68942253
31317211,2017-12-25T13:04:02.43,BUY,8.1e-05,36.8859245
31317212,2017-12-25T13:04:02.43,BUY,8.1e-05,895.0
31317213,2017-12-25T13:04:02.43,BUY,8.104e-05,68.1140755
31317214,2017-12-25T13:04:02.553,SELL,8.08e-05,100.0
31317215,2017-12-25T13:04:02.553,SELL,8.08e-05,2930.49231808
31317219,2017-12-25T13:04:03.193,BUY,8.1e-05,523.71476806
31317223,2017-12-25T13:04:03.443,BUY,8.1e-05,100.0
31317226,2017-12-25T13:04:03.88,SELL,8.08e-05,2159.62414266
31317227,2017-12-25T13:04:04.193,SELL,8.08e-05,1330.383
31317230,2017-12-25T13:04:04.413,SELL,8.08e-05,56.77326653
31317231,2017-12-25T13:04:04.413,SELL,8.069e-05,1197.56148779
31317233,2017-12-25T13:04:04.46,BUY,8.069e-05,18.40490797
31317237,2017-12-25T13:04:04.68,BUY,8.069e-05,120.57766611
31317238,2017-12-25T13:04:04.68,BUY,8.09e-05,190.70793017
31317239,2017-12-25T13:04:04.68,BUY,8.1e-05,54.88287662
31317240,2017-12-25T13:04:04.68,BUY,8.1e-05,272.43733091
31317241,2017-12-25T13:04:04.68,BUY,8.103e-05,30.38255577
31317242,2017-12-25T13:04:04.68,BUY,8.104e-05,1117.60510405
31317244,2017-12-25T13:04:04.773,BUY,8.104e-05,336.66728361
31317245,2017-12-25T13:04:04.773,BUY,8.104e-05,2109.94745227
31317246,2017-12-25T13:04:05.07,SELL,8.051e-05,40.61824686
31317247,2017-12-25T13:04:05.07,SELL,8.051e-05,6244.72615327
31317248,2017-12-25T13:04:05.07,SELL,8.05e-05,25.45338517
31317249,2017-12-25T13:04:05.07,SELL,8.047e-05,359.3117038
31317254,2017-12-25T13:04:05.553,BUY,8.104e-05,95.12195121
31317258,2017-12-25T13:04:06.24,BUY,8.08e-05,354.70997434
31317263,2017-12-25T13:04:07.57,SELL,8.047e-05,686.85345664
31317268,2017-12-25T13:04:08.04,BUY,8.051e-05,34.51219512
31317270,2017-12-25T13:04:08.257,SELL,8.047e-05,1027.87413472
31317272,2017-12-25T13:04:08.383,BUY,8.047e-05,26.20329754
31317275,2017-12-25T13:04:08.553,BUY,8.047e-05,26.20313377
31317276,2017-12-25T13:04:08.79,SELL,8.001e-05,38.57066317
31317277,2017-12-25T13:04:08.79,SELL,8e-05,100.0
31317278,2017-12-25T13:04:08.79,SELL,8e-05,26.98354114
31317279,2017-12-25T13:04:08.79,SELL,8e-05,162.08820506
31317281,2017-12-25T13:04:08.977,BUY,8.047e-05,339.33472427
31317282,2017-12-25T13:04:08.977,BUY,8.051e-05,626.15767115
31317283,2017-12-25T13:04:08.977,BUY,8.08e-05,2597.32485107
31317284,2017-12-25T13:04:08.977,BUY,8.08e-05,776.05537795
31317285,2017-12-25T13:04:08.977,BUY,8.08e-05,251.65530083
31317286,2017-12-25T13:04:08.977,BUY,8.099e-05,1707.96871454
31317290,2017-12-25T13:04:09.303,SELL,8.047e-05,30.94059406
31317291,2017-12-25T13:04:09.303,SELL,8e-05,1597.51164525
31317292,2017-12-25T13:04:09.303,SELL,8e-05,2500.0
31317293,2017-12-25T13:04:09.303,SELL,8e-05,24.10118453
31317294,2017-12-25T13:04:09.303,SELL,8e-05,100.0
31317295,2017-12-25T13:04:09.303,SELL,8e-05,105.28275844
31317296,2017-12-25T13:04:09.303,SELL,8e-05,544.27839375
31317297,2017-12-25T13:04:09.303,SELL,8e-05,94.82072906
31317298,2017-12-25T13:04:09.303,SELL,8e-05,500.0
31317300,2017-12-25T13:04:09.383,BUY,8e-05,881.18030612
31317301,2017-12-25T13:04:09.383,BUY,8.099e-05,1268.93054719
31317302,2017-12-25T13:04:09.383,BUY,8.1e-05,349.47240578
31317305,2017-12-25T13:04:09.49,BUY,8.047e-05,122.21950623
31317310,2017-12-25T13:04:10.04,BUY,8e-05,26.20329753
31317313,2017-12-25T13:04:10.93,BUY,8e-05,174.2389231
31317316,2017-12-25T13:04:11.413,SELL,7.999e-05,295.55828979
31317319,2017-12-25T13:04:11.647,BUY,7.999e-05,197.32228833
31317322,2017-12-25T13:04:12.35,BUY,7.999e-05,726.33424753
31317323,2017-12-25T13:04:12.367,BUY,8e-05,249.55777937
31317324,2017-12-25T13:04:12.367,BUY,8e-05,1258.90437301
31317328,2017-12-25T13:04:12.883,SELL,7.993e-05,2508.04808238
31317329,2017-12-25T13:04:12.883,SELL,7.992e-05,66.39189189
31317330,2017-12-25T13:04:12.883,SELL,7.992e-05,154.44428677
31317332,2017-12-25T13:04:12.96,BUY,7.992e-05,350.02867455
31317334,2017-12-25T13:04:13.21,BUY,7.992e-05,28.56652351
31317336,2017-12-25T13:04:13.693,SELL,7.973e-05,33.0
31317337,2017-12-25T13:04:13.693,SELL,7.973e-05,54.4517768
31317338,2017-12-25T13:04:13.693,SELL,7.951e-05,39.70128388
31317339,2017-12-25T13:04:13.693,SELL,7.941e-05,1731.57739927
31317340,2017-12-25T13:04:13.693,SELL,7.94e-05,1394.74460239
31317343,2017-12-25T13:04:13.943,BUY,7.992e-05,129.21137749
31317345,2017-12-25T13:04:14.273,BUY,7.992e-05,114.36029296
31317348,2017-12-25T13:04:14.74,BUY,7.992e-05,514.86087997
31317349,2017-12-25T13:04:14.74,BUY,7.993e-05,301.29201826
31317350,2017-12-25T13:04:14.74,BUY,7.999e-05,171.45173809
31317355,2017-12-25T13:04:16.29,BUY,7.999e-05,115.11098852
31317356,2017-12-25T13:04:17.773,SELL,7.999e-05,168.36405954
31317359,2017-12-25T13:04:18.4,SELL,7.999e-05,301.80809495
31317361,2017-12-25T13:04:18.493,BUY,8e-05,122.21950623
31317364,2017-12-25T13:04:18.6,BUY,8e-05,1425.4849994
31317365,2017-12-25T13:04:18.6,BUY,8e-05,231.64912774
31317366,2017-12-25T13:04:18.6,BUY,8e-05,1000.0
31317367,2017-12-25T13:04:18.6,BUY,8.047e-05,70.12019527
31317368,2017-12-25T13:04:18.6,BUY,8.047e-05,532.65520636
31317369,2017-12-25T13:04:18.6,BUY,8.05e-05,246.07193291
31317370,2017-12-25T13:04:18.6,BUY,8.069e-05,13.34019089
31317371,2017-12-25T13:04:18.6,BUY,8.08e-05,1678.11389032
31317378,2017-12-25T13:04:19.227,BUY,8.08e-05,116.66945666
31317382,2017-12-25T13:04:19.9,BUY,8.08e-05,467.63044637
31317383,2017-12-25T13:04:19.9,BUY,8.099e-05,116.66945666
31317389,2017-12-25T13:04:21.21,SELL,8.05e-05,269.64911045
31317399,2017-12-25T13:04:22.023,SELL,8.05e-05,641.45350568
31317400,2017-12-25T13:04:22.023,BUY,8.1e-05,419.54659093
31317401,2017-12-25T13:04:22.023,SELL,8.001e-05,492.64796323
31317408,2017-12-25T13:04:22.93,SELL,8.08e-05,75.47817167
31317411,2017-12-25T13:04:23.197,BUY,8.1e-05,10169.43581723
31317412,2017-12-25T13:04:23.197,BUY,8.167e-05,727.8728424
31317415,2017-12-25T13:04:23.413,SELL,8.08e-05,416.55474109
31317427,2017-12-25T13:04:24.197,SELL,8.048e-05,300.0
31317442,2017-12-25T13:04:25.65,BUY,8.05e-05,55.83058181
31317450,2017-12-25T13:04:26.243,BUY,8.08e-05,2298.12447267
31317452,2017-12-25T13:04:26.523,SELL,8.08e-05,627.86783616
31317469,2017-12-25T13:04:28.477,BUY,8.173e-05,33.0
31317470,2017-12-25T13:04:28.477,BUY,8.248e-05,523.68866866
31317475,2017-12-25T13:04:29.21,SELL,8.1e-05,151.40195613
31317488,2017-12-25T13:04:30.82,BUY,8.247e-05,71.16824168
31317489,2017-12-25T13:04:30.82,BUY,8.248e-05,151.40195613
31317490,2017-12-25T13:04:30.82,BUY,8.249e-05,253.06242793
31317491,2017-12-25T13:04:30.82,BUY,8.25e-05,229.97752935
31317492,2017-12-25T13:04:30.82,BUY,8.25e-05,1906.08785033
31317498,2017-12-25T13:04:31.807,SELL,8.101e-05,100.0
31317503,2017-12-25T13:04:32.71,SELL,8.081e-05,867.21301266
31317507,2017-12-25T13:04:33.087,BUY,8.099e-05,50.0
31317510,2017-12-25T13:04:33.21,SELL,8.08e-05,50.0
31317512,2017-12-25T13:04:33.26,BUY,8.099e-05,535.28314301
31317513,2017-12-25T13:04:33.26,BUY,8.099e-05,129.58979585
31317522,2017-12-25T13:04:34.477,SELL,8.102e-05,289.20752413
31317523,2017-12-25T13:04:34.477,SELL,8.101e-05,118.26107709
31317554,2017-12-25T13:04:37.663,BUY,8.245e-05,15.84652205
31317572,2017-12-25T13:04:39.383,SELL,8.106e-05,1437.42641914
31317573,2017-12-25T13:04:39.383,SELL,8.102e-05,811.85188103
31317574,2017-12-25T13:04:39.383,SELL,8.102e-05,1423.94660569
31317598,2017-12-25T13:04:43.07,BUY,8.244e-05,949.31370809
31317607,2017-12-25T13:04:43.68,SELL,8.111e-05,2340.12245592
31317608,2017-12-25T13:04:43.68,SELL,8.106e-05,282.91459852
31317609,2017-12-25T13:04:43.68,SELL,8.106e-05,15.0
31317610,2017-12-25T13:04:43.68,SELL,8.103e-05,2.39789816
31317612,2017-12-25T13:04:43.76,SELL,8.104e-05,57.38405501
31317615,2017-12-25T13:04:44.07,SELL,8.107e-05,18.50252868
31317616,2017-12-25T13:04:44.07,SELL,8.106e-05,187.29723926
31317617,2017-12-25T13:04:44.07,SELL,8.104e-05,1176.57448398
31317618,2017-12-25T13:04:44.07,SELL,8.103e-05,1821.64536953
31317622,2017-12-25T13:04:44.54,BUY,8.242e-05,208.85609549
31317623,2017-12-25T13:04:44.54,BUY,8.244e-05,1082.26369118
31317624,2017-12-25T13:04:44.54,BUY,8.244e-05,680.16640893
31317625,2017-12-25T13:04:44.54,BUY,8.245e-05,2208.13114729
31317626,2017-12-25T13:04:44.54,BUY,8.245e-05,42.71375924
31317627,2017-12-25T13:04:44.54,BUY,8.245e-05,6.73234087
31317628,2017-12-25T13:04:44.54,SELL,8.103e-05,118.40635209
31317629,2017-12-25T13:04:44.54,SELL,8.103e-05,32.20382955
31317630,2017-12-25T13:04:44.54,SELL,8.103e-05,97.5664131
31317631,2017-12-25T13:04:44.54,SELL,8.102e-05,102.69901241
31317642,2017-12-25T13:04:45.727,BUY,8.243e-05,1130.09774859
31317670,2017-12-25T13:04:50.243,BUY,8.239e-05,53.64763512
31317672,2017-12-25T13:04:50.37,BUY,8.239e-05,50.0
31317685,2017-12-25T13:04:52.9,BUY,8.238e-05,73.79958599
31317689,2017-12-25T13:04:53.167,BUY,8.238e-05,1023.70207297
31317693,2017-12-25T13:04:53.243,BUY,8.238e-05,807.94529464
31317694,2017-12-25T13:04:53.243,BUY,8.238e-05,103.8607904
31317695,2017-12-25T13:04:53.243,BUY,8.238e-05,1508.1356908
31317702,2017-12-25T13:04:54.12,BUY,8.237e-05,60.13048034
31317707,2017-12-25T13:04:54.493,BUY,8.237e-05,37.43593276
31317708,2017-12-25T13:04:54.493,BUY,8.238e-05,261.80644072
31317712,2017-12-25T13:04:55.633,SELL,8.138e-05,628.08630443
31317713,2017-12-25T13:04:55.633,SELL,8.114e-05,886.78004212
31317715,2017-12-25T13:04:55.667,BUY,8.238e-05,30.97342171
31317728,2017-12-25T13:04:56.557,BUY,8.238e-05,5532.79544677
31317729,2017-12-25T13:04:56.557,BUY,8.238e-05,1417.64732141
31317732,2017-12-25T13:04:56.62,BUY,8.237e-05,166.54614827
31317736,2017-12-25T13:04:56.963,BUY,8.229e-05,425.67525361
31317739,2017-12-25T13:04:57.243,BUY,8.229e-05,126.98549278
31317744,2017-12-25T13:04:57.9,BUY,8.229e-05,456.57682689
31317749,2017-12-25T13:04:58.917,BUY,8.229e-05,5518.57486363
31317750,2017-12-25T13:04:58.917,BUY,8.23e-05,292.4364592
31317759,2017-12-25T13:04:59.87,SELL,8.16e-05,45.5
31317760,2017-12-25T13:04:59.87,SELL,8.15e-05,129.5
31317765,2017-12-25T13:05:01.18,BUY,8.23e-05,582.00171088
31317782,2017-12-25T13:05:04.853,SELL,8.151e-05,584.766334
31317905,2017-12-25T13:05:21.573,BUY,8.225e-05,22.93859007
31317906,2017-12-25T13:05:21.573,BUY,8.226e-05,757.40505891
31317907,2017-12-25T13:05:21.573,BUY,8.226e-05,61.75222844
31317908,2017-12-25T13:05:21.573,BUY,8.227e-05,6458.55031796
31317914,2017-12-25T13:05:21.95,BUY,8.227e-05,12559.15345058
31317915,2017-12-25T13:05:21.95,BUY,8.227e-05,189.73185011
31317916,2017-12-25T13:05:22.043,SELL,8.227e-05,197.48441396
31317924,2017-12-25T13:05:23.307,SELL,8.227e-05,623.50609756
31317925,2017-12-25T13:05:23.45,SELL,8.227e-05,5242.26683024
31317929,2017-12-25T13:05:23.963,SELL,8.227e-05,1303.2861748
31317931,2017-12-25T13:05:24.637,SELL,8.227e-05,499.0085787
31317934,2017-12-25T13:05:24.963,BUY,8.23e-05,95.0
31317949,2017-12-25T13:05:25.933,SELL,8.227e-05,798.36908297
31317953,2017-12-25T13:05:26.76,SELL,8.227e-05,248.16190652
31317954,2017-12-25T13:05:26.777,SELL,8.227e-05,6800.56416652
31317955,2017-12-25T13:05:26.777,SELL,8.227e-05,139.0961638
31317957,2017-12-25T13:05:26.997,SELL,8.18e-05,100.0
31317958,2017-12-25T13:05:26.997,SELL,8.162e-05,327.69633385
31317959,2017-12-25T13:05:26.997,SELL,8.16e-05,217.29478387
31317961,2017-12-25T13:05:27.073,BUY,8.16e-05,70.93299557
31317963,2017-12-25T13:05:27.45,BUY,8.16e-05,317.0179157
31317965,2017-12-25T13:05:27.463,BUY,8.16e-05,35.0
31317968,2017-12-25T13:05:27.683,BUY,8.16e-05,60.67224851
31317970,2017-12-25T13:05:27.81,BUY,8.16e-05,988.06952643
31317971,2017-12-25T13:05:27.81,BUY,8.2e-05,1502.44033363
31317972,2017-12-25T13:05:27.823,BUY,8.227e-05,9414.54497857
31317975,2017-12-25T13:05:27.84,BUY,8.227e-05,979.86887424
31317981,2017-12-25T13:05:28.45,BUY,8.16e-05,381.12418804
31317982,2017-12-25T13:05:28.45,BUY,8.161e-05,3908.35021393
31317984,2017-12-25T13:05:28.45,BUY,8.227e-05,1137.25153715
31317985,2017-12-25T13:05:28.45,BUY,8.227e-05,499.68142032
31317990,2017-12-25T13:05:29.353,BUY,8.226e-05,153.17696039
31317992,2017-12-25T13:05:29.683,BUY,8.226e-05,174.51937346
31317993,2017-12-25T13:05:29.683,BUY,8.227e-05,2239.12949343
31317998,2017-12-25T13:05:30.26,BUY,8.227e-05,382.67515497
31318004,2017-12-25T13:05:31.357,SELL,8.226e-05,438.82792411
31318016,2017-12-25T13:05:33.06,SELL,8.192e-05,62.25585938
31318017,2017-12-25T13:05:33.06,SELL,8.167e-05,1000.0
31318018,2017-12-25T13:05:33.06,SELL,8.158e-05,284.22532783
31318019,2017-12-25T13:05:33.06,SELL,8.154e-05,963.24102669
31318020,2017-12-25T13:05:33.06,SELL,8.154e-05,964.7705252
31318021,2017-12-25T13:05:33.06,SELL,8.152e-05,121.6980855
31318022,2017-12-25T13:05:33.06,SELL,8.15e-05,304.33859632
31318023,2017-12-25T13:05:33.06,SELL,8.139e-05,714.23958839
31318024,2017-12-25T13:05:33.06,SELL,8.138e-05,177.3473664
31318025,2017-12-25T13:05:33.06,SELL,8.112e-05,3081.85404339
31318026,2017-12-25T13:05:33.06,SELL,8.111e-05,1063.82570266
31318027,2017-12-25T13:05:33.06,SELL,8.111e-05,849.07051813
31318028,2017-12-25T13:05:33.06,SELL,8.107e-05,627.06266281
31318029,2017-12-25T13:05:33.06,SELL,8.106e-05,13.0
31318030,2017-12-25T13:05:33.06,SELL,8.106e-05,1067.71016839
31318031,2017-12-25T13:05:33.06,SELL,8.106e-05,247.11488965
31318032,2017-12-25T13:05:33.06,SELL,8.102e-05,100.0
31318033,2017-12-25T13:05:33.06,SELL,8.102e-05,64.2063688
31318034,2017-12-25T13:05:33.06,SELL,8.101e-05,475.55706462
31318035,2017-12-25T13:05:33.06,SELL,8.101e-05,30.0
31318036,2017-12-25T13:05:33.06,SELL,8.1e-05,50.0
31318037,2017-12-25T13:05:33.06,SELL,8.1e-05,90.9242942
31318038,2017-12-25T13:05:33.06,SELL,8.099e-05,1831.06870433
31318039,2017-12-25T13:05:33.06,SELL,8.099e-05,1455.0371817
31318040,2017-12-25T13:05:33.06,SELL,8.081e-05,30.0
31318041,2017-12-25T13:05:33.06,SELL,8.081e-05,52.04566852
31318042,2017-12-25T13:05:33.06,SELL,8.08e-05,12.47193814
31318043,2017-12-25T13:05:33.06,SELL,8.08e-05,1720.55677637
31318044,2017-12-25T13:05:33.06,SELL,8.08e-05,1458.45874175
31318045,2017-12-25T13:05:33.06,SELL,8.08e-05,100.0
31318046,2017-12-25T13:05:33.06,SELL,8.08e-05,64.8127196
31318047,2017-12-25T13:05:33.06,SELL,8.053e-05,1241.7732522
31318048,2017-12-25T13:05:33.06,SELL,8.052e-05,94.42006786
31318049,2017-12-25T13:05:33.06,SELL,8.052e-05,300.0
31318050,2017-12-25T13:05:33.06,SELL,8.05e-05,50.0
31318051,2017-12-25T13:05:33.073,SELL,8.05e-05,157.05469246
31318052,2017-12-25T13:05:33.073,SELL,8.048e-05,12394.46116319
31318053,2017-12-25T13:05:33.073,SELL,8.047e-05,7979.93021095
31318054,2017-12-25T13:05:33.073,SELL,8.034e-05,977.51359672
31318055,2017-12-25T13:05:33.073,SELL,8.005e-05,100.0
31318056,2017-12-25T13:05:33.073,SELL,8.002e-05,1329.5870546
31318057,2017-12-25T13:05:33.073,SELL,8.001e-05,47.8352924
31318058,2017-12-25T13:05:33.073,SELL,8e-05,250.0
31318059,2017-12-25T13:05:33.073,SELL,8e-05,1047.06832917
31318060,2017-12-25T13:05:33.073,SELL,8e-05,464.76445392
31318061,2017-12-25T13:05:33.073,SELL,8e-05,1231.48148148
31318062,2017-12-25T13:05:33.073,SELL,8e-05,200.0
31318063,2017-12-25T13:05:33.073,SELL,8e-05,100.0
31318064,2017-12-25T13:05:33.073,SELL,7.999e-05,390.98558195
31318065,2017-12-25T13:05:33.073,SELL,7.999e-05,42.1376422
31318066,2017-12-25T13:05:33.073,SELL,7.999e-05,50.61371743
31318067,2017-12-25T13:05:33.073,SELL,7.993e-05,100.0
31318068,2017-12-25T13:05:33.073,SELL,7.993e-05,117.88630676
31318069,2017-12-25T13:05:33.073,SELL,7.992e-05,417.59247542
31318070,2017-12-25T13:05:33.073,SELL,7.942e-05,7812.1653453
31318071,2017-12-25T13:05:33.073,SELL,7.94e-05,1404.80734975
31318073,2017-12-25T13:05:33.073,SELL,7.93e-05,262.44579755
31318074,2017-12-25T13:05:33.073,BUY,8.225e-05,873.8945
31318075,2017-12-25T13:05:33.073,SELL,7.928e-05,666.18622825
31318076,2017-12-25T13:05:33.073,BUY,8.226e-05,472.27469202
31318077,2017-12-25T13:05:33.073,BUY,8.226e-05,23.07999562
31318079,2017-12-25T13:05:33.357,BUY,8.226e-05,15.80354972
31318081,2017-12-25T13:05:33.387,BUY,8.226e-05,82.68222174
31318082,2017-12-25T13:05:33.387,BUY,8.227e-05,39.05390458
31318093,2017-12-25T13:05:36.933,BUY,8.157e-05,4339.73099695
31318094,2017-12-25T13:05:36.933,BUY,8.224e-05,377.77374901
31318101,2017-12-25T13:05:38.417,BUY,8.156e-05,151.88335358
31318108,2017-12-25T13:05:40.043,BUY,8.116e-05,620.6243651
31318109,2017-12-25T13:05:40.043,BUY,8.156e-05,166.03934078
31318112,2017-12-25T13:05:40.153,BUY,8.156e-05,432.65520409
31318114,2017-12-25T13:05:40.26,BUY,8.156e-05,1027.76132636
31318121,2017-12-25T13:05:41.357,BUY,8.156e-05,75.79798375
31318125,2017-12-25T13:05:41.777,BUY,8.156e-05,1212.61852662
31318127,2017-12-25T13:05:41.95,BUY,8.156e-05,333.41829351
31318128,2017-12-25T13:05:41.95,BUY,8.156e-05,878.842
31318129,2017-12-25T13:05:41.95,BUY,8.156e-05,1589.26338783
31318139,2017-12-25T13:05:43.31,BUY,8.155e-05,855.1607
31318140,2017-12-25T13:05:43.31,BUY,8.156e-05,863.99950319
31318143,2017-12-25T13:05:44.59,SELL,8.116e-05,12.47193814
31318144,2017-12-25T13:05:44.59,SELL,8.055e-05,10.67621
31318151,2017-12-25T13:05:45.997,SELL,8.116e-05,113.91287765
31318162,2017-12-25T13:05:47.56,BUY,8.094e-05,225.06751311
31318163,2017-12-25T13:05:47.56,BUY,8.116e-05,200.0
31318164,2017-12-25T13:05:47.56,BUY,8.156e-05,75.9375
31318166,2017-12-25T13:05:47.607,BUY,8.223e-05,606.30926331
31318167,2017-12-25T13:05:47.607,SELL,8.2e-05,682.949025
31318170,2017-12-25T13:05:47.98,BUY,8.156e-05,17.8295495
31318178,2017-12-25T13:05:49.357,BUY,8.116e-05,18.47973389
31318183,2017-12-25T13:05:50.527,BUY,8.116e-05,172.99167476
31318185,2017-12-25T13:05:50.59,BUY,8.116e-05,325.56869147
31318191,2017-12-25T13:05:52.543,BUY,8.116e-05,152.86798115
31318197,2017-12-25T13:05:52.87,BUY,8.116e-05,683.4224198
31318199,2017-12-25T13:05:53.06,BUY,8.116e-05,47.00007
31318201,2017-12-25T13:05:53.293,SELL,8.054e-05,62.11289319
31318202,2017-12-25T13:05:53.293,SELL,8.009e-05,279.60585681
31318204,2017-12-25T13:05:53.45,BUY,8.116e-05,103.85116665
31318206,2017-12-25T13:05:53.573,BUY,8.156e-05,366.93159389
31318207,2017-12-25T13:05:53.62,SELL,8.156e-05,355.30647571
31318208,2017-12-25T13:05:53.763,SELL,8.156e-05,88.38221332
31318209,2017-12-25T13:05:53.763,SELL,8.116e-05,161.61778668
31318214,2017-12-25T13:05:54.17,SELL,8.116e-05,812.3877
31318219,2017-12-25T13:05:54.81,SELL,8.116e-05,1061.46458521
31318221,2017-12-25T13:05:54.857,BUY,8.116e-05,20.65613608
31318233,2017-12-25T13:05:56.747,BUY,8.054e-05,82.02397764
31318241,2017-12-25T13:05:57.56,BUY,8.116e-05,100.0
31318243,2017-12-25T13:05:57.81,BUY,8.116e-05,120.528841
31318245,2017-12-25T13:05:57.81,BUY,8.116e-05,1300.720183
31318247,2017-12-25T13:05:57.81,BUY,8.116e-05,302.37590265
31318254,2017-12-25T13:05:58.653,BUY,8.115e-05,29.15594389
31318280,2017-12-25T13:06:01.433,SELL,8.117e-05,139.0961638
31318288,2017-12-25T13:06:02.153,BUY,8.199e-05,42.34036558
31318289,2017-12-25T13:06:02.153,BUY,8.2e-05,6910.29763442
31318299,2017-12-25T13:06:02.857,SELL,8.117e-05,180.26051696
31318302,2017-12-25T13:06:02.887,BUY,8.199e-05,712.960404
31318309,2017-12-25T13:06:03.623,SELL,8.117e-05,40.30554988
31318329,2017-12-25T13:06:07.187,BUY,8.197e-05,782.9438
31318330,2017-12-25T13:06:07.187,BUY,8.197e-05,1137.08736591
31318331,2017-12-25T13:06:07.187,BUY,8.198e-05,5853.11984592
31318336,2017-12-25T13:06:07.81,BUY,8.198e-05,15.49648348
31318341,2017-12-25T13:06:08.497,SELL,8.12e-05,1988.08058035
31318349,2017-12-25T13:06:09.53,BUY,8.173e-05,24.148008
31318350,2017-12-25T13:06:09.67,SELL,8.12e-05,742.20853127
31318369,2017-12-25T13:06:12.293,BUY,8.172e-05,181.17428423
31318373,2017-12-25T13:06:13.403,SELL,8.122e-05,990.85798948
31318379,2017-12-25T13:06:13.903,SELL,8.124e-05,512.03291276
31318382,2017-12-25T13:06:14.2,SELL,8.124e-05,341.71875
31318387,2017-12-25T13:06:14.78,SELL,8.124e-05,835.58288383
31318394,2017-12-25T13:06:15.06,BUY,8.172e-05,582.14341577
31318395,2017-12-25T13:06:15.06,BUY,8.173e-05,1606.59980645
31318396,2017-12-25T13:06:15.06,BUY,8.197e-05,1500.0
31318397,2017-12-25T13:06:15.06,BUY,8.198e-05,1924.01621147
31318398,2017-12-25T13:06:15.06,BUY,8.198e-05,458.45176534
31318402,2017-12-25T13:06:15.513,BUY,8.198e-05,730.2273094
31318404,2017-12-25T13:06:15.543,SELL,8.125e-05,457.52680676
31318425,2017-12-25T13:06:18.123,BUY,8.15e-05,155.98905
31318428,2017-12-25T13:06:18.53,BUY,8.15e-05,5335.235574
31318446,2017-12-25T13:06:21.217,BUY,8.15e-05,253.36914964
31318455,2017-12-25T13:06:22.687,BUY,8.15e-05,230.21607852
31318464,2017-12-25T13:06:23.45,BUY,8.15e-05,4025.19014784
31318465,2017-12-25T13:06:23.45,BUY,8.15e-05,213.38330767
31318466,2017-12-25T13:06:23.45,BUY,8.16e-05,2344.95745397
31318486,2017-12-25T13:06:25.623,SELL,8.151e-05,3544.0284474
31318488,2017-12-25T13:06:25.89,SELL,8.151e-05,2261.73253837
31318490,2017-12-25T13:06:25.95,BUY,8.16e-05,5000.0
31318492,2017-12-25T13:06:25.983,BUY,8.16e-05,30.502685
31318500,2017-12-25T13:06:26.75,BUY,8.16e-05,309.5150577
31318508,2017-12-25T13:06:27.42,BUY,8.16e-05,243.96244193
31318517,2017-12-25T13:06:28.687,SELL,8.156e-05,100.16917561
31318518,2017-12-25T13:06:28.687,SELL,8.151e-05,849.14453248
31318520,2017-12-25T13:06:28.95,BUY,8.16e-05,684.27205882
31318521,2017-12-25T13:06:29.047,SELL,8.151e-05,294.96337079
31318525,2017-12-25T13:06:29.403,BUY,8.16e-05,551.47779092
31318526,2017-12-25T13:06:29.403,BUY,8.197e-05,293.81626758
31318532,2017-12-25T13:06:30.5,BUY,8.197e-05,171.52134146
31318539,2017-12-25T13:06:31.157,SELL,8.16e-05,1336.1119037
31318540,2017-12-25T13:06:31.157,SELL,8.16e-05,449.73194445
31318541,2017-12-25T13:06:31.157,SELL,8.151e-05,502.92799416
31318546,2017-12-25T13:06:31.78,SELL,8.152e-05,5076.92553457
31318560,2017-12-25T13:06:33.407,BUY,8.16e-05,142.461909
31318571,2017-12-25T13:06:35.36,BUY,8.16e-05,10.71505139
31318582,2017-12-25T13:06:36.733,BUY,8.19e-05,41.18943638
31318588,2017-12-25T13:06:37.11,BUY,8.189e-05,20.20682277
31318600,2017-12-25T13:06:38.17,BUY,8.189e-05,43.13443564
31318604,2017-12-25T13:06:38.56,BUY,8.189e-05,621.69369984
31318615,2017-12-25T13:06:41,SELL,8.18e-05,306.5345933
31318621,2017-12-25T13:06:42.81,BUY,8.179e-05,757.361
31318622,2017-12-25T13:06:42.827,BUY,8.18e-05,310.55076358
31318623,2017-12-25T13:06:42.827,BUY,8.187e-05,679.34515354
31318624,2017-12-25T13:06:42.827,BUY,8.188e-05,144.34313416
31318632,2017-12-25T13:06:44.437,BUY,8.18e-05,350.37162923
31318643,2017-12-25T13:06:46.47,SELL,8.18e-05,783.02153336
31318654,2017-12-25T13:06:47.827,BUY,8.18e-05,38.98740144
31318660,2017-12-25T13:06:48.873,BUY,8.18e-05,121.521448
31318664,2017-12-25T13:06:48.953,BUY,8.18e-05,733.77124411
31318665,2017-12-25T13:06:48.953,BUY,8.188e-05,587.63981056
31318674,2017-12-25T13:06:50.733,BUY,8.188e-05,298.34858052
31318676,2017-12-25T13:06:50.767,BUY,8.188e-05,1225.21936915
31318681,2017-12-25T13:06:51.843,SELL,8.18e-05,89.27351547
31318685,2017-12-25T13:06:51.953,BUY,8.18e-05,2898.56818627
31318687,2017-12-25T13:06:52.343,BUY,8.18e-05,452.11295047
31318689,2017-12-25T13:06:52.453,BUY,8.18e-05,264.76834196
31318700,2017-12-25T13:06:54.61,BUY,8.188e-05,78.66344871
31318701,2017-12-25T13:06:54.61,BUY,8.188e-05,19.01415336
31318702,2017-12-25T13:06:54.72,SELL,8.18e-05,40.0
31318704,2017-12-25T13:06:54.797,SELL,8.18e-05,34.51219512
31318711,2017-12-25T13:06:55.33,SELL,8.18e-05,182.10088437
31318712,2017-12-25T13:06:55.33,SELL,8.18e-05,69.18696586
31318713,2017-12-25T13:06:55.78,SELL,8.18e-05,95.0
31318716,2017-12-25T13:06:56.17,BUY,8.188e-05,119.51141549
31318717,2017-12-25T13:06:56.67,SELL,8.18e-05,149.15552311
31318719,2017-12-25T13:06:57.203,BUY,8.188e-05,757.5106
31318720,2017-12-25T13:06:57.203,BUY,8.188e-05,100.0
31318721,2017-12-25T13:06:57.203,BUY,8.188e-05,71.44099266
31318722,2017-12-25T13:06:57.203,BUY,8.189e-05,415.38270636
31318723,2017-12-25T13:06:57.203,BUY,8.189e-05,251.64834069
31318724,2017-12-25T13:06:57.227,BUY,8.19e-05,8077.21546334
31318730,2017-12-25T13:06:58.22,BUY,8.187e-05,719.4747
31318731,2017-12-25T13:06:58.22,BUY,8.189e-05,811.85188103
31318732,2017-12-25T13:06:58.22,BUY,8.189e-05,392.1281882
31318737,2017-12-25T13:06:59.08,BUY,8.189e-05,3904.101951
31318749,2017-12-25T13:07:02.187,BUY,8.189e-05,56.96018887
31318751,2017-12-25T13:07:02.907,BUY,8.188e-05,699.7959
31318752,2017-12-25T13:07:02.907,BUY,8.189e-05,932.32555649
31318753,2017-12-25T13:07:02.907,BUY,8.189e-05,2435.86171782
31318756,2017-12-25T13:07:03.03,BUY,8.189e-05,1000.0
31318758,2017-12-25T13:07:03.343,BUY,8.189e-05,2766.94181343
31318765,2017-12-25T13:07:04.86,SELL,8.189e-05,292.89360552
31318770,2017-12-25T13:07:05.53,BUY,8.188e-05,5433.34617419
31318773,2017-12-25T13:07:05.563,BUY,8.188e-05,244.23056472
31318780,2017-12-25T13:07:07.203,SELL,8.18e-05,2125.54805971
31318781,2017-12-25T13:07:07.203,SELL,8.18e-05,100.0
31318782,2017-12-25T13:07:07.203,SELL,8.18e-05,899.68963753
31318783,2017-12-25T13:07:07.203,SELL,8.18e-05,551.41266951
31318785,2017-12-25T13:07:08.627,SELL,8.18e-05,2571.07157988
31318787,2017-12-25T13:07:08.83,BUY,8.18e-05,316.39085215
31318790,2017-12-25T13:07:09.487,SELL,8.173e-05,50.0
31318791,2017-12-25T13:07:09.487,SELL,8.172e-05,14.0
31318792,2017-12-25T13:07:09.487,SELL,8.164e-05,1872.30380687
31318793,2017-12-25T13:07:09.487,SELL,8.163e-05,702.99199935
31318794,2017-12-25T13:07:09.487,SELL,8.16e-05,1677.14295772
31318795,2017-12-25T13:07:09.487,SELL,8.16e-05,146.67397071
31318796,2017-12-25T13:07:09.487,SELL,8.154e-05,5536.88726535
31318804,2017-12-25T13:07:09.987,BUY,8.18e-05,617.01572377
31318805,2017-12-25T13:07:09.987,BUY,8.187e-05,713.601
31318806,2017-12-25T13:07:09.987,BUY,8.188e-05,4932.06292298
31318813,2017-12-25T13:07:11.407,SELL,8.155e-05,226.46698045
31318822,2017-12-25T13:07:13.063,BUY,8.18e-05,100.0000003
31318823,2017-12-25T13:07:13.063,BUY,8.18e-05,469.67534723
31318826,2017-12-25T13:07:13.423,BUY,8.18e-05,170.28369539
31318827,2017-12-25T13:07:13.487,SELL,8.18e-05,140.44979264
31318828,2017-12-25T13:07:13.487,SELL,8.155e-05,839.4190816
31318833,2017-12-25T13:07:14.017,BUY,8.18e-05,86.0
31318834,2017-12-25T13:07:14.017,BUY,8.187e-05,14.0
31318836,2017-12-25T13:07:14.25,BUY,8.179e-05,15.5282233
31318838,2017-12-25T13:07:14.297,SELL,8.155e-05,4498.05793795
31318839,2017-12-25T13:07:14.297,SELL,8.153e-05,403.62951205
31318848,2017-12-25T13:07:15.36,BUY,8.179e-05,678.6160767
31318854,2017-12-25T13:07:15.987,BUY,8.188e-05,5190.92339985
31318857,2017-12-25T13:07:17.423,SELL,8.18e-05,84.14678236
31318861,2017-12-25T13:07:18.5,SELL,8.18e-05,1526.6456181
31318863,2017-12-25T13:07:18.563,BUY,8.188e-05,134.99294604
31318867,2017-12-25T13:07:18.8,BUY,8.188e-05,19912.15487644
31318871,2017-12-25T13:07:19.813,SELL,8.18e-05,1262.22624625
31318872,2017-12-25T13:07:19.813,SELL,8.18e-05,874.4436198
31318876,2017-12-25T13:07:20.39,BUY,8.17e-05,161.0
31318878,2017-12-25T13:07:20.517,BUY,8.17e-05,445.0
31318882,2017-12-25T13:07:21.14,BUY,8.17e-05,2444.987
31318885,2017-12-25T13:07:21.44,BUY,8.17e-05,250.0
31318890,2017-12-25T13:07:22.22,BUY,8.17e-05,4562.34313395
31318891,2017-12-25T13:07:22.22,BUY,8.187e-05,171.68114111
31318892,2017-12-25T13:07:22.22,BUY,8.188e-05,136.29551712
31318893,2017-12-25T13:07:22.22,BUY,8.188e-05,216.0
31318894,2017-12-25T13:07:22.377,SELL,8.188e-05,365.22117046
31318901,2017-12-25T13:07:22.847,SELL,8.188e-05,279.60585681
31318905,2017-12-25T13:07:23.47,SELL,8.188e-05,449.73194445
31318909,2017-12-25T13:07:24.127,SELL,8.188e-05,6251.55553871
31318910,2017-12-25T13:07:24.127,SELL,8.188e-05,265.17877265
31318912,2017-12-25T13:07:24.267,BUY,8.18e-05,71.40361332
31318918,2017-12-25T13:07:25.313,BUY,8.18e-05,102.51559615
31318927,2017-12-25T13:07:27.127,BUY,8.18e-05,154.66740443
31318928,2017-12-25T13:07:27.127,BUY,8.189e-05,861.0569112
31318929,2017-12-25T13:07:27.127,BUY,8.189e-05,113.03032984
31318930,2017-12-25T13:07:27.127,BUY,8.189e-05,123.61081288
31318931,2017-12-25T13:07:27.127,BUY,8.197e-05,115.25874135
31318945,2017-12-25T13:07:28.533,BUY,8.188e-05,171.22898664
31318959,2017-12-25T13:07:29.957,BUY,8.187e-05,675.3964
31318960,2017-12-25T13:07:29.957,BUY,8.188e-05,291.58503102
31318961,2017-12-25T13:07:29.957,BUY,8.189e-05,101.32895408
31318962,2017-12-25T13:07:29.957,BUY,8.197e-05,299.84942904
31318963,2017-12-25T13:07:29.957,BUY,8.199e-05,9845.4860776
31318964,2017-12-25T13:07:29.957,BUY,8.2e-05,1270.55348785
31318979,2017-12-25T13:07:33.393,BUY,8.2e-05,457.9150657
31318980,2017-12-25T13:07:33.393,BUY,8.2e-05,127.50796332
31318981,2017-12-25T13:07:33.393,BUY,8.2e-05,1847.51900613
31318987,2017-12-25T13:07:33.91,BUY,8.2e-05,6912.45100748
31318988,2017-12-25T13:07:33.91,BUY,8.2e-05,600.0
31318989,2017-12-25T13:07:33.91,BUY,8.2e-05,77.99011562
31318990,2017-12-25T13:07:33.91,BUY,8.2e-05,188.20078624
31318995,2017-12-25T13:07:34.377,BUY,8.212e-05,91.83568249
31318996,2017-12-25T13:07:34.377,BUY,8.218e-05,274.26015861
31318998,2017-12-25T13:07:34.69,SELL,8.218e-05,608.1829909
31318999,2017-12-25T13:07:34.69,SELL,8.2e-05,49.1347091
31319014,2017-12-25T13:07:37.05,SELL,8.2e-05,20.0
31319017,2017-12-25T13:07:37.55,SELL,8.2e-05,210.52873193
31319019,2017-12-25T13:07:37.72,BUY,8.222e-05,17.61069144
31319028,2017-12-25T13:07:38.457,BUY,8.222e-05,0.04417582
31319029,2017-12-25T13:07:38.457,BUY,8.226e-05,62.87026263
31319046,2017-12-25T13:07:40.173,SELL,8.226e-05,437.08556155
31319048,2017-12-25T13:07:40.237,BUY,8.215e-05,3.845e-05
31319053,2017-12-25T13:07:40.97,BUY,8.227e-05,1165.72712762
31319054,2017-12-25T13:07:40.987,SELL,8.227e-05,68.24276713
31319055,2017-12-25T13:07:40.987,SELL,8.222e-05,368.84283287
31319056,2017-12-25T13:07:41.377,SELL,8.222e-05,279.71403852
31319064,2017-12-25T13:07:42.533,BUY,8.23e-05,92.8325922
31319065,2017-12-25T13:07:42.533,BUY,8.23e-05,237.29244121
31319073,2017-12-25T13:07:43.3,BUY,8.213e-05,193.52718374
31319074,2017-12-25T13:07:43.377,SELL,8.21e-05,150.99438203
31319076,2017-12-25T13:07:43.423,SELL,8.21e-05,2178.83344197
31319078,2017-12-25T13:07:43.61,SELL,8.201e-05,100.0
31319083,2017-12-25T13:07:44.05,BUY,8.206e-05,150.99435803
31319084,2017-12-25T13:07:44.05,BUY,8.213e-05,89.83332988
31319087,2017-12-25T13:07:44.11,BUY,8.213e-05,355.15728638
31319088,2017-12-25T13:07:44.11,BUY,8.23e-05,1809.3096415
31319092,2017-12-25T13:07:44.393,BUY,8.233e-05,1883.83802761
31319097,2017-12-25T13:07:44.55,BUY,8.237e-05,198.3515848
31319098,2017-12-25T13:07:44.55,BUY,8.237e-05,32.18943677
31319099,2017-12-25T13:07:44.55,BUY,8.238e-05,553.08862137
31319100,2017-12-25T13:07:44.55,BUY,8.24e-05,2787.96992848
31319101,2017-12-25T13:07:44.55,BUY,8.243e-05,1636.70810339
31319103,2017-12-25T13:07:44.55,BUY,8.243e-05,141.20670417
31319104,2017-12-25T13:07:44.55,BUY,8.245e-05,5327.38808741
31319105,2017-12-25T13:07:44.66,SELL,8.23e-05,18.50252868
31319116,2017-12-25T13:07:46.05,BUY,8.245e-05,2132.881578
31319123,2017-12-25T13:07:47.16,SELL,8.238e-05,3578.932
31319124,2017-12-25T13:07:47.16,SELL,8.23e-05,2343.68753401
31319127,2017-12-25T13:07:47.47,BUY,8.23e-05,591.60109885
31319131,2017-12-25T13:07:48.377,SELL,8.21e-05,250.0
31319136,2017-12-25T13:07:48.91,BUY,8.23e-05,161.700112
31319143,2017-12-25T13:07:49.22,BUY,8.23e-05,60.49120679
31319146,2017-12-25T13:07:49.44,BUY,8.23e-05,511.81452429
31319150,2017-12-25T13:07:50.05,BUY,8.229e-05,445.07905841
31319156,2017-12-25T13:07:50.66,BUY,8.229e-05,80.50294159
31319157,2017-12-25T13:07:50.66,BUY,8.23e-05,2751.77352406
31319158,2017-12-25T13:07:50.66,BUY,8.23e-05,12.47193814
31319159,2017-12-25T13:07:50.66,BUY,8.245e-05,559.8470956
31319167,2017-12-25T13:07:51.877,BUY,8.245e-05,66.88323899
31319168,2017-12-25T13:07:51.877,SELL,8.23e-05,113.25367781
31319169,2017-12-25T13:07:51.877,BUY,8.245e-05,91.6408867
31319170,2017-12-25T13:07:51.877,BUY,8.245e-05,100.0
31319172,2017-12-25T13:07:52.783,BUY,8.246e-05,18.32235434
31319174,2017-12-25T13:07:53.05,BUY,8.246e-05,70.61066464
31319175,2017-12-25T13:07:53.05,BUY,8.246e-05,200.0
31319176,2017-12-25T13:07:53.05,BUY,8.25e-05,10000.0
31319182,2017-12-25T13:07:54.08,SELL,8.25e-05,121.21212121
31319185,2017-12-25T13:07:54.317,SELL,8.25e-05,42.71375925
31319187,2017-12-25T13:07:54.503,SELL,8.25e-05,569.67534753
31319189,2017-12-25T13:07:54.52,BUY,8.257e-05,187.13447669
31319196,2017-12-25T13:07:55.127,SELL,8.257e-05,40.5247874
31319197,2017-12-25T13:07:55.22,SELL,8.25e-05,1086.77276693
31319198,2017-12-25T13:07:55.22,SELL,8.246e-05,1214.9817296
31319199,2017-12-25T13:07:55.22,SELL,8.245e-05,139.33652591
31319200,2017-12-25T13:07:55.347,SELL,8.245e-05,355.48486053
31319201,2017-12-25T13:07:55.347,SELL,8.245e-05,392.19126229
31319203,2017-12-25T13:07:55.41,BUY,8.242e-05,739.55366284
31319211,2017-12-25T13:07:57.19,SELL,8.23e-05,241.73069128
31319215,2017-12-25T13:07:58.33,BUY,8.245e-05,1995.73071315
31319230,2017-12-25T13:08:00.91,BUY,8.28e-05,220.01223132
31319235,2017-12-25T13:08:01.957,SELL,8.257e-05,289.68888182
31319236,2017-12-25T13:08:01.957,SELL,8.254e-05,55.84694815
31319237,2017-12-25T13:08:01.957,SELL,8.25e-05,3317.12936321
31319238,2017-12-25T13:08:01.97,SELL,8.25e-05,400.0
31319239,2017-12-25T13:08:01.97,SELL,8.245e-05,937.33480682
31319241,2017-12-25T13:08:02.08,BUY,8.257e-05,289.68888182
31319242,2017-12-25T13:08:02.08,BUY,8.279e-05,500.0
31319243,2017-12-25T13:08:02.08,BUY,8.28e-05,1468.47751945
31319246,2017-12-25T13:08:02.16,BUY,8.28e-05,4554.16880647
31319247,2017-12-25T13:08:02.177,SELL,8.245e-05,1210.92171984
31319266,2017-12-25T13:08:05.77,BUY,8.245e-05,660.21749749
31319269,2017-12-25T13:08:05.88,BUY,8.245e-05,529.95963698
31319273,2017-12-25T13:08:06.02,SELL,8.238e-05,309.5150577
31319275,2017-12-25T13:08:06.41,SELL,8.238e-05,2612.46990641
31319276,2017-12-25T13:08:06.41,SELL,8.23e-05,1865.27627941
31319277,2017-12-25T13:08:06.41,SELL,8.23e-05,101.25381418
31319280,2017-12-25T13:08:07.05,BUY,8.245e-05,1332.99594943
31319281,2017-12-25T13:08:07.05,BUY,8.245e-05,338.07031716
31319282,2017-12-25T13:08:07.13,SELL,8.245e-05,5000.0
31319287,2017-12-25T13:08:07.55,SELL,8.245e-05,5000.0
31319288,2017-12-25T13:08:07.927,SELL,8.245e-05,3289.35548073
31319292,2017-12-25T13:08:09.613,BUY,8.244e-05,307.05953578
31319293,2017-12-25T13:08:09.77,SELL,8.23e-05,17.46152422
31319298,2017-12-25T13:08:10.13,BUY,8.244e-05,75.0
31319303,2017-12-25T13:08:11.19,BUY,8.244e-05,203.12306034
31319305,2017-12-25T13:08:11.957,SELL,8.238e-05,2175.5892744
31319308,2017-12-25T13:08:12.19,BUY,8.233e-05,2.56e-05
31319309,2017-12-25T13:08:12.19,BUY,8.244e-05,69.70684729
31319334,2017-12-25T13:08:15.19,BUY,8.243e-05,1233.96989474
31319335,2017-12-25T13:08:15.19,BUY,8.244e-05,87.22708306
31319341,2017-12-25T13:08:15.88,SELL,8.231e-05,170.55829627
31319342,2017-12-25T13:08:15.88,SELL,8.23e-05,1165.55360743
31319346,2017-12-25T13:08:16.347,BUY,8.244e-05,50.0
31319348,2017-12-25T13:08:16.473,BUY,8.244e-05,306.0
31319352,2017-12-25T13:08:17.067,SELL,8.231e-05,1535.74646787
31319353,2017-12-25T13:08:17.067,SELL,8.23e-05,1175.14657088
31319354,2017-12-25T13:08:17.067,SELL,8.23e-05,34.36899852
31319355,2017-12-25T13:08:17.067,SELL,8.23e-05,1218.8162825
31319356,2017-12-25T13:08:17.067,SELL,8.23e-05,686.60737901
31319357,2017-12-25T13:08:17.067,SELL,8.229e-05,36.36570784
31319358,2017-12-25T13:08:17.067,SELL,8.201e-05,1772.6733167
31319359,2017-12-25T13:08:17.067,SELL,8.201e-05,280.47106816
31319360,2017-12-25T13:08:17.067,SELL,8.201e-05,3219.3120418
31319361,2017-12-25T13:08:17.067,SELL,8.2e-05,200.0
31319362,2017-12-25T13:08:17.067,SELL,8.2e-05,63.25609756
31319366,2017-12-25T13:08:17.6,BUY,8.2e-05,57.62027508
31319368,2017-12-25T13:08:17.643,BUY,8.2e-05,131.58574935
31319371,2017-12-25T13:08:18.177,BUY,8.2e-05,250.86390539
31319373,2017-12-25T13:08:18.3,BUY,8.2e-05,122.16197318
31319375,2017-12-25T13:08:18.44,BUY,8.2e-05,165.83287051
31319379,2017-12-25T13:08:19.24,BUY,8.2e-05,49.17129565
31319380,2017-12-25T13:08:19.24,BUY,8.244e-05,3004.84878149
31319381,2017-12-25T13:08:19.24,BUY,8.244e-05,18.91052072
31319383,2017-12-25T13:08:19.317,BUY,8.245e-05,304.13587014
31319385,2017-12-25T13:08:19.347,SELL,8.244e-05,1463.35238249
31319387,2017-12-25T13:08:19.457,BUY,8.23e-05,969.62332928
31319394,2017-12-25T13:08:21.13,BUY,8.23e-05,1267.30130036
31319397,2017-12-25T13:08:21.723,BUY,8.23e-05,100.0
31319399,2017-12-25T13:08:21.8,BUY,8.23e-05,2391.54987349
31319412,2017-12-25T13:08:25.88,SELL,8.188e-05,35.0
31319413,2017-12-25T13:08:25.88,SELL,8.187e-05,20.0
31319414,2017-12-25T13:08:25.88,SELL,8.183e-05,972.1227909
31319415,2017-12-25T13:08:25.88,SELL,8.18e-05,1886.12143753
31319417,2017-12-25T13:08:26.037,BUY,8.229e-05,149.15491005
31319418,2017-12-25T13:08:26.037,BUY,8.23e-05,3481.37121743
31319424,2017-12-25T13:08:27.44,SELL,8.24e-05,95.12195121
31319432,2017-12-25T13:08:29.287,SELL,8.24e-05,1146.16685881
31319445,2017-12-25T13:08:32.85,SELL,8.23e-05,456.95396728
31319449,2017-12-25T13:08:33.943,SELL,8.23e-05,86.68664096
31319452,2017-12-25T13:08:34.41,BUY,8.24e-05,770.60575151
31319453,2017-12-25T13:08:34.473,SELL,8.23e-05,330.12503341
31319454,2017-12-25T13:08:34.613,SELL,8.23e-05,1105.48368339
31319462,2017-12-25T13:08:37.613,BUY,8.23e-05,36.58312958
31319464,2017-12-25T13:08:37.74,BUY,8.23e-05,1736.07743925
31319471,2017-12-25T13:08:40.49,BUY,8.23e-05,17.90069176
31319472,2017-12-25T13:08:40.52,SELL,8.229e-05,51.64282489
31319479,2017-12-25T13:08:42.27,BUY,8.229e-05,429.29238265
31319482,2017-12-25T13:08:42.863,SELL,8.2e-05,63.51587907
31319491,2017-12-25T13:08:45.6,BUY,8.229e-05,159.67978285
31319492,2017-12-25T13:08:45.6,BUY,8.229e-05,166.54614827
31319493,2017-12-25T13:08:45.6,BUY,8.23e-05,2.52324229
31319494,2017-12-25T13:08:45.6,BUY,8.23e-05,140.57415587
31319495,2017-12-25T13:08:45.74,SELL,8.2e-05,23.69068008
31319496,2017-12-25T13:08:45.74,SELL,8.2e-05,364.93902439
31319510,2017-12-25T13:08:49.473,SELL,8.195e-05,186.53184046
31319515,2017-12-25T13:08:52.363,BUY,8.2e-05,199.26934572
31319519,2017-12-25T13:08:53.333,SELL,8.19e-05,18.07483636
31319520,2017-12-25T13:08:53.333,SELL,8.188e-05,250.0
31319521,2017-12-25T13:08:53.333,SELL,8.187e-05,5029.39122207
31319523,2017-12-25T13:08:53.88,BUY,8.187e-05,265.95698672
31319526,2017-12-25T13:08:54.1,BUY,8.187e-05,1111.52010617
31319528,2017-12-25T13:08:54.647,BUY,8.187e-05,40.0348669
31319529,2017-12-25T13:08:54.647,BUY,8.2e-05,1194.38153112
31319539,2017-12-25T13:08:56.367,BUY,8.187e-05,1639.48409386
31319541,2017-12-25T13:08:56.443,BUY,8.187e-05,271.7917889
31319543,2017-12-25T13:08:57.193,SELL,8.18e-05,4313.87856247
31319544,2017-12-25T13:08:57.193,SELL,8.18e-05,120.91808068
31319545,2017-12-25T13:08:57.193,SELL,8.18e-05,1132.93026602
31319546,2017-12-25T13:08:57.193,SELL,8.178e-05,1617.634
31319547,2017-12-25T13:08:57.193,SELL,8.177e-05,300.0
31319563,2017-12-25T13:09:01.74,SELL,8.18e-05,772.11653
31319565,2017-12-25T13:09:01.96,SELL,8.18e-05,1.9e-07
31319566,2017-12-25T13:09:01.96,SELL,8.157e-05,24.18474967
31319567,2017-12-25T13:09:01.96,SELL,8.157e-05,1167.45515508
31319568,2017-12-25T13:09:01.96,SELL,8.156e-05,122.30259931
31319569,2017-12-25T13:09:01.973,SELL,8.153e-05,686.59665808
31319570,2017-12-25T13:09:01.973,SELL,8.153e-05,26.5762675
31319571,2017-12-25T13:09:01.99,SELL,8.151e-05,14.68540647
31319572,2017-12-25T13:09:01.99,SELL,8.15e-05,148.28614693
31319573,2017-12-25T13:09:01.99,SELL,8.15e-05,80.0
31319574,2017-12-25T13:09:01.99,SELL,8.15e-05,100.0
31319575,2017-12-25T13:09:01.99,SELL,8.15e-05,50.0
31319576,2017-12-25T13:09:01.99,SELL,8.15e-05,73.43558282
31319577,2017-12-25T13:09:01.99,SELL,8.15e-05,115.87448365
31319580,2017-12-25T13:09:02.397,SELL,8.15e-05,1000.0
31319587,2017-12-25T13:09:03.943,BUY,8.154e-05,45.95261265
31319594,2017-12-25T13:09:04.333,BUY,8.154e-05,13.98884613
31319600,2017-12-25T13:09:06.21,BUY,8.154e-05,337.0
31319613,2017-12-25T13:09:08.913,BUY,8.154e-05,48.6588407
31319617,2017-12-25T13:09:10.38,SELL,8.15e-05,63.51587908
31319619,2017-12-25T13:09:10.943,BUY,8.154e-05,471.33515243
31319621,2017-12-25T13:09:11.333,SELL,8.15e-05,44.53614003
31319622,2017-12-25T13:09:11.333,SELL,8.15e-05,87.04960932
31319624,2017-12-25T13:09:11.46,BUY,8.154e-05,202.06407899
31319625,2017-12-25T13:09:11.46,BUY,8.154e-05,1000.0
31319626,2017-12-25T13:09:11.46,BUY,8.154e-05,129.25929758
31319627,2017-12-25T13:09:11.46,BUY,8.154e-05,51.64282489
31319641,2017-12-25T13:09:15.287,SELL,8.155e-05,17.56685984
31319642,2017-12-25T13:09:15.287,SELL,8.154e-05,14.63696971
31319643,2017-12-25T13:09:15.35,SELL,8.154e-05,1264.93723777
31319646,2017-12-25T13:09:15.6,SELL,8.154e-05,445.07905841
31319647,2017-12-25T13:09:15.647,SELL,8.154e-05,346.89108072
31319657,2017-12-25T13:09:18.13,SELL,8.156e-05,1561.24478114
31319658,2017-12-25T13:09:18.13,SELL,8.154e-05,215.49031438
31319659,2017-12-25T13:09:18.13,SELL,8.154e-05,280.77880794
31319660,2017-12-25T13:09:18.13,SELL,8.154e-05,175.95195234
31319661,2017-12-25T13:09:18.13,SELL,8.154e-05,510.29956547
31319663,2017-12-25T13:09:18.49,SELL,8.154e-05,1266.49729546
31319665,2017-12-25T13:09:18.943,SELL,8.154e-05,972.1227909
31319670,2017-12-25T13:09:20.32,SELL,8.154e-05,6436.66494915
31319672,2017-12-25T13:09:20.79,BUY,8.195e-05,100.0
31319678,2017-12-25T13:09:22.897,SELL,8.155e-05,332.40309939
31319682,2017-12-25T13:09:23.85,SELL,8.155e-05,175.07682128
31319683,2017-12-25T13:09:23.85,SELL,8.155e-05,557.32690692
31319685,2017-12-25T13:09:23.883,BUY,8.195e-05,141.2969901
31319686,2017-12-25T13:09:23.883,BUY,8.195e-05,101.10884222
31319688,2017-12-25T13:09:23.913,BUY,8.195e-05,18.3038438
31319692,2017-12-25T13:09:24.413,BUY,8.195e-05,79.87219261
31319700,2017-12-25T13:09:26.087,SELL,8.155e-05,110.90229319
31319701,2017-12-25T13:09:26.087,SELL,8.154e-05,2283.4145618
31319702,2017-12-25T13:09:26.71,SELL,8.154e-05,1891.53362684
31319707,2017-12-25T13:09:27.727,SELL,8.155e-05,19.55205181
31319708,2017-12-25T13:09:27.727,SELL,8.154e-05,2455.86488882
31319709,2017-12-25T13:09:27.727,SELL,8.154e-05,104.10316546
31319712,2017-12-25T13:09:28.413,BUY,8.195e-05,122.02562538
31319714,2017-12-25T13:09:28.633,BUY,8.195e-05,49.51545639
31319715,2017-12-25T13:09:28.633,BUY,8.2e-05,133.29423828
31319723,2017-12-25T13:09:30.397,SELL,8.155e-05,34.44659227
31319724,2017-12-25T13:09:30.397,SELL,8.154e-05,395.89683454
31319725,2017-12-25T13:09:30.397,SELL,8.154e-05,209.61561581
31319739,2017-12-25T13:09:32.757,SELL,8.195e-05,2566.38682465
31319741,2017-12-25T13:09:32.943,SELL,8.195e-05,565.05479983
31319742,2017-12-25T13:09:33.04,SELL,8.195e-05,530.0046009
31319743,2017-12-25T13:09:33.04,SELL,8.156e-05,119.0
31319744,2017-12-25T13:09:33.04,SELL,8.154e-05,232.55825487
31319746,2017-12-25T13:09:33.697,BUY,8.199e-05,163.77088811
31319749,2017-12-25T13:09:34.477,BUY,8.199e-05,736.82355087
31319751,2017-12-25T13:09:34.617,SELL,8.154e-05,1137.79639974
31319752,2017-12-25T13:09:34.617,SELL,8.154e-05,71.3809051
31319753,2017-12-25T13:09:34.617,SELL,8.133e-05,300.0
31319754,2017-12-25T13:09:34.617,SELL,8.133e-05,446.29235959
31319755,2017-12-25T13:09:34.617,SELL,8.127e-05,174.332831
31319756,2017-12-25T13:09:34.617,SELL,8.126e-05,2483.06970697
31319757,2017-12-25T13:09:34.617,SELL,8.126e-05,1230.61777012
31319758,2017-12-25T13:09:34.617,SELL,8.125e-05,7019.04642513
31319761,2017-12-25T13:09:34.71,BUY,8.125e-05,130.14375095
31319763,2017-12-25T13:09:35.04,BUY,8.125e-05,4199.583
31319765,2017-12-25T13:09:35.74,BUY,8.125e-05,20.0
31319767,2017-12-25T13:09:35.757,BUY,8.125e-05,1224.995476
31319769,2017-12-25T13:09:35.773,BUY,8.125e-05,109.0071
31319772,2017-12-25T13:09:35.913,BUY,8.125e-05,453.7342754
31319776,2017-12-25T13:09:36.087,BUY,8.199e-05,101.70470629
31319777,2017-12-25T13:09:36.087,BUY,8.2e-05,102.29529371
31319789,2017-12-25T13:09:39.337,SELL,8.154e-05,35.59611459
31319803,2017-12-25T13:09:41.023,SELL,8.155e-05,1240.29766173
31319804,2017-12-25T13:09:41.023,SELL,8.154e-05,18.62442784
31319805,2017-12-25T13:09:41.023,SELL,8.154e-05,1204.70154714
31319806,2017-12-25T13:09:41.023,SELL,8.154e-05,649.59529065
31319807,2017-12-25T13:09:41.023,SELL,8.127e-05,838.52825716
31319808,2017-12-25T13:09:41.023,SELL,8.126e-05,30.42565871
31319809,2017-12-25T13:09:41.023,SELL,8.125e-05,33.7026971
31319810,2017-12-25T13:09:41.04,SELL,8.124e-05,169.27626569
31319811,2017-12-25T13:09:41.04,SELL,8.124e-05,35.0
31319812,2017-12-25T13:09:41.04,SELL,8.124e-05,309.90679382
31319813,2017-12-25T13:09:41.04,SELL,8.124e-05,978.169
31319814,2017-12-25T13:09:41.04,SELL,8.123e-05,2924.95696619
31319815,2017-12-25T13:09:41.04,SELL,8.122e-05,20.0
31319816,2017-12-25T13:09:41.04,SELL,8.122e-05,1231.92722914
31319817,2017-12-25T13:09:41.04,SELL,8.121e-05,10091.2345414
31319818,2017-12-25T13:09:41.04,SELL,8.12e-05,40.532927
31319828,2017-12-25T13:09:42.697,BUY,8.196e-05,838.52825716
31319829,2017-12-25T13:09:42.697,BUY,8.199e-05,1639.48409386
31319830,2017-12-25T13:09:42.697,BUY,8.2e-05,311.9577107
31319831,2017-12-25T13:09:42.697,BUY,8.2e-05,166.572943
31319832,2017-12-25T13:09:42.697,BUY,8.2e-05,345.16963245
31319833,2017-12-25T13:09:42.697,BUY,8.2e-05,464.76445392
31319834,2017-12-25T13:09:42.697,BUY,8.2e-05,18000.0
31319835,2017-12-25T13:09:42.697,BUY,8.2e-05,258.83415506
31319836,2017-12-25T13:09:42.697,BUY,8.2e-05,116.66945666
31319837,2017-12-25T13:09:42.697,SELL,8.2e-05,2462.54499926
31319840,2017-12-25T13:09:43.35,SELL,8.2e-05,11699.49349941
31319841,2017-12-25T13:09:43.4,SELL,8.2e-05,12090.98465956
31319842,2017-12-25T13:09:43.46,SELL,8.2e-05,2237.6376097
31319846,2017-12-25T13:09:44.07,SELL,8.2e-05,393.47095478
31319848,2017-12-25T13:09:44.133,SELL,8.201e-05,3048.40873064
31319849,2017-12-25T13:09:44.133,SELL,8.2e-05,9435.79064896
31319851,2017-12-25T13:09:45.413,SELL,8.2e-05,38.21842145
31319853,2017-12-25T13:09:45.65,SELL,8.2e-05,3241.44746065
31319855,2017-12-25T13:09:45.807,BUY,8.229e-05,13.0
31319856,2017-12-25T13:09:45.807,BUY,8.229e-05,77.0
31319863,2017-12-25T13:09:47.12,BUY,8.229e-05,15.8325922
31319864,2017-12-25T13:09:47.12,BUY,8.229e-05,411.88215483
31319877,2017-12-25T13:09:49.403,BUY,8.23e-05,39.45563742
31319878,2017-12-25T13:09:49.403,BUY,8.24e-05,2405.24376558
31319880,2017-12-25T13:09:49.653,SELL,8.229e-05,30.6573319
31319884,2017-12-25T13:09:50.92,SELL,8.229e-05,54.19501954
31319885,2017-12-25T13:09:50.92,SELL,8.229e-05,454.73035117
31319886,2017-12-25T13:09:50.92,SELL,8.229e-05,30.0
31319887,2017-12-25T13:09:50.92,SELL,8.229e-05,993.16776717
31319888,2017-12-25T13:09:50.92,SELL,8.201e-05,569.50660782
31319889,2017-12-25T13:09:50.92,SELL,8.2e-05,10670.55016523
31319893,2017-12-25T13:09:52.17,SELL,8.2e-05,1269.0326721
31319897,2017-12-25T13:09:53.56,BUY,8.24e-05,600.23406693
31319898,2017-12-25T13:09:53.56,BUY,8.243e-05,390.98558195
31319899,2017-12-25T13:09:53.56,BUY,8.243e-05,1582.07124369
31319900,2017-12-25T13:09:53.823,SELL,8.243e-05,96.64569384
31319901,2017-12-25T13:09:53.823,SELL,8.2e-05,1270.18159387
31319902,2017-12-25T13:09:54.357,SELL,8.2e-05,3787.68331802
31319919,2017-12-25T13:10:01.513,BUY,8.23e-05,25.41521837
31319920,2017-12-25T13:10:01.513,BUY,8.245e-05,54.0
31319921,2017-12-25T13:10:01.513,BUY,8.245e-05,3281.41398589
31319922,2017-12-25T13:10:01.513,BUY,8.25e-05,1847.08616878
31319924,2017-12-25T13:10:01.823,SELL,8.229e-05,364.71196129
31319944,2017-12-25T13:10:05.2,BUY,8.25e-05,10467.72864603
31319945,2017-12-25T13:10:05.2,BUY,8.25e-05,1000.0
31319946,2017-12-25T13:10:05.2,BUY,8.25e-05,65.91431397
31319948,2017-12-25T13:10:05.45,SELL,8.229e-05,578.12303496
31319951,2017-12-25T13:10:06.183,BUY,8.25e-05,28.90641509
31319957,2017-12-25T13:10:07.31,SELL,8.25e-05,314.67305699
31319970,2017-12-25T13:10:09.433,SELL,8.25e-05,350.13792558
31319971,2017-12-25T13:10:09.467,SELL,8.25e-05,30.42565871
31319974,2017-12-25T13:10:10.637,SELL,8.25e-05,15.0
31319977,2017-12-25T13:10:10.683,BUY,8.27e-05,1245.875
31319990,2017-12-25T13:10:12.607,BUY,8.271e-05,1315.05783927
31319991,2017-12-25T13:10:12.607,BUY,8.29e-05,2961.65926544
31319992,2017-12-25T13:10:12.607,BUY,8.297e-05,21.33943651
31319994,2017-12-25T13:10:12.7,SELL,8.27e-05,184.0
31319995,2017-12-25T13:10:12.95,SELL,8.27e-05,105.28275844
31319997,2017-12-25T13:10:12.997,SELL,8.27e-05,90.0
31320001,2017-12-25T13:10:13.92,BUY,8.297e-05,446.93085487
31320002,2017-12-25T13:10:13.92,BUY,8.3e-05,100.0
31320003,2017-12-25T13:10:13.92,BUY,8.3e-05,1743.3468117
31320012,2017-12-25T13:10:14.623,BUY,8.3e-05,215.53459201
31320017,2017-12-25T13:10:15.81,BUY,8.3e-05,90.56582805
31320018,2017-12-25T13:10:15.81,BUY,8.3e-05,1000.0
31320019,2017-12-25T13:10:15.81,BUY,8.3e-05,515.62832917
31320020,2017-12-25T13:10:15.81,BUY,8.3e-05,201.35203892
31320021,2017-12-25T13:10:15.81,BUY,8.3e-05,110.0
31320022,2017-12-25T13:10:15.81,BUY,8.3e-05,3270.92873084
31320027,2017-12-25T13:10:16.92,SELL,8.3e-05,40.6205878
31320029,2017-12-25T13:10:17.263,SELL,8.3e-05,909.50282926
31320031,2017-12-25T13:10:17.983,SELL,8.3e-05,500.0
31320033,2017-12-25T13:10:18.25,SELL,8.3e-05,1209.42603638
31320034,2017-12-25T13:10:18.25,SELL,8.3e-05,6790.57396362
31320045,2017-12-25T13:10:19.827,SELL,8.3e-05,159.600814
31320048,2017-12-25T13:10:20.343,SELL,8.3e-05,2000.0
31320049,2017-12-25T13:10:20.81,SELL,8.3e-05,122.02562538
31320052,2017-12-25T13:10:21.217,SELL,8.3e-05,739.55366284
31320054,2017-12-25T13:10:21.343,SELL,8.325e-05,121.21212121
31320056,2017-12-25T13:10:21.357,BUY,8.328e-05,2951.752
31320057,2017-12-25T13:10:21.357,BUY,8.329e-05,200.0
31320058,2017-12-25T13:10:21.357,BUY,8.329e-05,234.91179614
31320061,2017-12-25T13:10:21.67,SELL,8.325e-05,82.82337563
31320062,2017-12-25T13:10:21.67,SELL,8.325e-05,38.38874558
31320063,2017-12-25T13:10:21.7,SELL,8.325e-05,121.21212121
31320064,2017-12-25T13:10:21.843,SELL,8.325e-05,160.66358824
31320066,2017-12-25T13:10:22.31,SELL,8.325e-05,121.21212121
31320067,2017-12-25T13:10:22.357,SELL,8.325e-05,121.21212121
31320070,2017-12-25T13:10:22.7,BUY,8.329e-05,574.47400763
31320071,2017-12-25T13:10:22.81,SELL,8.329e-05,126.10943311
31320073,2017-12-25T13:10:22.857,SELL,8.329e-05,294.36860764
31320074,2017-12-25T13:10:22.857,SELL,8.328e-05,4814.08239236
31320085,2017-12-25T13:10:23.873,SELL,8.328e-05,1174.76579208
31320086,2017-12-25T13:10:23.89,SELL,8.325e-05,215.37841592
31320090,2017-12-25T13:10:24.03,SELL,8.325e-05,932.34154965
31320091,2017-12-25T13:10:24.03,SELL,8.3e-05,9067.65845035
31320093,2017-12-25T13:10:24.45,SELL,8.3e-05,932.34155
31320096,2017-12-25T13:10:25.983,BUY,8.32e-05,316.31604227
31320098,2017-12-25T13:10:26.093,BUY,8.32e-05,792.46065017
31320104,2017-12-25T13:10:26.92,SELL,8.3e-05,216.0
31320105,2017-12-25T13:10:26.95,SELL,8.3e-05,4554.16880647
31320106,2017-12-25T13:10:27.2,SELL,8.3e-05,261.21034797
31320109,2017-12-25T13:10:27.64,BUY,8.32e-05,156.48727338
31320111,2017-12-25T13:10:27.75,BUY,8.32e-05,1544.66286664
31320114,2017-12-25T13:10:28.14,BUY,8.32e-05,977.44760325
31320116,2017-12-25T13:10:28.39,SELL,8.3e-05,166.00458539
31320117,2017-12-25T13:10:28.407,SELL,8.3e-05,570.81896548
31320119,2017-12-25T13:10:28.75,BUY,8.32e-05,328.09642094
31320121,2017-12-25T13:10:28.937,SELL,8.3e-05,4096.83587332
31320128,2017-12-25T13:10:30.077,SELL,8.29e-05,603.15784723
31320129,2017-12-25T13:10:30.077,SELL,8.27e-05,2616.15419457
31320135,2017-12-25T13:10:31.08,BUY,8.3e-05,697.23907099
31320137,2017-12-25T13:10:31.097,BUY,8.3e-05,87.01453573
31320139,2017-12-25T13:10:31.423,BUY,8.299e-05,67.60510598
31320140,2017-12-25T13:10:31.423,BUY,8.3e-05,437.51943207
31320145,2017-12-25T13:10:32.143,BUY,8.296e-05,69.92350449
31320159,2017-12-25T13:10:34.033,BUY,8.296e-05,1491.32127665
31320160,2017-12-25T13:10:34.033,BUY,8.299e-05,928.56467113
31320169,2017-12-25T13:10:35.017,BUY,8.299e-05,100.0
31320174,2017-12-25T13:10:35.61,BUY,8.299e-05,222.64464398
31320184,2017-12-25T13:10:37.063,SELL,8.27e-05,499.68142032
31320188,2017-12-25T13:10:37.55,BUY,8.299e-05,50.49472703
31320196,2017-12-25T13:10:39.033,SELL,8.27e-05,845.2940585
31320200,2017-12-25T13:10:40.19,SELL,8.27e-05,600.03110714
31320201,2017-12-25T13:10:40.19,SELL,8.27e-05,48.5258027
31320204,2017-12-25T13:10:40.487,SELL,8.27e-05,951.4741973
31320205,2017-12-25T13:10:40.487,SELL,8.27e-05,69.39573496
31320206,2017-12-25T13:10:40.487,SELL,8.27e-05,183.13285709
31320207,2017-12-25T13:10:40.487,SELL,8.27e-05,134.12213118
31320208,2017-12-25T13:10:40.487,SELL,8.253e-05,287.03283791
31320214,2017-12-25T13:10:41.643,BUY,8.28e-05,1725.27030275
31320217,2017-12-25T13:10:42.05,BUY,8.28e-05,120.77294685
31320224,2017-12-25T13:10:42.77,BUY,8.27e-05,722.51153714
31320231,2017-12-25T13:10:43.91,BUY,8.27e-05,277.48846286
31320232,2017-12-25T13:10:43.91,BUY,8.28e-05,222.51153714
31320235,2017-12-25T13:10:44.237,BUY,8.28e-05,121.95900638
31320242,2017-12-25T13:10:46.533,SELL,8.27e-05,120.91898428
31320243,2017-12-25T13:10:46.533,SELL,8.27e-05,120.91898428
31320246,2017-12-25T13:10:46.673,BUY,8.27e-05,120.91898428
31320249,2017-12-25T13:10:47.613,SELL,8.253e-05,14.77250056
31320263,2017-12-25T13:10:49.533,BUY,8.27e-05,5853.12206703
31320266,2017-12-25T13:10:49.957,BUY,8.27e-05,2147.045613
31320269,2017-12-25T13:10:50.097,BUY,8.27e-05,1201.95204241
31320276,2017-12-25T13:10:51.863,BUY,8.27e-05,1499.8316407
31320284,2017-12-25T13:10:53.567,BUY,8.27e-05,3200.37611889
31320285,2017-12-25T13:10:53.567,BUY,8.27e-05,138.96326811
31320288,2017-12-25T13:10:53.72,BUY,8.27e-05,592.29210036
31320297,2017-12-25T13:10:55.363,SELL,8.253e-05,20.65613608
31320301,2017-12-25T13:10:55.83,BUY,8.267e-05,759.76574118
31320302,2017-12-25T13:10:55.83,BUY,8.27e-05,473.9351614
31320306,2017-12-25T13:10:56.567,SELL,8.253e-05,2594.20756968
31320307,2017-12-25T13:10:56.567,SELL,8.253e-05,313.73663893
31320309,2017-12-25T13:10:56.69,BUY,8.27e-05,300.39798259
31320314,2017-12-25T13:10:58.94,BUY,8.27e-05,748.17506354
31320316,2017-12-25T13:10:59.237,BUY,8.27e-05,120.91898428
31320324,2017-12-25T13:11:00.347,BUY,8.27e-05,624.57520748
31320325,2017-12-25T13:11:00.347,BUY,8.27e-05,71.38090511
31320326,2017-12-25T13:11:00.347,BUY,8.27e-05,434.57677902
31320327,2017-12-25T13:11:00.347,BUY,8.27e-05,268.64178456
31320329,2017-12-25T13:11:00.393,SELL,8.254e-05,18.40490797
31320334,2017-12-25T13:11:01.893,BUY,8.27e-05,99.47266832
31320337,2017-12-25T13:11:02.707,SELL,8.27e-05,3.93792751
31320340,2017-12-25T13:11:03.177,SELL,8.254e-05,435.72569718
31320341,2017-12-25T13:11:03.177,SELL,8.253e-05,20.77894415
31320342,2017-12-25T13:11:03.177,SELL,8.253e-05,2512.95002527
31320343,2017-12-25T13:11:03.177,SELL,8.253e-05,686.70707817
31320344,2017-12-25T13:11:03.177,SELL,8.253e-05,121.13760189
31320345,2017-12-25T13:11:03.177,SELL,8.253e-05,2381.8247104
31320346,2017-12-25T13:11:03.177,SELL,8.253e-05,125.90715013
31320347,2017-12-25T13:11:03.177,SELL,8.253e-05,2645.71857506
31320350,2017-12-25T13:11:03.317,BUY,8.253e-05,146.92858
31320353,2017-12-25T13:11:04.893,SELL,8.251e-05,77.17585106
31320359,2017-12-25T13:11:06.66,BUY,8.253e-05,91.73475018
31320366,2017-12-25T13:11:08.393,SELL,8.251e-05,660.21749749
31320372,2017-12-25T13:11:09.77,SELL,8.251e-05,451.02610094
31320373,2017-12-25T13:11:09.77,SELL,8.251e-05,61.04300514
31320374,2017-12-25T13:11:09.77,SELL,8.25e-05,100.0
31320375,2017-12-25T13:11:09.77,SELL,8.225e-05,228.44241702
31320379,2017-12-25T13:11:10.27,BUY,8.212e-05,106.474459
31320380,2017-12-25T13:11:10.833,SELL,8.211e-05,182.33609554
31320381,2017-12-25T13:11:11.363,SELL,8.211e-05,6972.50390446
31320383,2017-12-25T13:11:11.363,SELL,8.206e-05,243.11479405
31320384,2017-12-25T13:11:11.363,SELL,8.203e-05,2745.48774838
31320385,2017-12-25T13:11:11.363,SELL,8.203e-05,605.86193549
31320386,2017-12-25T13:11:11.363,SELL,8.201e-05,212.08303865
31320387,2017-12-25T13:11:11.363,SELL,8.201e-05,2611.95518839
31320388,2017-12-25T13:11:11.363,SELL,8.201e-05,134.55550965
31320389,2017-12-25T13:11:11.363,SELL,8.2e-05,9249.82604093
31320391,2017-12-25T13:11:11.473,BUY,8.212e-05,1234.59334754
31320393,2017-12-25T13:11:11.597,BUY,8.212e-05,1205.0844665
31320394,2017-12-25T13:11:11.597,BUY,8.25e-05,377.18410155
31320412,2017-12-25T13:11:14.583,SELL,8.212e-05,41.0
31320414,2017-12-25T13:11:14.88,BUY,8.25e-05,77.54624962
31320415,2017-12-25T13:11:14.88,BUY,8.251e-05,488.57257361
31320417,2017-12-25T13:11:15.097,BUY,8.251e-05,80.93403421
31320418,2017-12-25T13:11:15.097,BUY,8.251e-05,1057.58319604
31320419,2017-12-25T13:11:15.097,BUY,8.253e-05,5298.89295423
31320421,2017-12-25T13:11:15.207,BUY,8.253e-05,59.452678
31320424,2017-12-25T13:11:15.613,BUY,8.253e-05,1000.0
31320429,2017-12-25T13:11:15.94,SELL,8.251e-05,107.89169811
31320435,2017-12-25T13:11:17.143,BUY,8.253e-05,106.79208651
31320438,2017-12-25T13:11:17.677,SELL,8.251e-05,1606.53947036
31320439,2017-12-25T13:11:17.677,SELL,8.251e-05,813.34647742
31320445,2017-12-25T13:11:18.643,BUY,8.252e-05,42.39384391
31320449,2017-12-25T13:11:18.787,BUY,8.252e-05,284.998341
31320463,2017-12-25T13:11:21.833,BUY,8.251e-05,114.01201777
31320464,2017-12-25T13:11:21.833,BUY,8.252e-05,2342.5444015
31320465,2017-12-25T13:11:21.833,BUY,8.253e-05,2530.82601299
31320466,2017-12-25T13:11:21.833,BUY,8.254e-05,1300.0
31320467,2017-12-25T13:11:21.833,BUY,8.265e-05,58.71203783
31320468,2017-12-25T13:11:21.833,BUY,8.27e-05,226.03367174
31320469,2017-12-25T13:11:21.833,BUY,8.27e-05,20.4054992
31320471,2017-12-25T13:11:22.973,SELL,8.28e-05,940.65848171
31320481,2017-12-25T13:11:25.083,SELL,8.28e-05,160.46618129
31320493,2017-12-25T13:11:27.897,SELL,8.28e-05,1816.69549776
31320494,2017-12-25T13:11:28.083,SELL,8.28e-05,70.92764749
31320496,2017-12-25T13:11:28.35,BUY,8.28e-05,1090.60128208
31320498,2017-12-25T13:11:28.41,BUY,8.28e-05,2821.73145449
31320512,2017-12-25T13:11:29.85,BUY,8.28e-05,15.55868782
31320513,2017-12-25T13:11:30.35,SELL,8.279e-05,34.05546275
31320521,2017-12-25T13:11:32.647,BUY,8.28e-05,733.63234426
31320524,2017-12-25T13:11:33.567,SELL,8.279e-05,1256.38642769
31320534,2017-12-25T13:11:37.943,SELL,8.27e-05,135.21203038
31320535,2017-12-25T13:11:37.943,SELL,8.25e-05,121.21212121
31320536,2017-12-25T13:11:37.943,SELL,8.25e-05,121.21212121
31320537,2017-12-25T13:11:37.943,SELL,8.214e-05,129.84364787
31320551,2017-12-25T13:11:40.443,BUY,8.278e-05,48.50474106
31320561,2017-12-25T13:11:42.863,BUY,8.27e-05,594.547995
31320567,2017-12-25T13:11:44.333,BUY,8.269e-05,81.13550284
31320571,2017-12-25T13:11:45.24,SELL,8.217e-05,1282.03443266
31320572,2017-12-25T13:11:45.24,SELL,8.215e-05,3200.93413043
31320573,2017-12-25T13:11:45.24,SELL,8.214e-05,1295.85887438
31320574,2017-12-25T13:11:45.24,SELL,8.212e-05,699.78760392
31320575,2017-12-25T13:11:45.24,SELL,8.211e-05,1237.046
31320576,2017-12-25T13:11:45.24,SELL,8.21e-05,231.37151032
31320577,2017-12-25T13:11:45.24,SELL,8.208e-05,6304.516
31320578,2017-12-25T13:11:45.24,SELL,8.206e-05,3280.56534267
31320579,2017-12-25T13:11:45.24,SELL,8.205e-05,82.75023092
31320580,2017-12-25T13:11:45.24,SELL,8.201e-05,1219.36349226
31320581,2017-12-25T13:11:45.24,SELL,8.2e-05,51165.77238244
31320591,2017-12-25T13:11:47.74,BUY,8.268e-05,241.57556945
31320650,2017-12-25T13:11:57.227,SELL,8.187e-05,30.0
31320651,2017-12-25T13:11:57.227,SELL,8.159e-05,124.43844957
31320652,2017-12-25T13:11:57.227,SELL,8.155e-05,1066.18181974
31320660,2017-12-25T13:11:59.583,BUY,8.155e-05,433.500364
31320663,2017-12-25T13:12:00.507,SELL,8.15e-05,50.0
31320665,2017-12-25T13:12:00.57,BUY,8.15e-05,26.20329754
31320667,2017-12-25T13:12:00.57,BUY,8.15e-05,26.20329754
31320671,2017-12-25T13:12:01.037,BUY,8.15e-05,807.51721014
31320674,2017-12-25T13:12:01.833,BUY,8.15e-05,30.49152335
31320676,2017-12-25T13:12:01.99,BUY,8.15e-05,296.9416603
31320677,2017-12-25T13:12:01.99,BUY,8.155e-05,1239.94173286
31320681,2017-12-25T13:12:02.71,BUY,8.155e-05,2550.51225856
31320682,2017-12-25T13:12:02.71,BUY,8.155e-05,62.39129449
31320683,2017-12-25T13:12:02.71,BUY,8.159e-05,1090.60128208
31320684,2017-12-25T13:12:02.71,BUY,8.197e-05,816.50218788
31320685,2017-12-25T13:12:02.71,BUY,8.199e-05,1210.0
31320686,2017-12-25T13:12:02.71,BUY,8.2e-05,12343.4004129
31320688,2017-12-25T13:12:02.96,SELL,8.126e-05,64.0167364
31320689,2017-12-25T13:12:02.96,SELL,8.125e-05,38.379012
31320690,2017-12-25T13:12:02.96,SELL,8.125e-05,1005.88025321
31320691,2017-12-25T13:12:02.96,SELL,8.125e-05,1273.81472472
31320692,2017-12-25T13:12:02.96,SELL,8.123e-05,1367.29347463
31320695,2017-12-25T13:12:03.553,BUY,8.155e-05,120.0
31320696,2017-12-25T13:12:03.553,BUY,8.2e-05,0.977498
31320700,2017-12-25T13:12:03.88,BUY,8.2e-05,86.831308
31320701,2017-12-25T13:12:04.007,SELL,8.155e-05,725.57759494
31320702,2017-12-25T13:12:04.007,SELL,8.123e-05,2325.91580765
31320703,2017-12-25T13:12:04.007,SELL,8.123e-05,330.82896599
31320704,2017-12-25T13:12:04.007,SELL,8.121e-05,910.25208586
31320705,2017-12-25T13:12:04.007,SELL,8.12e-05,11539.12504678
31320707,2017-12-25T13:12:04.007,BUY,8.196e-05,51.06737744
31320710,2017-12-25T13:12:04.367,SELL,8.155e-05,1173.73488412
31320711,2017-12-25T13:12:04.367,SELL,8.12e-05,10505.83560165
31320712,2017-12-25T13:12:04.367,SELL,8.12e-05,683.08575851
31320714,2017-12-25T13:12:04.38,BUY,8.12e-05,774.06938151
31320716,2017-12-25T13:12:04.63,BUY,8.12e-05,51.06737744
31320720,2017-12-25T13:12:05.397,BUY,8.12e-05,41.69089189
31320722,2017-12-25T13:12:05.507,BUY,8.12e-05,121.92148257
31320725,2017-12-25T13:12:06.163,BUY,8.12e-05,30.61913631
31320731,2017-12-25T13:12:07.413,BUY,8.12e-05,1085.60590629
31320733,2017-12-25T13:12:07.477,BUY,8.119e-05,725.49172605
31320735,2017-12-25T13:12:07.49,BUY,8.119e-05,287.560072
31320738,2017-12-25T13:12:07.757,SELL,8.116e-05,246.42681123
31320739,2017-12-25T13:12:07.757,SELL,8.116e-05,13.0
31320740,2017-12-25T13:12:07.757,SELL,8.11e-05,318.84011282
31320743,2017-12-25T13:12:07.803,BUY,8.11e-05,50.29028974
31320745,2017-12-25T13:12:07.99,BUY,8.11e-05,434.01029172
31320746,2017-12-25T13:12:08.38,SELL,8.1e-05,17.97602236
31320747,2017-12-25T13:12:08.38,SELL,8.1e-05,13.32820093
31320748,2017-12-25T13:12:08.38,SELL,8.1e-05,314.96345741
31320751,2017-12-25T13:12:08.647,BUY,8.1e-05,1047.10952105
31320754,2017-12-25T13:12:08.867,BUY,8.1e-05,241.1439996
31320756,2017-12-25T13:12:09.477,BUY,8.1e-05,113.91908537
31320761,2017-12-25T13:12:10.273,SELL,8.089e-05,112.11089133
31320763,2017-12-25T13:12:10.477,BUY,8.089e-05,91.92460551
31320764,2017-12-25T13:12:10.477,BUY,8.1e-05,97.60333049
31320766,2017-12-25T13:12:10.553,BUY,8.1e-05,583.93437587
31320767,2017-12-25T13:12:10.663,SELL,8.088e-05,1710.40866302
31320771,2017-12-25T13:12:12.1,SELL,8.088e-05,756.20854766
31320782,2017-12-25T13:12:15.647,SELL,8.055e-05,31.90998406
31320783,2017-12-25T13:12:15.647,SELL,8.033e-05,638.2329778
31320785,2017-12-25T13:12:15.93,SELL,8.033e-05,6609.9310222
31320786,2017-12-25T13:12:15.93,SELL,8.03e-05,3708.06364352
31320787,2017-12-25T13:12:15.93,SELL,8.006e-05,35.0
31320788,2017-12-25T13:12:15.93,SELL,8.002e-05,1058.83212738
