4968990,2017-12-25T23:58:59.13,BUY,9.8e-07,60273.15997119
4968991,2017-12-25T23:58:59.147,BUY,9.8e-07,43969.79650439
4968992,2017-12-25T23:58:59.147,BUY,9.8e-07,9215.64531013
4969003,2017-12-25T23:59:02.32,SELL,9.7e-07,1025.52045928
4969008,2017-12-25T23:59:02.99,BUY,9.8e-07,1484.35468987
4969009,2017-12-25T23:59:02.99,BUY,9.8e-07,12786.54191727
4969012,2017-12-25T23:59:03.367,BUY,9.8e-07,15999.99999998
4969021,2017-12-25T23:59:05.35,SELL,9.7e-07,1025.52045928
4969023,2017-12-25T23:59:05.757,SELL,9.7e-07,174780.5753357
4969024,2017-12-25T23:59:05.757,SELL,9.7e-07,1995.01995
4969025,2017-12-25T23:59:05.757,SELL,9.7e-07,63224.4047143
4969026,2017-12-25T23:59:06.163,SELL,9.7e-07,129265.5663424
4969027,2017-12-25T23:59:06.163,SELL,9.7e-07,1978290.0753866
4969028,2017-12-25T23:59:06.163,SELL,9.7e-07,1030.91752587
4969029,2017-12-25T23:59:06.163,SELL,9.7e-07,7123.09608247
4969030,2017-12-25T23:59:06.163,SELL,9.7e-07,1030.91752587
4969031,2017-12-25T23:59:06.163,SELL,9.7e-07,73901.63853093
4969037,2017-12-25T23:59:07.257,BUY,9.7e-07,158969.86832001
4969038,2017-12-25T23:59:07.257,BUY,9.8e-07,65968.2347238
4969041,2017-12-25T23:59:08.507,SELL,9.7e-07,1025.52045928
4969043,2017-12-25T23:59:09.48,BUY,9.8e-07,6265.96525439
4969046,2017-12-25T23:59:09.633,BUY,9.8e-07,40143.842063
4969049,2017-12-25T23:59:10.29,BUY,9.8e-07,190989.22821429
4969051,2017-12-25T23:59:10.4,BUY,9.8e-07,16089.71625785
4969059,2017-12-25T23:59:12.633,BUY,9.7e-07,1025.52045928
4969062,2017-12-25T23:59:12.837,SELL,9.7e-07,15547.23393272
4969063,2017-12-25T23:59:12.837,SELL,9.6e-07,72127.06160299
4969068,2017-12-25T23:59:13.01,BUY,9.8e-07,209731.6326815
4969071,2017-12-25T23:59:13.4,SELL,9.7e-07,1025.52045928
4969086,2017-12-25T23:59:15.57,SELL,9.7e-07,39118.32160372
4969087,2017-12-25T23:59:15.57,SELL,9.7e-07,41341.91195876
4969088,2017-12-25T23:59:15.57,SELL,9.7e-07,16089.71625785
4969089,2017-12-25T23:59:15.57,SELL,9.7e-07,51233.64641753
4969090,2017-12-25T23:59:15.57,SELL,9.6e-07,21333.01296875
4969091,2017-12-25T23:59:15.57,SELL,9.6e-07,1145.83333333
4969092,2017-12-25T23:59:15.57,SELL,9.6e-07,1041.6562501
4969093,2017-12-25T23:59:15.57,SELL,9.6e-07,28695.90120996
4969099,2017-12-25T23:59:16.383,BUY,9.8e-07,23417.192903
4969100,2017-12-25T23:59:16.447,SELL,9.7e-07,1025.52045928
4969103,2017-12-25T23:59:16.62,BUY,9.8e-07,536321.60629944
4969104,2017-12-25T23:59:16.62,BUY,9.8e-07,1389321.22687569
4969105,2017-12-25T23:59:16.62,BUY,9.8e-07,821.25403441
4969106,2017-12-25T23:59:16.62,BUY,9.8e-07,1250.314375
4969107,2017-12-25T23:59:16.62,BUY,9.8e-07,30000.0
4969108,2017-12-25T23:59:16.62,BUY,9.8e-07,169143.472041
4969109,2017-12-25T23:59:16.62,BUY,9.8e-07,20000.0
4969110,2017-12-25T23:59:16.62,BUY,9.8e-07,73901.63853093
4969111,2017-12-25T23:59:16.807,SELL,9.8e-07,41120.23237179
4969115,2017-12-25T23:59:17.713,SELL,9.8e-07,2500.0
4969119,2017-12-25T23:59:18.68,BUY,9.9e-07,3000.0
4969120,2017-12-25T23:59:18.68,BUY,9.9e-07,1504.36232143
4969121,2017-12-25T23:59:18.68,BUY,9.9e-07,2922.7569863
4969122,2017-12-25T23:59:18.68,BUY,9.9e-07,8184.34262762
4969127,2017-12-25T23:59:19.213,SELL,9.8e-07,1025.52045928
4969132,2017-12-25T23:59:19.73,BUY,9.9e-07,19514.327419
4969138,2017-12-25T23:59:20.557,BUY,9.9e-07,18230.029831
4969140,2017-12-25T23:59:20.947,SELL,9.8e-07,2500.0
4969141,2017-12-25T23:59:21.04,SELL,9.8e-07,119000.0
4969145,2017-12-25T23:59:21.697,SELL,9.8e-07,3058.49132463
4969147,2017-12-25T23:59:21.9,SELL,9.8e-07,34594.59459456
4969148,2017-12-25T23:59:21.917,SELL,9.8e-07,1015.16166676
4969152,2017-12-25T23:59:22.417,BUY,9.9e-07,15611.46193535
4969153,2017-12-25T23:59:22.417,SELL,9.8e-07,1064437.36484043
4969158,2017-12-25T23:59:23.68,BUY,9.9e-07,32180.209171
4969160,2017-12-25T23:59:23.777,BUY,9.9e-07,9664.12768793
4969161,2017-12-25T23:59:23.887,SELL,9.8e-07,1955117.13488473
4969166,2017-12-25T23:59:24.137,BUY,9.9e-07,16089.71625785
4969168,2017-12-25T23:59:24.603,BUY,9.9e-07,21699.93209
4969169,2017-12-25T23:59:24.79,SELL,9.8e-07,46360.36102744
4969172,2017-12-25T23:59:25.183,BUY,9.9e-07,24596.59720683
4969178,2017-12-25T23:59:26.433,BUY,9.9e-07,16421.57466479
4969185,2017-12-25T23:59:26.73,BUY,9.9e-07,126198.91387101
4969188,2017-12-25T23:59:27.387,SELL,9.8e-07,553966.17212846
4969189,2017-12-25T23:59:27.387,SELL,9.8e-07,15611.46193535
4969190,2017-12-25T23:59:27.387,SELL,9.8e-07,100757.57575758
4969191,2017-12-25T23:59:27.387,SELL,9.8e-07,10611.70212766
4969192,2017-12-25T23:59:27.387,SELL,9.8e-07,1020.39795928
4969193,2017-12-25T23:59:27.387,SELL,9.8e-07,15376.38107143
4969195,2017-12-25T23:59:27.823,BUY,9.8e-07,10700.0
4969197,2017-12-25T23:59:27.933,BUY,9.8e-07,51652.85303105
4969199,2017-12-25T23:59:28.057,BUY,9.8e-07,3664.28571429
4969202,2017-12-25T23:59:28.95,SELL,9.7e-07,1145.83333333
4969204,2017-12-25T23:59:29.027,BUY,9.8e-07,1020.39795928
4969212,2017-12-25T23:59:31.463,BUY,9.8e-07,43055.28589286
4969213,2017-12-25T23:59:31.497,SELL,9.7e-07,1025.52045928
4969217,2017-12-25T23:59:32.323,SELL,9.7e-07,4256.8510477
4969220,2017-12-25T23:59:33.167,BUY,9.8e-07,1283.99348926
4969222,2017-12-25T23:59:33.323,BUY,9.8e-07,14526.735
4969226,2017-12-25T23:59:33.963,SELL,9.7e-07,1025.52045928
4969239,2017-12-25T23:59:36.92,SELL,9.7e-07,25000.0
4969242,2017-12-25T23:59:36.98,BUY,9.8e-07,49147.39418214
4969248,2017-12-25T23:59:38.573,SELL,9.7e-07,8551.63838598
4969249,2017-12-25T23:59:38.573,SELL,9.7e-07,5644.27847878
4969250,2017-12-25T23:59:38.623,SELL,9.7e-07,400.97257792
4969251,2017-12-25T23:59:38.623,SELL,9.7e-07,68267.02092898
4969254,2017-12-25T23:59:39.107,SELL,9.7e-07,6024.11564318
4969255,2017-12-25T23:59:39.107,SELL,9.7e-07,1466.64990227
4969259,2017-12-25T23:59:40.107,BUY,9.8e-07,1497.03059924
4969261,2017-12-25T23:59:40.37,BUY,9.8e-07,207613.21143102
4969264,2017-12-25T23:59:41.183,BUY,9.8e-07,3750.0
4969271,2017-12-25T23:59:42.873,BUY,9.8e-07,9400.0
4969273,2017-12-25T23:59:43.043,BUY,9.8e-07,3313.65428571
4969275,2017-12-25T23:59:43.137,BUY,9.8e-07,1533.05571429
4969282,2017-12-25T23:59:44.097,BUY,9.8e-07,5853.83196429
4969288,2017-12-25T23:59:45.997,SELL,9.7e-07,11957.70789063
4969293,2017-12-25T23:59:48.043,BUY,9.8e-07,44400.68946429
4969296,2017-12-25T23:59:48.293,BUY,9.8e-07,418329.39934988
4969297,2017-12-25T23:59:48.293,BUY,9.8e-07,104216.07765625
4969298,2017-12-25T23:59:48.293,BUY,9.8e-07,15000.0
4969299,2017-12-25T23:59:48.293,BUY,9.8e-07,47500.0
4969300,2017-12-25T23:59:48.293,BUY,9.8e-07,192489.9710567
4969301,2017-12-25T23:59:48.293,BUY,9.8e-07,172121.72408003
4969304,2017-12-25T23:59:48.623,SELL,9.7e-07,22462.0
4969311,2017-12-25T23:59:50.263,SELL,9.7e-07,383824.98151122
4969312,2017-12-25T23:59:50.263,SELL,9.7e-07,10283.57713918
4969313,2017-12-25T23:59:50.263,SELL,9.7e-07,580000.0
4969314,2017-12-25T23:59:50.263,SELL,9.7e-07,800.0
4969315,2017-12-25T23:59:50.263,SELL,9.7e-07,10000.0
4969316,2017-12-25T23:59:50.263,SELL,9.7e-07,15091.4413496
4969317,2017-12-25T23:59:50.373,SELL,9.7e-07,2000.0
4969318,2017-12-25T23:59:50.67,SELL,9.7e-07,144412.59428571
4969323,2017-12-25T23:59:51.64,SELL,9.7e-07,10000.0
4969330,2017-12-25T23:59:53.17,BUY,9.8e-07,2446.41895031
4969331,2017-12-25T23:59:53.263,SELL,9.7e-07,18746.04402964
4969332,2017-12-25T23:59:53.263,SELL,9.7e-07,13597.70245972
4969336,2017-12-25T23:59:54.577,SELL,9.7e-07,4000.0
4969338,2017-12-25T23:59:54.7,BUY,9.8e-07,249848.35375179
4969346,2017-12-25T23:59:56.437,SELL,9.7e-07,1733.30089286
4969354,2017-12-25T23:59:57.953,BUY,9.8e-07,4150.42658393
4969362,2017-12-26T00:00:00.577,BUY,9.8e-07,30710.8818703
4969365,2017-12-26T00:00:00.767,BUY,9.8e-07,250000.0
4969377,2017-12-26T00:00:03.843,BUY,9.8e-07,1295722.19476364
4969378,2017-12-26T00:00:03.843,BUY,9.8e-07,36716.806875
4969379,2017-12-26T00:00:03.843,BUY,9.8e-07,10700.0
4969380,2017-12-26T00:00:03.843,BUY,9.8e-07,8000.0
4969381,2017-12-26T00:00:03.843,BUY,9.8e-07,150000.0
4969382,2017-12-26T00:00:03.843,BUY,9.8e-07,65625.0
4969383,2017-12-26T00:00:03.86,BUY,9.8e-07,25000.0
4969384,2017-12-26T00:00:03.86,BUY,9.8e-07,12000.0
4969385,2017-12-26T00:00:04.017,SELL,9.8e-07,13939.87341772
4969393,2017-12-26T00:00:05.063,BUY,9.9e-07,11606.53979381
4969394,2017-12-26T00:00:05.063,BUY,9.9e-07,2000.27034672
4969395,2017-12-26T00:00:05.063,BUY,9.9e-07,1323.798
4969396,2017-12-26T00:00:05.063,BUY,9.9e-07,5000.0
4969397,2017-12-26T00:00:05.063,BUY,1e-06,2334.52660714
4969398,2017-12-26T00:00:05.063,BUY,1e-06,60000.0
4969399,2017-12-26T00:00:05.063,BUY,1e-06,17734.86525233
4969405,2017-12-26T00:00:05.923,SELL,9.9e-07,24135.156879
4969406,2017-12-26T00:00:05.923,SELL,9.8e-07,75864.843121
4969411,2017-12-26T00:00:06.703,SELL,9.8e-07,206271.80835895
4969421,2017-12-26T00:00:08.47,SELL,9.8e-07,20000.0
4969425,2017-12-26T00:00:09.11,SELL,9.8e-07,10000.0
4969426,2017-12-26T00:00:09.127,SELL,9.8e-07,161000.7129918
4969430,2017-12-26T00:00:09.61,BUY,9.9e-07,10283.57713918
4969431,2017-12-26T00:00:09.61,BUY,1e-06,5806.13911867
4969435,2017-12-26T00:00:09.89,BUY,1e-06,16089.71625785
4969438,2017-12-26T00:00:10.22,BUY,1e-06,33897.55353405
4969439,2017-12-26T00:00:10.22,BUY,1e-06,6246.28852895
4969444,2017-12-26T00:00:10.797,BUY,1e-06,28919.456414
4969446,2017-12-26T00:00:11.033,SELL,9.9e-07,1031.90871212
4969447,2017-12-26T00:00:11.033,SELL,9.8e-07,178233.07636251
4969449,2017-12-26T00:00:11.22,BUY,1e-06,1010.1010101
4969456,2017-12-26T00:00:11.987,BUY,1e-06,16725.77261838
4969457,2017-12-26T00:00:11.987,BUY,1e-06,1991.21834062
4969459,2017-12-26T00:00:12.017,BUY,1e-06,3198.01564377
4969460,2017-12-26T00:00:12.017,BUY,1e-06,46021.58428899
4969461,2017-12-26T00:00:12.017,BUY,1e-06,5305.85106383
4969462,2017-12-26T00:00:12.017,BUY,1e-06,28903.028
4969463,2017-12-26T00:00:12.017,BUY,1e-06,110587.06392857
4969464,2017-12-26T00:00:12.017,BUY,1e-06,58382.28381387
4969467,2017-12-26T00:00:12.47,BUY,1e-06,16090.104586
4969473,2017-12-26T00:00:13.05,BUY,1e-06,15611.461935
4969476,2017-12-26T00:00:13.55,SELL,9.8e-07,40662.2685
4969481,2017-12-26T00:00:14.05,BUY,1e-06,1010.1010101
4969482,2017-12-26T00:00:14.203,SELL,9.8e-07,47799.507
4969487,2017-12-26T00:00:15.157,SELL,9.8e-07,13011.78413701
4969491,2017-12-26T00:00:15.737,BUY,1e-06,40689.11078
4969494,2017-12-26T00:00:15.97,BUY,1e-06,16275.644312
4969497,2017-12-26T00:00:16.313,SELL,9.8e-07,1000.0
4969513,2017-12-26T00:00:17.91,BUY,1e-06,4841.43557363
4969515,2017-12-26T00:00:17.957,BUY,1e-06,14524.30471492
4969525,2017-12-26T00:00:20.33,BUY,1e-06,118468.66832918
4969528,2017-12-26T00:00:20.52,BUY,1e-06,77146.53573495
4969561,2017-12-26T00:00:28.16,SELL,9.8e-07,16990.76551894
4969562,2017-12-26T00:00:28.16,SELL,9.8e-07,26154.21589286
4969563,2017-12-26T00:00:28.16,SELL,9.8e-07,6759.65863163
4969564,2017-12-26T00:00:28.16,SELL,9.8e-07,19386.37178571
4969565,2017-12-26T00:00:28.16,SELL,9.8e-07,183955.9575
4969566,2017-12-26T00:00:28.16,SELL,9.8e-07,52901.61857143
4969567,2017-12-26T00:00:28.16,SELL,9.8e-07,1020.39795928
4969568,2017-12-26T00:00:28.16,SELL,9.8e-07,2035.71428571
4969570,2017-12-26T00:00:28.597,BUY,9.8e-07,1020.39795928
4969572,2017-12-26T00:00:28.88,BUY,9.8e-07,4504.66928571
4969576,2017-12-26T00:00:29.427,BUY,9.8e-07,2631.88486451
4969578,2017-12-26T00:00:29.55,BUY,9.8e-07,173035.71428571
4969581,2017-12-26T00:00:29.99,BUY,9.8e-07,1020.39795928
4969583,2017-12-26T00:00:30.283,BUY,9.8e-07,2413.72772004
4969589,2017-12-26T00:00:32.143,BUY,9.8e-07,46321.695525
4969593,2017-12-26T00:00:33.24,BUY,9.8e-07,199935.75482143
4969596,2017-12-26T00:00:33.52,SELL,9.7e-07,7250.0
4969598,2017-12-26T00:00:33.817,BUY,9.8e-07,149327.395875
4969602,2017-12-26T00:00:34.74,BUY,9.8e-07,81428.89714286
4969606,2017-12-26T00:00:35.427,BUY,9.8e-07,9975.0
4969610,2017-12-26T00:00:36.503,BUY,9.8e-07,24112.2765
4969614,2017-12-26T00:00:37.41,BUY,9.8e-07,3500.0
4969626,2017-12-26T00:00:39.003,BUY,9.8e-07,4827.45443708
4969629,2017-12-26T00:00:39.41,BUY,9.8e-07,279614.61117535
4969630,2017-12-26T00:00:39.41,BUY,9.8e-07,24567.0802439
4969631,2017-12-26T00:00:39.41,BUY,9.8e-07,100000.0
4969643,2017-12-26T00:00:41.397,SELL,9.8e-07,1015.16166676
4969650,2017-12-26T00:00:42.613,BUY,9.9e-07,9054.09527253
4969653,2017-12-26T00:00:43.007,SELL,9.8e-07,1015.16166676
4969655,2017-12-26T00:00:43.223,BUY,9.9e-07,20945.90472747
4969656,2017-12-26T00:00:43.223,BUY,1e-06,138148.82162253
4969658,2017-12-26T00:00:43.49,BUY,1e-06,18159.696975
4969665,2017-12-26T00:00:44.943,BUY,1e-06,1003.00100299
4969666,2017-12-26T00:00:45.07,SELL,9.8e-07,1015.16166676
4969670,2017-12-26T00:00:45.833,BUY,1e-06,1010.1010101
4969671,2017-12-26T00:00:46.083,SELL,9.8e-07,25000.0
4969673,2017-12-26T00:00:46.163,BUY,1e-06,35856.23274808
4969674,2017-12-26T00:00:46.163,BUY,1e-06,58041.45468085
4969675,2017-12-26T00:00:46.18,BUY,1e-06,2040.0
4969676,2017-12-26T00:00:46.18,BUY,1e-06,6655.17769483
4969685,2017-12-26T00:00:47.867,SELL,9.8e-07,2113.69451551
4969699,2017-12-26T00:00:50.287,SELL,9.8e-07,16900.0
4969722,2017-12-26T00:00:56.337,SELL,9.9e-07,5000.0
4969724,2017-12-26T00:00:56.477,SELL,9.9e-07,25067.48529501
4969725,2017-12-26T00:00:56.757,SELL,9.9e-07,10611.76845121
4969731,2017-12-26T00:00:57.49,BUY,1e-06,402.73935062
4969732,2017-12-26T00:00:57.49,BUY,1e-06,475.73097832
4969742,2017-12-26T00:00:59.447,BUY,1e-06,5880.04305
4969754,2017-12-26T00:01:02.007,BUY,1e-06,95610.83951054
4969763,2017-12-26T00:01:03.993,BUY,1e-06,29659.216453
4969765,2017-12-26T00:01:04.273,SELL,9.9e-07,50000.0
4969769,2017-12-26T00:01:04.853,BUY,1e-06,1003.00100299
4969776,2017-12-26T00:01:06.15,BUY,1e-06,40689.11078
4969780,2017-12-26T00:01:06.947,BUY,1e-06,16275.64431207
4969810,2017-12-26T00:01:13.853,BUY,1e-06,40972.165202
4969815,2017-12-26T00:01:14.29,BUY,1e-06,39532.566929
4969817,2017-12-26T00:01:15.417,SELL,9.9e-07,158380.19367802
4969818,2017-12-26T00:01:15.417,SELL,9.9e-07,10300.0
4969819,2017-12-26T00:01:15.417,SELL,9.9e-07,209315.90378788
4969820,2017-12-26T00:01:15.417,SELL,9.9e-07,39567.56045455
4969821,2017-12-26T00:01:15.417,SELL,9.9e-07,1736.04295455
4969822,2017-12-26T00:01:15.417,SELL,9.9e-07,10000.0
4969823,2017-12-26T00:01:15.417,SELL,9.9e-07,33549.7921862
4969824,2017-12-26T00:01:15.417,SELL,9.9e-07,50000.0
4969825,2017-12-26T00:01:15.417,SELL,9.9e-07,50000.0
4969826,2017-12-26T00:01:15.417,SELL,9.9e-07,121462.86808232
4969827,2017-12-26T00:01:15.417,SELL,9.9e-07,1010.09090919
4969828,2017-12-26T00:01:15.417,SELL,9.8e-07,1666313.70971879
4969831,2017-12-26T00:01:15.48,BUY,1e-06,16421.7095
4969836,2017-12-26T00:01:16.26,BUY,1e-06,15813.02677145
4969841,2017-12-26T00:01:17.353,BUY,1e-06,14333.6121773
4969842,2017-12-26T00:01:17.353,BUY,1e-06,7500.0
4969843,2017-12-26T00:01:17.353,BUY,1e-06,71522.08808824
4969844,2017-12-26T00:01:17.353,BUY,1e-06,6234.375
4969845,2017-12-26T00:01:17.353,BUY,1e-06,2131.53773684
4969846,2017-12-26T00:01:17.353,BUY,1e-06,70752.43122262
4969849,2017-12-26T00:01:17.713,BUY,1e-06,24379.688025
4969856,2017-12-26T00:01:19.557,BUY,9.9e-07,1005.0100501
4969857,2017-12-26T00:01:19.557,BUY,9.9e-07,9070.74752566
4969862,2017-12-26T00:01:20.29,BUY,9.9e-07,3246.31866666
4969865,2017-12-26T00:01:20.667,BUY,9.9e-07,15000.0
4969868,2017-12-26T00:01:21.243,BUY,9.9e-07,32459.08652775
4969880,2017-12-26T00:01:23.323,SELL,9.8e-07,3278.28375
4969887,2017-12-26T00:01:25.183,BUY,9.9e-07,49883.029875
4969888,2017-12-26T00:01:25.81,SELL,9.8e-07,1836.96019231
4969892,2017-12-26T00:01:26.31,BUY,9.9e-07,26448.65204545
4969895,2017-12-26T00:01:27.45,BUY,9.9e-07,3373.12163665
4969896,2017-12-26T00:01:27.45,BUY,9.9e-07,19819.99268153
4969902,2017-12-26T00:01:28.747,BUY,9.9e-07,1000.0
4969916,2017-12-26T00:01:33.84,SELL,9.8e-07,22222.22222208
4969917,2017-12-26T00:01:33.857,SELL,9.8e-07,93433.0
4969918,2017-12-26T00:01:33.98,SELL,9.8e-07,193719.59200157
4969927,2017-12-26T00:01:35.357,BUY,9.9e-07,56629.22363636
4969930,2017-12-26T00:01:36.013,BUY,9.9e-07,243312.5178397
4969936,2017-12-26T00:01:38.34,BUY,9.9e-07,1500.0
4969937,2017-12-26T00:01:38.357,SELL,9.8e-07,2040.81632653
4969938,2017-12-26T00:01:38.357,SELL,9.8e-07,4355.06464286
4969939,2017-12-26T00:01:38.357,SELL,9.8e-07,58.23054657
4969941,2017-12-26T00:01:38.95,SELL,9.8e-07,20033.57731057
4969942,2017-12-26T00:01:38.95,SELL,9.8e-07,4000.0
4969943,2017-12-26T00:01:38.95,SELL,9.8e-07,4662.32389939
4969950,2017-12-26T00:01:41.03,SELL,9.8e-07,11000.0
4969951,2017-12-26T00:01:41.23,SELL,9.8e-07,82951.90020775
4969952,2017-12-26T00:01:41.23,SELL,9.8e-07,28315.51339286
4969953,2017-12-26T00:01:41.23,SELL,9.8e-07,2042.95125
4969954,2017-12-26T00:01:41.23,SELL,9.8e-07,10000.0
4969955,2017-12-26T00:01:41.23,SELL,9.8e-07,10204.08163265
4969956,2017-12-26T00:01:41.23,SELL,9.8e-07,6993.94071429
4969957,2017-12-26T00:01:41.23,SELL,9.8e-07,20000.0
4969958,2017-12-26T00:01:41.23,SELL,9.8e-07,2040.0
4969959,2017-12-26T00:01:41.23,SELL,9.8e-07,9333.94665
4969960,2017-12-26T00:01:41.23,SELL,9.8e-07,24930.45642857
4969961,2017-12-26T00:01:41.247,SELL,9.8e-07,45232.31946429
4969962,2017-12-26T00:01:41.247,SELL,9.8e-07,6291.69053571
4969963,2017-12-26T00:01:41.247,SELL,9.8e-07,4516.24232143
4969964,2017-12-26T00:01:41.247,SELL,9.8e-07,1020.39795928
4969965,2017-12-26T00:01:41.247,SELL,9.8e-07,225000.0
4969967,2017-12-26T00:01:41.403,BUY,9.8e-07,19412.90732143
4969969,2017-12-26T00:01:41.497,BUY,9.8e-07,131290.71589286
4969976,2017-12-26T00:01:45.593,BUY,9.8e-07,360909.76662992
4969977,2017-12-26T00:01:45.593,BUY,9.8e-07,2500.0
4969978,2017-12-26T00:01:45.593,BUY,9.8e-07,1031.90871212
4969979,2017-12-26T00:01:45.593,BUY,9.8e-07,1750.0287
4969980,2017-12-26T00:01:45.593,BUY,9.8e-07,387250.04310976
4969983,2017-12-26T00:01:46.967,BUY,9.9e-07,20000.0
4969989,2017-12-26T00:01:48.17,SELL,9.8e-07,1015.16166676
4969991,2017-12-26T00:01:48.39,SELL,9.8e-07,2500.0
4969999,2017-12-26T00:01:50.047,SELL,9.8e-07,41494.81081994
4970001,2017-12-26T00:01:52.217,SELL,9.8e-07,122766.06589721
4970002,2017-12-26T00:01:52.217,SELL,9.8e-07,113715.0
4970003,2017-12-26T00:01:52.217,SELL,9.8e-07,1020.39795928
4970005,2017-12-26T00:01:52.31,BUY,9.8e-07,4113.05602279
4970010,2017-12-26T00:01:53.03,BUY,9.8e-07,11185.48012072
4970011,2017-12-26T00:01:53.03,BUY,9.9e-07,37600.60907023
4970013,2017-12-26T00:01:53.157,BUY,9.9e-07,2000.0
4970018,2017-12-26T00:01:54.53,SELL,9.7e-07,23418.99664742
4970019,2017-12-26T00:01:54.53,SELL,9.7e-07,1543.23533505
4970020,2017-12-26T00:01:54.53,SELL,9.7e-07,6614.10371134
4970021,2017-12-26T00:01:54.53,SELL,9.7e-07,193504.47997423
4970022,2017-12-26T00:01:54.53,SELL,9.7e-07,279402.3517268
4970023,2017-12-26T00:01:54.53,SELL,9.7e-07,29577.15777183
4970026,2017-12-26T00:01:55.907,BUY,9.8e-07,6340.75125
4970031,2017-12-26T00:01:57,BUY,9.8e-07,9559.55833637
4970034,2017-12-26T00:01:57.97,BUY,9.8e-07,8317.56214286
4970037,2017-12-26T00:01:58.33,BUY,9.8e-07,172486.7705435
4970038,2017-12-26T00:01:58.33,BUY,9.8e-07,1015.16166676
4970039,2017-12-26T00:01:58.33,BUY,9.8e-07,10300.0
4970040,2017-12-26T00:01:58.33,BUY,9.8e-07,40000.0
4970041,2017-12-26T00:01:58.33,BUY,9.8e-07,102377.72796831
4970047,2017-12-26T00:01:59.377,BUY,9.8e-07,95327.24089277
4970048,2017-12-26T00:01:59.377,BUY,9.8e-07,101898.26571437
4970053,2017-12-26T00:02:01.767,BUY,9.8e-07,64216.32214286
4970056,2017-12-26T00:02:02.563,BUY,9.8e-07,3566.12357143
4970058,2017-12-26T00:02:03.843,SELL,9.7e-07,73257.89377456
4970059,2017-12-26T00:02:03.843,SELL,9.7e-07,7110.5707732
4970060,2017-12-26T00:02:03.843,SELL,9.7e-07,10803.87377671
4970063,2017-12-26T00:02:04.593,BUY,9.8e-07,341854.52785714
4970066,2017-12-26T00:02:04.75,BUY,9.8e-07,20526.968331
4970068,2017-12-26T00:02:05.25,BUY,9.8e-07,24010.15085697
4970071,2017-12-26T00:02:05.313,BUY,9.8e-07,18719.80767857
4970075,2017-12-26T00:02:05.797,BUY,9.8e-07,16421.7095
4970077,2017-12-26T00:02:06.093,BUY,9.8e-07,16503.818047
4970080,2017-12-26T00:02:06.343,BUY,9.8e-07,8339.24776524
4970081,2017-12-26T00:02:06.36,BUY,9.8e-07,8082.46173476
4970083,2017-12-26T00:02:06.423,BUY,9.8e-07,917.53826524
4970089,2017-12-26T00:02:07.11,BUY,9.9e-07,7070.70707071
4970090,2017-12-26T00:02:07.19,SELL,9.8e-07,41054.27375
4970096,2017-12-26T00:02:08.05,BUY,9.8e-07,1682.60946429
4970098,2017-12-26T00:02:08.157,BUY,9.8e-07,2951.38875
4970104,2017-12-26T00:02:09.377,BUY,9.8e-07,194243.26444721
4970105,2017-12-26T00:02:09.377,BUY,9.9e-07,45595.13927459
4970109,2017-12-26T00:02:10.75,BUY,9.8e-07,1205.71595408
4970115,2017-12-26T00:02:11.783,BUY,9.8e-07,22149.57818182
4970118,2017-12-26T00:02:12.517,BUY,9.8e-07,22138.23748
4970123,2017-12-26T00:02:14.05,BUY,9.8e-07,50892.85714286
4970129,2017-12-26T00:02:15.86,BUY,9.8e-07,150935.34857143
4970130,2017-12-26T00:02:15.923,SELL,9.7e-07,52631.57894736
4970132,2017-12-26T00:02:16.063,BUY,9.8e-07,10000.0
4970134,2017-12-26T00:02:16.127,BUY,9.8e-07,4664.85793588
4970138,2017-12-26T00:02:16.753,BUY,9.8e-07,12125.28304643
4970139,2017-12-26T00:02:16.753,BUY,9.8e-07,28482.44951257
4970143,2017-12-26T00:02:18.05,BUY,9.8e-07,5525.21545067
4970148,2017-12-26T00:02:19.923,SELL,9.8e-07,9474.78454933
4970149,2017-12-26T00:02:19.923,SELL,9.8e-07,15799.53549366
4970152,2017-12-26T00:02:20.753,BUY,9.8e-07,9359.23032556
4970153,2017-12-26T00:02:20.753,BUY,9.8e-07,5000.0
4970157,2017-12-26T00:02:21.143,SELL,9.8e-07,37058.29544764
4970163,2017-12-26T00:02:21.83,BUY,9.8e-07,10300.0
4970165,2017-12-26T00:02:21.91,BUY,9.8e-07,2030.66571429
4970173,2017-12-26T00:02:24.77,BUY,9.8e-07,13802.47875
4970176,2017-12-26T00:02:24.987,SELL,9.7e-07,7892.50875
4970181,2017-12-26T00:02:25.253,BUY,9.8e-07,3263.54937025
4970182,2017-12-26T00:02:25.253,BUY,9.9e-07,18445.9005156
4970187,2017-12-26T00:02:25.707,BUY,9.8e-07,999.0
4970189,2017-12-26T00:02:26.27,SELL,9.7e-07,26114.39940222
4970190,2017-12-26T00:02:26.27,SELL,9.7e-07,10443.27997423
4970191,2017-12-26T00:02:26.27,SELL,9.7e-07,22083.87847011
4970192,2017-12-26T00:02:26.27,SELL,9.7e-07,20000.0
4970193,2017-12-26T00:02:26.27,SELL,9.7e-07,1857163.96917526
4970194,2017-12-26T00:02:26.27,SELL,9.7e-07,23778.08621134
4970195,2017-12-26T00:02:26.27,SELL,9.7e-07,12000.0
4970196,2017-12-26T00:02:26.283,SELL,9.7e-07,12244.89795918
4970197,2017-12-26T00:02:26.283,SELL,9.7e-07,2394.74041237
4970198,2017-12-26T00:02:26.283,SELL,9.7e-07,73721.79030928
4970199,2017-12-26T00:02:26.283,SELL,9.7e-07,400000.0
4970200,2017-12-26T00:02:26.283,SELL,9.7e-07,3542.99659794
4970201,2017-12-26T00:02:26.283,SELL,9.7e-07,1030.91752587
4970202,2017-12-26T00:02:26.283,SELL,9.7e-07,6625.14013604
4970203,2017-12-26T00:02:26.283,SELL,9.7e-07,20000.0
4970204,2017-12-26T00:02:26.283,SELL,9.7e-07,20567.01030928
4970205,2017-12-26T00:02:26.283,SELL,9.7e-07,308505.15463918
4970206,2017-12-26T00:02:26.283,SELL,9.7e-07,140728.45175258
4970207,2017-12-26T00:02:26.283,SELL,9.7e-07,302613.80652062
4970208,2017-12-26T00:02:26.283,SELL,9.7e-07,7693.54268041
4970209,2017-12-26T00:02:26.283,SELL,9.7e-07,3884.28556701
4970212,2017-12-26T00:02:26.927,BUY,9.7e-07,3390.30910714
4970214,2017-12-26T00:02:26.94,BUY,9.7e-07,141646.7996134
4970220,2017-12-26T00:02:28.223,BUY,9.7e-07,1918.96607143
4970222,2017-12-26T00:02:28.393,SELL,9.6e-07,63864.71852646
4970224,2017-12-26T00:02:28.473,BUY,9.7e-07,1443.16647062
4970232,2017-12-26T00:02:29.677,BUY,9.7e-07,37887.65571429
4970234,2017-12-26T00:02:29.817,BUY,9.7e-07,1518.01363636
4970235,2017-12-26T00:02:29.893,SELL,9.6e-07,241492.42433068
4970236,2017-12-26T00:02:29.893,SELL,9.6e-07,829.72057084
4970237,2017-12-26T00:02:29.893,SELL,9.6e-07,63357.63601563
4970238,2017-12-26T00:02:29.893,SELL,9.6e-07,3988.0
4970239,2017-12-26T00:02:29.893,SELL,9.6e-07,15945.0
4970240,2017-12-26T00:02:29.893,SELL,9.6e-07,102717.51054688
4970241,2017-12-26T00:02:29.893,SELL,9.6e-07,23226.26419901
4970247,2017-12-26T00:02:31.003,BUY,9.7e-07,1041.66666667
4970256,2017-12-26T00:02:34.223,BUY,9.7e-07,210914.84497423
4970259,2017-12-26T00:02:34.63,BUY,9.7e-07,54096.31716495
4970263,2017-12-26T00:02:35.85,BUY,9.7e-07,102835.05154639
4970265,2017-12-26T00:02:35.88,BUY,9.7e-07,34015.89
4970267,2017-12-26T00:02:35.96,BUY,9.7e-07,70000.0
4970273,2017-12-26T00:02:37.223,BUY,9.7e-07,52441.31207139
4970275,2017-12-26T00:02:39.007,SELL,9.6e-07,7766.99029126
4970277,2017-12-26T00:02:39.613,BUY,9.7e-07,203807.68832474
4970280,2017-12-26T00:02:40.037,BUY,9.7e-07,1041.66666667
4970284,2017-12-26T00:02:41.693,BUY,9.7e-07,20000.0
4970286,2017-12-26T00:02:42.177,BUY,9.7e-07,5421.69731715
4970289,2017-12-26T00:02:42.85,BUY,9.7e-07,4370.75928671
4970291,2017-12-26T00:02:43.053,BUY,9.7e-07,248848.48231461
4970293,2017-12-26T00:02:43.07,BUY,9.7e-07,20480.0
4970298,2017-12-26T00:02:43.63,BUY,9.7e-07,11000.0
4970301,2017-12-26T00:02:44.053,BUY,9.7e-07,4990.18152058
4970309,2017-12-26T00:02:45.833,BUY,9.7e-07,7371.94845361
4970319,2017-12-26T00:02:46.82,BUY,9.7e-07,123000.0
4970322,2017-12-26T00:02:48.96,BUY,9.7e-07,1000.0
4970325,2017-12-26T00:02:49.99,BUY,9.7e-07,20000.0
4970327,2017-12-26T00:02:50.227,BUY,9.7e-07,4399.55639841
4970331,2017-12-26T00:02:52.68,SELL,9.6e-07,10000.0
4970336,2017-12-26T00:02:54.1,BUY,9.7e-07,335981.67903773
4970337,2017-12-26T00:02:54.1,BUY,9.7e-07,189666.04226351
4970338,2017-12-26T00:02:54.1,BUY,9.7e-07,10300.0
4970339,2017-12-26T00:02:54.1,BUY,9.7e-07,1000.55847973
4970340,2017-12-26T00:02:54.1,BUY,9.7e-07,5000.0
4970341,2017-12-26T00:02:54.1,BUY,9.7e-07,70000.0
4970342,2017-12-26T00:02:54.1,BUY,9.7e-07,829.72057084
4970343,2017-12-26T00:02:54.1,BUY,9.7e-07,11452.62646277
4970344,2017-12-26T00:02:54.1,BUY,9.7e-07,10575.87413462
4970345,2017-12-26T00:02:54.1,BUY,9.7e-07,18761.47875
4970362,2017-12-26T00:03:01.21,SELL,9.7e-07,4508.13153226
4970363,2017-12-26T00:03:01.273,SELL,9.7e-07,16320.4715625
4970367,2017-12-26T00:03:02.46,BUY,9.8e-07,2255.12783174
4970370,2017-12-26T00:03:03.557,SELL,9.7e-07,4570.95330365
4970371,2017-12-26T00:03:03.557,SELL,9.7e-07,88539.2928866
4970372,2017-12-26T00:03:03.557,SELL,9.7e-07,17105.83956186
4970373,2017-12-26T00:03:03.557,SELL,9.7e-07,1064.81582474
4970375,2017-12-26T00:03:03.883,BUY,9.7e-07,163425.54442315
4970377,2017-12-26T00:03:04.523,SELL,9.7e-07,10170.09540323
4970380,2017-12-26T00:03:05.883,BUY,9.8e-07,16275.64431207
4970383,2017-12-26T00:03:07.62,SELL,9.7e-07,20000.0
4970386,2017-12-26T00:03:08.777,SELL,9.7e-07,12985.5348
4970390,2017-12-26T00:03:09.18,BUY,9.8e-07,4985.94021196
4970391,2017-12-26T00:03:09.18,BUY,9.8e-07,12014.05978804
4970398,2017-12-26T00:03:12.59,BUY,9.8e-07,2985.94021196
4970399,2017-12-26T00:03:12.59,BUY,9.8e-07,15945.0
4970400,2017-12-26T00:03:12.59,BUY,9.8e-07,12000.0
4970401,2017-12-26T00:03:12.59,BUY,9.8e-07,3884.28556701
4970402,2017-12-26T00:03:12.59,BUY,9.8e-07,3988.0
4970403,2017-12-26T00:03:12.59,BUY,9.8e-07,102717.51054688
4970404,2017-12-26T00:03:12.59,BUY,9.8e-07,63357.63601563
4970405,2017-12-26T00:03:12.59,BUY,9.8e-07,8043.10416667
4970406,2017-12-26T00:03:12.59,BUY,9.8e-07,97442.36087629
4970407,2017-12-26T00:03:12.59,BUY,9.8e-07,206844.48089161
4970408,2017-12-26T00:03:12.59,BUY,9.8e-07,5000.0
4970409,2017-12-26T00:03:12.59,BUY,9.8e-07,29148.92583109
4970413,2017-12-26T00:03:13.073,BUY,9.8e-07,65739.34229391
4970414,2017-12-26T00:03:13.073,BUY,9.8e-07,19875.19717038
4970416,2017-12-26T00:03:13.637,BUY,9.8e-07,16421.57466479
4970420,2017-12-26T00:03:13.87,BUY,9.8e-07,5045.14012359
4970430,2017-12-26T00:03:17.98,SELL,9.8e-07,1015.16166676
4970439,2017-12-26T00:03:20.527,BUY,9.9e-07,104787.87878788
4970452,2017-12-26T00:03:24.23,BUY,9.9e-07,2462.55931382
4970459,2017-12-26T00:03:27.17,BUY,9.9e-07,24387.77593325
4970464,2017-12-26T00:03:29.183,BUY,9.9e-07,248809.04515434
4970467,2017-12-26T00:03:29.84,SELL,9.8e-07,34911.86341165
4970468,2017-12-26T00:03:29.84,SELL,9.8e-07,28205.0
4970469,2017-12-26T00:03:29.84,SELL,9.8e-07,16276.041667
4970470,2017-12-26T00:03:29.84,SELL,9.8e-07,1020.40816326
4970471,2017-12-26T00:03:29.84,SELL,9.8e-07,4173.78866094
4970475,2017-12-26T00:03:31.81,SELL,9.8e-07,15575.63070606
4970476,2017-12-26T00:03:31.81,SELL,9.8e-07,1020.39795928
4970477,2017-12-26T00:03:31.81,SELL,9.8e-07,3403.97133466
4970478,2017-12-26T00:03:31.84,SELL,9.8e-07,1596.02866534
4970479,2017-12-26T00:03:31.84,SELL,9.8e-07,10300.0
4970480,2017-12-26T00:03:31.84,SELL,9.8e-07,10405.66405205
4970483,2017-12-26T00:03:32.03,BUY,9.9e-07,9282.90180531
4970486,2017-12-26T00:03:33.92,SELL,9.8e-07,33409.125
4970487,2017-12-26T00:03:34.107,SELL,9.8e-07,1015.16166676
4970489,2017-12-26T00:03:34.637,BUY,9.9e-07,24601.72537879
4970493,2017-12-26T00:03:34.873,BUY,9.9e-07,1000.0
4970495,2017-12-26T00:03:35.107,BUY,9.9e-07,1114.39135557
4970501,2017-12-26T00:03:36.983,BUY,9.9e-07,104380.64553709
4970507,2017-12-26T00:03:38.67,BUY,9.9e-07,10030.001003
4970510,2017-12-26T00:03:38.997,BUY,9.9e-07,9980.49128788
4970512,2017-12-26T00:03:39.153,SELL,9.8e-07,51147.95918367
4970516,2017-12-26T00:03:40.187,BUY,9.9e-07,18509.78128788
4970517,2017-12-26T00:03:41.64,SELL,9.8e-07,25433.56886078
4970521,2017-12-26T00:03:43.327,BUY,9.9e-07,8856.84280303
4970528,2017-12-26T00:03:48.013,BUY,9.9e-07,2805.34280303
4970530,2017-12-26T00:03:48.03,BUY,9.9e-07,3009.001003
4970532,2017-12-26T00:03:48.17,BUY,9.9e-07,22137.40589234
4970544,2017-12-26T00:03:52.36,BUY,9.9e-07,257233.71810606
4970546,2017-12-26T00:03:52.843,BUY,9.9e-07,161556.77027669
4970547,2017-12-26T00:03:52.843,BUY,9.9e-07,68947.683
4970548,2017-12-26T00:03:52.843,BUY,9.9e-07,3060.00405485
4970550,2017-12-26T00:03:54.58,BUY,9.9e-07,167911.47676246
4970551,2017-12-26T00:03:54.58,BUY,9.9e-07,74069.15848327
4970554,2017-12-26T00:03:54.623,BUY,9.9e-07,43440.80947268
4970558,2017-12-26T00:03:55.937,BUY,9.9e-07,18901.52519316
4970560,2017-12-26T00:03:56.14,BUY,9.9e-07,57092.98682512
4970561,2017-12-26T00:03:56.14,BUY,9.9e-07,22448.97959183
4970562,2017-12-26T00:03:56.14,BUY,9.9e-07,20000.0
4970563,2017-12-26T00:03:56.14,BUY,9.9e-07,7803.13402062
4970564,2017-12-26T00:03:56.14,BUY,9.9e-07,10443.27997423
4970565,2017-12-26T00:03:56.157,BUY,9.9e-07,12000.0
4970566,2017-12-26T00:03:56.157,BUY,9.9e-07,21347.98322456
4970568,2017-12-26T00:03:56.297,BUY,9.9e-07,7042.44068182
4970574,2017-12-26T00:03:57.923,SELL,9.8e-07,3155.0
4970580,2017-12-26T00:03:59.69,BUY,9.9e-07,6010.31869362
4970581,2017-12-26T00:03:59.69,BUY,9.9e-07,3989.68130638
4970584,2017-12-26T00:04:00.22,BUY,9.9e-07,101785.71428571
4970587,2017-12-26T00:04:01.343,BUY,9.9e-07,5964.92892458
4970589,2017-12-26T00:04:01.783,BUY,9.9e-07,50000.0
4970594,2017-12-26T00:04:02.86,SELL,9.8e-07,3000.0
4970596,2017-12-26T00:04:03.047,BUY,9.9e-07,6820.50067484
4970601,2017-12-26T00:04:04.203,BUY,9.9e-07,15799.53549366
4970602,2017-12-26T00:04:04.453,SELL,9.8e-07,7500.0
4970610,2017-12-26T00:04:05.8,BUY,9.9e-07,24635.1855893
4970616,2017-12-26T00:04:06.69,BUY,9.9e-07,7766.07822736
4970622,2017-12-26T00:04:07.517,BUY,9.9e-07,902123.79568182
4970627,2017-12-26T00:04:08.47,BUY,9.9e-07,95908.80787172
4970631,2017-12-26T00:04:09.3,BUY,9.9e-07,520658.1630303
4970634,2017-12-26T00:04:10.237,SELL,9.8e-07,3601.17242188
4970636,2017-12-26T00:04:10.673,BUY,9.9e-07,16577.92415627
4970637,2017-12-26T00:04:10.673,BUY,9.9e-07,3422.07584373
4970640,2017-12-26T00:04:11.08,BUY,9.9e-07,6449.38295897
4970641,2017-12-26T00:04:11.08,BUY,9.9e-07,10300.0
4970653,2017-12-26T00:04:13.377,BUY,1e-06,9000.0
4970655,2017-12-26T00:04:13.533,SELL,9.9e-07,14741.5072
4970656,2017-12-26T00:04:13.533,BUY,1e-06,8205.88194048
4970666,2017-12-26T00:04:15.91,SELL,9.9e-07,10928.13293478
4970671,2017-12-26T00:04:17.673,SELL,9.9e-07,29494.745
4970681,2017-12-26T00:04:19.033,SELL,9.9e-07,5055.1005965
4970687,2017-12-26T00:04:19.567,SELL,9.9e-07,48272.23141304
4970690,2017-12-26T00:04:20.16,BUY,1e-06,236234.82171099
4970698,2017-12-26T00:04:21.44,SELL,9.9e-07,20000.0
4970702,2017-12-26T00:04:22.33,SELL,9.9e-07,2500.0
4970721,2017-12-26T00:04:25.63,SELL,9.9e-07,9598.46893939
4970722,2017-12-26T00:04:25.63,SELL,9.9e-07,6000.0
4970723,2017-12-26T00:04:25.63,SELL,9.9e-07,234401.53106061
4970725,2017-12-26T00:04:25.817,SELL,9.9e-07,4000.0
4970727,2017-12-26T00:04:25.833,BUY,1e-06,128368.38908109
4970728,2017-12-26T00:04:25.833,BUY,1e-06,20000.0
4970729,2017-12-26T00:04:25.833,BUY,1e-06,13617.42193435
4970730,2017-12-26T00:04:25.833,BUY,1e-06,35641.61215956
4970731,2017-12-26T00:04:26.05,SELL,9.9e-07,94089.52166666
4970732,2017-12-26T00:04:26.05,SELL,9.9e-07,418.39159727
4970734,2017-12-26T00:04:26.317,BUY,1e-06,6587.699475
4970739,2017-12-26T00:04:27.02,SELL,9.9e-07,1900.60840273
4970740,2017-12-26T00:04:27.02,SELL,9.9e-07,1010.09090919
4970741,2017-12-26T00:04:27.037,SELL,9.9e-07,1010.09090919
4970742,2017-12-26T00:04:27.037,SELL,9.8e-07,58477.39133853
4970743,2017-12-26T00:04:27.12,SELL,9.8e-07,15000.0
4970744,2017-12-26T00:04:27.13,SELL,9.8e-07,35000.0
4970753,2017-12-26T00:04:31.553,BUY,9.9e-07,1005.0100501
4970754,2017-12-26T00:04:31.553,BUY,9.9e-07,98526.34601051
4970761,2017-12-26T00:04:32.787,BUY,9.9e-07,38873.32060606
4970764,2017-12-26T00:04:33.287,BUY,9.9e-07,10030.001003
4970769,2017-12-26T00:04:33.55,BUY,9.9e-07,136004.64128788
4970771,2017-12-26T00:04:33.583,BUY,9.9e-07,86667.218925
4970773,2017-12-26T00:04:33.757,BUY,9.9e-07,45546.14583939
4970775,2017-12-26T00:04:34.21,BUY,9.9e-07,42849.158625
4970777,2017-12-26T00:04:34.303,BUY,9.9e-07,22043.935003
4970783,2017-12-26T00:04:35.223,BUY,9.9e-07,946.01715
4970785,2017-12-26T00:04:35.85,SELL,9.8e-07,1015.16166676
4970789,2017-12-26T00:04:36.553,BUY,9.9e-07,44014.54615636
4970794,2017-12-26T00:04:37.427,BUY,9.9e-07,4000.0
4970800,2017-12-26T00:04:40.083,BUY,9.9e-07,289705.06356061
4970804,2017-12-26T00:04:40.49,BUY,9.9e-07,77522.75007042
4970805,2017-12-26T00:04:40.49,BUY,9.9e-07,808.84295455
4970806,2017-12-26T00:04:40.49,BUY,9.9e-07,31393.40697503
4970807,2017-12-26T00:04:40.52,SELL,9.8e-07,45000.0
4970810,2017-12-26T00:04:40.583,BUY,9.9e-07,5590.21166667
4970839,2017-12-26T00:04:52.633,SELL,9.8e-07,10000.0
4970842,2017-12-26T00:04:52.82,BUY,9.9e-07,10075.75757576
4970845,2017-12-26T00:04:53.227,BUY,9.9e-07,12139.87373876
4970850,2017-12-26T00:04:54.773,BUY,9.9e-07,3670.04004378
4970851,2017-12-26T00:04:54.773,BUY,9.9e-07,10000.0
4970852,2017-12-26T00:04:54.773,BUY,9.9e-07,4500.0
4970853,2017-12-26T00:04:54.773,BUY,9.9e-07,551357.24410714
4970854,2017-12-26T00:04:54.773,BUY,9.9e-07,394501.01527778
4970855,2017-12-26T00:04:54.773,BUY,9.9e-07,13300.41246835
4970856,2017-12-26T00:04:54.773,BUY,9.9e-07,22673.28810295
4970860,2017-12-26T00:04:55.273,BUY,9.9e-07,2907.80141843
4970869,2017-12-26T00:04:58.82,SELL,9.8e-07,6921.42622137
4970872,2017-12-26T00:04:59.603,SELL,9.8e-07,33000.0
4970874,2017-12-26T00:04:59.617,BUY,9.9e-07,9214.97281355
4970879,2017-12-26T00:05:00.96,BUY,9.9e-07,200000.0
4970884,2017-12-26T00:05:02.04,BUY,9.9e-07,1300.0
4970887,2017-12-26T00:05:02.853,BUY,9.9e-07,8533.10871212
4970889,2017-12-26T00:05:03.103,BUY,9.9e-07,5370.72895295
4970890,2017-12-26T00:05:03.103,BUY,9.9e-07,1012635.05823722
4970891,2017-12-26T00:05:03.103,BUY,9.9e-07,6666.66666666
4970892,2017-12-26T00:05:03.103,BUY,9.9e-07,1000.0
4970894,2017-12-26T00:05:03.493,SELL,9.9e-07,51532.7534159
4970898,2017-12-26T00:05:04.103,SELL,9.8e-07,14761.8827181
4970906,2017-12-26T00:05:05.493,BUY,9.9e-07,967.2465841
4970908,2017-12-26T00:05:06.337,SELL,9.9e-07,15561.6790359
4970909,2017-12-26T00:05:06.337,SELL,9.9e-07,2248.38123569
4970919,2017-12-26T00:05:10.417,SELL,9.9e-07,8975.02280471
4970920,2017-12-26T00:05:10.417,SELL,9.8e-07,128553.77199311
4970922,2017-12-26T00:05:11.15,BUY,9.9e-07,17642.12940502
4970924,2017-12-26T00:05:11.167,BUY,9.9e-07,9653.97857651
4970927,2017-12-26T00:05:11.59,BUY,9.9e-07,22052.661756
4970930,2017-12-26T00:05:11.947,BUY,9.9e-07,16392.90515065
4970932,2017-12-26T00:05:12.027,BUY,9.9e-07,159871.42459747
4970933,2017-12-26T00:05:12.027,BUY,9.9e-07,23000.0
4970956,2017-12-26T00:05:16.417,SELL,9.9e-07,85611.75328804
4970962,2017-12-26T00:05:18.603,BUY,1e-06,10672.30693687
4970963,2017-12-26T00:05:18.603,BUY,1e-06,93567.22111313
4970966,2017-12-26T00:05:18.933,BUY,1e-06,40313.0049
4970970,2017-12-26T00:05:19.103,BUY,1e-06,39913.46687678
4970971,2017-12-26T00:05:19.103,BUY,1e-06,14025.69719178
4970972,2017-12-26T00:05:19.103,BUY,1e-06,2397.705
4970973,2017-12-26T00:05:19.103,BUY,1e-06,800.0
4970974,2017-12-26T00:05:19.103,BUY,1e-06,3831.32625
4970975,2017-12-26T00:05:19.103,BUY,1e-06,10000.0
4970976,2017-12-26T00:05:19.103,BUY,1e-06,9637.8652875
4970978,2017-12-26T00:05:19.45,BUY,1e-06,3133.48392
4970980,2017-12-26T00:05:19.747,SELL,9.9e-07,9000.0
4970991,2017-12-26T00:05:22.247,SELL,9.9e-07,2430.83320006
4970994,2017-12-26T00:05:22.417,BUY,1e-06,103081.19133516
4971001,2017-12-26T00:05:23.62,SELL,9.9e-07,52083.33333333
4971008,2017-12-26T00:05:24.87,BUY,1e-06,57183.17374305
4971009,2017-12-26T00:05:24.887,BUY,1e-06,8980.0
4971010,2017-12-26T00:05:24.887,BUY,1e-06,23836.5645
4971011,2017-12-26T00:05:24.887,BUY,1e-06,53191.50516129
4971012,2017-12-26T00:05:24.887,BUY,1e-06,95903.241
4971013,2017-12-26T00:05:24.887,BUY,1e-06,150000.0
4971014,2017-12-26T00:05:24.887,BUY,1e-06,257316.80858911
4971015,2017-12-26T00:05:24.887,BUY,1e-06,2040.0
4971016,2017-12-26T00:05:24.887,BUY,1e-06,199935.75482143
4971017,2017-12-26T00:05:24.887,BUY,1e-06,200000.0
4971018,2017-12-26T00:05:24.887,BUY,1e-06,1543.23533505
4971019,2017-12-26T00:05:24.887,BUY,1e-06,10000.0
4971020,2017-12-26T00:05:24.887,BUY,1e-06,21333.01296875
4971021,2017-12-26T00:05:24.887,BUY,1e-06,18719.80767857
4971022,2017-12-26T00:05:24.887,BUY,1e-06,7703.60204082
4971023,2017-12-26T00:05:24.887,BUY,1e-06,105690.3785
4971024,2017-12-26T00:05:24.887,BUY,1e-06,8029.95959596
4971025,2017-12-26T00:05:24.887,BUY,1e-06,303433.8615
4971026,2017-12-26T00:05:24.887,BUY,1e-06,195378.04787879
4971027,2017-12-26T00:05:24.887,BUY,1e-06,40993.25449027
4971028,2017-12-26T00:05:24.887,BUY,1e-06,1318.6285
4971029,2017-12-26T00:05:24.887,BUY,1e-06,83354.80348404
4971030,2017-12-26T00:05:24.887,BUY,1e-06,15000.0
4971031,2017-12-26T00:05:24.887,BUY,1e-06,84285.78916667
4971032,2017-12-26T00:05:24.887,BUY,1e-06,147811.69846154
4971033,2017-12-26T00:05:24.887,BUY,1e-06,1995.01995
4971034,2017-12-26T00:05:24.887,BUY,1e-06,51233.64641753
4971035,2017-12-26T00:05:24.887,BUY,1e-06,88539.2928866
4971036,2017-12-26T00:05:24.887,BUY,1e-06,57722.87312977
4971037,2017-12-26T00:05:24.887,BUY,1e-06,101819.063125
4971038,2017-12-26T00:05:24.887,BUY,1e-06,800.0
4971039,2017-12-26T00:05:24.887,BUY,1e-06,75000.0
4971040,2017-12-26T00:05:24.887,BUY,1e-06,11917.15418478
4971048,2017-12-26T00:05:25.637,SELL,1e-06,250000.0
4971056,2017-12-26T00:05:27.717,SELL,1e-06,1119.195
4971068,2017-12-26T00:05:29.903,SELL,1e-06,40661.10206598
4971069,2017-12-26T00:05:29.903,SELL,1e-06,999.99000009
4971070,2017-12-26T00:05:29.92,SELL,1e-06,10300.0
4971071,2017-12-26T00:05:29.92,SELL,1e-06,999.99000009
4971072,2017-12-26T00:05:29.92,SELL,9.9e-07,766.90555403
4971083,2017-12-26T00:05:32.933,SELL,9.9e-07,5673.23449668
4971088,2017-12-26T00:05:34.64,BUY,1e-06,995.05945554
4971089,2017-12-26T00:05:34.64,BUY,1.01e-06,33830.76668307
4971094,2017-12-26T00:05:35.607,SELL,9.9e-07,5000.0
4971096,2017-12-26T00:05:35.717,BUY,1e-06,995.05945554
4971097,2017-12-26T00:05:35.717,BUY,1.01e-06,39317.71789595
4971099,2017-12-26T00:05:35.95,BUY,1.01e-06,21144.38279703
4971111,2017-12-26T00:05:39.5,SELL,1e-06,9029.09327419
4971118,2017-12-26T00:05:40.123,SELL,1e-06,50553.0
4971122,2017-12-26T00:05:40.623,SELL,1e-06,2040.81632653
4971126,2017-12-26T00:05:41.153,SELL,1e-06,170712.8675
4971128,2017-12-26T00:05:41.53,SELL,1e-06,3430.71645455
4971164,2017-12-26T00:05:47.373,SELL,1e-06,63424.90331973
4971165,2017-12-26T00:05:47.373,SELL,1e-06,263653.96348027
4971185,2017-12-26T00:05:53.11,BUY,1.01e-06,31560.15071357
4971186,2017-12-26T00:05:53.11,BUY,1.01e-06,20783.50376663
4971191,2017-12-26T00:05:53.767,BUY,1.01e-06,73216.49623337
4971192,2017-12-26T00:05:53.767,BUY,1.01e-06,2602.86641645
4971193,2017-12-26T00:05:53.767,BUY,1.01e-06,1041.66666667
4971194,2017-12-26T00:05:53.767,BUY,1.01e-06,1041.66666667
4971195,2017-12-26T00:05:53.767,BUY,1.01e-06,18660.28668219
4971196,2017-12-26T00:05:53.78,BUY,1.01e-06,100000.0
4971197,2017-12-26T00:05:53.78,BUY,1.01e-06,1041.66666667
4971198,2017-12-26T00:05:53.78,BUY,1.01e-06,1041.66666667
4971199,2017-12-26T00:05:53.78,BUY,1.01e-06,1041.66666667
4971200,2017-12-26T00:05:53.78,BUY,1.01e-06,2032.84392857
4971201,2017-12-26T00:05:53.78,BUY,1.01e-06,52500.0
4971202,2017-12-26T00:05:53.78,BUY,1.01e-06,1010.1010101
4971203,2017-12-26T00:05:53.78,BUY,1.01e-06,1010.1010101
4971204,2017-12-26T00:05:53.78,BUY,1.01e-06,419711.33930412
4971205,2017-12-26T00:05:53.78,BUY,1.01e-06,335002.16975806
4971206,2017-12-26T00:05:53.78,BUY,1.01e-06,1010.1010101
4971207,2017-12-26T00:05:53.78,BUY,1.01e-06,3531.10969697
4971208,2017-12-26T00:05:53.78,BUY,1.01e-06,7568.11499065
4971209,2017-12-26T00:05:53.78,BUY,1.01e-06,10000.0
4971210,2017-12-26T00:05:53.78,BUY,1.01e-06,59607.6915
4971211,2017-12-26T00:05:53.78,BUY,1.01e-06,36188.23698097
4971212,2017-12-26T00:05:53.78,BUY,1.01e-06,1041.66666667
4971213,2017-12-26T00:05:53.78,BUY,1.01e-06,1041.66666667
4971214,2017-12-26T00:05:53.78,BUY,1.01e-06,5043.53535354
4971215,2017-12-26T00:05:53.78,BUY,1.01e-06,300000.0
4971216,2017-12-26T00:05:53.78,BUY,1.01e-06,298731.47337607
4971217,2017-12-26T00:05:53.78,BUY,1.01e-06,17493.21795455
4971218,2017-12-26T00:05:53.78,BUY,1.01e-06,800.0
4971219,2017-12-26T00:05:53.78,BUY,1.01e-06,3403.18264946
4971220,2017-12-26T00:05:53.78,BUY,1.01e-06,10300.0
4971221,2017-12-26T00:05:53.78,BUY,1.01e-06,23734.40234637
4971242,2017-12-26T00:05:58.203,SELL,1.01e-06,4000.0
4971260,2017-12-26T00:06:02.377,SELL,1.01e-06,24876.69629999
4971261,2017-12-26T00:06:02.377,SELL,1.01e-06,3123.97642437
4971267,2017-12-26T00:06:03.343,BUY,1.02e-06,3269.86485
4971268,2017-12-26T00:06:03.343,BUY,1.02e-06,17221.266588
4971271,2017-12-26T00:06:03.58,BUY,1.02e-06,17186.70780019
4971280,2017-12-26T00:06:04.55,BUY,1.02e-06,48199.74764706
4971288,2017-12-26T00:06:06.11,BUY,1.02e-06,69211.89933824
4971313,2017-12-26T00:06:09.563,SELL,1.01e-06,9174.3119266
4971320,2017-12-26T00:06:12.08,BUY,1.02e-06,3579.2579962
4971322,2017-12-26T00:06:12.33,BUY,1.02e-06,966.27433824
4971326,2017-12-26T00:06:13.313,BUY,1.02e-06,305357.14285714
4971328,2017-12-26T00:06:13.563,BUY,1.02e-06,20361.62602941
4971334,2017-12-26T00:06:15.19,SELL,1.01e-06,25400.60968173
4971335,2017-12-26T00:06:15.19,SELL,1.01e-06,39152.60363942
4971336,2017-12-26T00:06:15.19,SELL,1.01e-06,990.089109
4971337,2017-12-26T00:06:15.19,SELL,1.01e-06,81578.43840921
4971339,2017-12-26T00:06:15.237,SELL,1.01e-06,3242.21097403
4971348,2017-12-26T00:06:17.3,SELL,1.01e-06,985.30397068
4971350,2017-12-26T00:06:17.423,BUY,1.02e-06,880152.39838235
4971354,2017-12-26T00:06:17.923,SELL,1.01e-06,1318.87679459
4971355,2017-12-26T00:06:17.923,SELL,1.01e-06,198681.12320541
4971357,2017-12-26T00:06:18.673,SELL,1.01e-06,5914.10330579
4971359,2017-12-26T00:06:18.94,BUY,1.02e-06,760104.10455508
4971360,2017-12-26T00:06:18.94,BUY,1.02e-06,4513.78005155
4971361,2017-12-26T00:06:18.94,BUY,1.02e-06,194197.60826102
4971373,2017-12-26T00:06:20.08,BUY,1.02e-06,2246.01130643
4971376,2017-12-26T00:06:20.19,BUY,1.02e-06,10000.0
4971379,2017-12-26T00:06:20.533,SELL,1.01e-06,9067.27829251
4971458,2017-12-26T00:06:28.16,BUY,1.03e-06,2000.36811111
4971459,2017-12-26T00:06:28.16,BUY,1.03e-06,12061.272
4971460,2017-12-26T00:06:28.16,BUY,1.03e-06,10100.33535353
4971461,2017-12-26T00:06:28.16,BUY,1.03e-06,1025.0
4971462,2017-12-26T00:06:28.16,BUY,1.03e-06,3000.0
4971463,2017-12-26T00:06:28.16,BUY,1.03e-06,10000.0
4971464,2017-12-26T00:06:28.16,BUY,1.03e-06,18876.9645
4971465,2017-12-26T00:06:28.16,BUY,1.03e-06,34734.375
4971466,2017-12-26T00:06:28.16,BUY,1.03e-06,35464.47224135
4971467,2017-12-26T00:06:28.16,BUY,1.03e-06,44400.68946429
4971468,2017-12-26T00:06:28.16,BUY,1.03e-06,10454.16633178
4971469,2017-12-26T00:06:28.16,BUY,1.03e-06,7110.5707732
4971470,2017-12-26T00:06:28.16,BUY,1.03e-06,3403.18264946
4971471,2017-12-26T00:06:28.16,BUY,1.03e-06,947.97622091
4971476,2017-12-26T00:06:28.677,BUY,1.03e-06,2455.20642855
4971477,2017-12-26T00:06:28.677,BUY,1.03e-06,800.0
4971478,2017-12-26T00:06:28.677,BUY,1.03e-06,38366.83424822
4971480,2017-12-26T00:06:29.02,BUY,1.03e-06,5000.0
4971482,2017-12-26T00:06:29.02,BUY,1.03e-06,2905.33980583
4971495,2017-12-26T00:06:30.537,BUY,1.03e-06,2624.88476948
4971496,2017-12-26T00:06:30.537,BUY,1.03e-06,99531.35606061
4971497,2017-12-26T00:06:30.537,BUY,1.03e-06,11544.41647574
4971502,2017-12-26T00:06:31.067,BUY,1.03e-06,39873.10929746
4971506,2017-12-26T00:06:31.363,SELL,1.03e-06,3133.48392
4971520,2017-12-26T00:06:33.787,SELL,1.03e-06,57750.98254012
4971521,2017-12-26T00:06:33.787,SELL,1.03e-06,4249.0174599
4971532,2017-12-26T00:06:35.053,SELL,1.03e-06,10101.01010101
4971537,2017-12-26T00:06:36.223,SELL,1.03e-06,4039.46464646
4971540,2017-12-26T00:06:36.27,SELL,1.03e-06,2078.125
4971541,2017-12-26T00:06:36.27,SELL,1.03e-06,3409.81632653
4971542,2017-12-26T00:06:36.38,SELL,1.03e-06,4582.48453608
4971544,2017-12-26T00:06:36.46,SELL,1.03e-06,3940.32291667
4971545,2017-12-26T00:06:36.507,SELL,1.03e-06,4616.61052632
4971546,2017-12-26T00:06:36.567,SELL,1.03e-06,3123.54255319
4971549,2017-12-26T00:06:36.817,BUY,1.04e-06,5167.18168316
4971550,2017-12-26T00:06:36.817,BUY,1.04e-06,781250.0
4971551,2017-12-26T00:06:36.817,BUY,1.04e-06,10000.0
4971552,2017-12-26T00:06:36.817,BUY,1.04e-06,6906.56435644
4971553,2017-12-26T00:06:36.817,BUY,1.04e-06,6880.17821782
4971554,2017-12-26T00:06:36.817,BUY,1.04e-06,6912.4
4971555,2017-12-26T00:06:36.817,BUY,1.04e-06,42459.22692308
4971556,2017-12-26T00:06:36.817,BUY,1.04e-06,6000.0
4971557,2017-12-26T00:06:36.817,BUY,1.04e-06,3403.18264946
4971558,2017-12-26T00:06:36.817,BUY,1.04e-06,800.0
4971559,2017-12-26T00:06:36.817,BUY,1.04e-06,4092.9009901
4971569,2017-12-26T00:06:37.77,SELL,1.04e-06,69056.31123078
4971582,2017-12-26T00:06:39.223,SELL,1.04e-06,3141.6623149
4971624,2017-12-26T00:06:42.787,SELL,1.04e-06,53930.39163426
4971625,2017-12-26T00:06:42.787,SELL,1.04e-06,26914.07502404
4971626,2017-12-26T00:06:42.787,SELL,1.04e-06,20101.44735577
4971627,2017-12-26T00:06:42.787,SELL,1.04e-06,126051.331875
4971628,2017-12-26T00:06:42.787,SELL,1.04e-06,961.52884624
4971640,2017-12-26T00:06:43.38,BUY,1.04e-06,55441.791
4971650,2017-12-26T00:06:44.24,BUY,1.04e-06,18065.3425
4971653,2017-12-26T00:06:44.46,BUY,1.04e-06,12669.77
4971654,2017-12-26T00:06:44.49,SELL,1.03e-06,2539.17894737
4971656,2017-12-26T00:06:44.553,SELL,1.03e-06,1809.32978723
4971658,2017-12-26T00:06:44.663,BUY,1.04e-06,12340.73430288
4971660,2017-12-26T00:06:44.74,BUY,1.04e-06,289149.51641827
4971663,2017-12-26T00:06:44.833,BUY,1.04e-06,870066.02762019
4971669,2017-12-26T00:06:45.46,BUY,1.04e-06,4810.4295
4971677,2017-12-26T00:06:46.663,BUY,1.04e-06,961.53846153
4971679,2017-12-26T00:06:46.693,BUY,1.04e-06,6787.7595
4971681,2017-12-26T00:06:46.773,BUY,1.04e-06,624763.58659233
4971682,2017-12-26T00:06:46.773,BUY,1.04e-06,957.15242866
4971683,2017-12-26T00:06:46.773,BUY,1.04e-06,3536.0
4971684,2017-12-26T00:06:46.773,BUY,1.05e-06,3786.7771875
4971685,2017-12-26T00:06:46.773,BUY,1.05e-06,10364.95711752
4971686,2017-12-26T00:06:46.773,BUY,1.05e-06,105312.49017399
4971694,2017-12-26T00:06:47.46,BUY,1.05e-06,81164.31118279
4971695,2017-12-26T00:06:47.46,BUY,1.05e-06,1960.0
4971696,2017-12-26T00:06:47.46,BUY,1.05e-06,44761.44
4971697,2017-12-26T00:06:47.46,BUY,1.05e-06,15000.0
4971698,2017-12-26T00:06:47.46,BUY,1.05e-06,50000.0
4971699,2017-12-26T00:06:47.46,BUY,1.05e-06,16116.07142857
4971700,2017-12-26T00:06:47.46,BUY,1.05e-06,1000.0
4971701,2017-12-26T00:06:47.46,BUY,1.05e-06,2000.0
4971702,2017-12-26T00:06:47.46,BUY,1.05e-06,1209.0
4971703,2017-12-26T00:06:47.46,BUY,1.05e-06,5076.0
4971704,2017-12-26T00:06:47.46,BUY,1.05e-06,275416.01738864
4971712,2017-12-26T00:06:48.617,BUY,1.05e-06,3956.99873881
4971721,2017-12-26T00:06:49.99,BUY,1.05e-06,23999.99999998
4971728,2017-12-26T00:06:51.007,SELL,1.04e-06,2868.53185096
4971729,2017-12-26T00:06:51.007,SELL,1.04e-06,3410.39495192
4971730,2017-12-26T00:06:51.007,SELL,1.04e-06,447233.58497596
4971731,2017-12-26T00:06:51.007,SELL,1.04e-06,87529.81932692
4971732,2017-12-26T00:06:51.007,SELL,1.03e-06,157247.38567011
4971733,2017-12-26T00:06:51.007,SELL,1.03e-06,1151.02783981
4971734,2017-12-26T00:06:51.007,SELL,1.03e-06,3873.78640777
4971735,2017-12-26T00:06:51.023,SELL,1.03e-06,44314.83815534
4971736,2017-12-26T00:06:51.023,SELL,1.03e-06,10400.0
4971737,2017-12-26T00:06:51.023,SELL,1.03e-06,942.02737864
4971738,2017-12-26T00:06:51.023,SELL,1.03e-06,1090908.77628641
4971739,2017-12-26T00:06:51.023,SELL,1.03e-06,300000.0
4971740,2017-12-26T00:06:51.023,SELL,1.03e-06,3218.55465
4971741,2017-12-26T00:06:51.023,SELL,1.03e-06,6890.71063107
4971742,2017-12-26T00:06:51.023,SELL,1.03e-06,1000.0
4971743,2017-12-26T00:06:51.023,SELL,1.03e-06,970.86407776
4971744,2017-12-26T00:06:51.023,SELL,1.03e-06,21556.85628641
4971745,2017-12-26T00:06:51.023,SELL,1.03e-06,146703.90044307
4971750,2017-12-26T00:06:52.04,BUY,1.03e-06,64344.5165
4971752,2017-12-26T00:06:52.193,BUY,1.03e-06,322039.65230769
4971755,2017-12-26T00:06:52.49,BUY,1.03e-06,30924.39908654
4971757,2017-12-26T00:06:52.587,BUY,1.03e-06,5037.94931818
4971759,2017-12-26T00:06:52.587,BUY,1.03e-06,2735.65334135
4971763,2017-12-26T00:06:53.053,BUY,1.03e-06,505368.26337879
4971766,2017-12-26T00:06:53.24,BUY,1.03e-06,2406.9920437
4971770,2017-12-26T00:06:53.82,BUY,1.03e-06,340746.92196429
4971772,2017-12-26T00:06:54.24,BUY,1.03e-06,1093.4975
4971773,2017-12-26T00:06:54.29,SELL,1.02e-06,975.73791271
4971775,2017-12-26T00:06:54.367,BUY,1.03e-06,122442.9635
4971777,2017-12-26T00:06:54.49,BUY,1.03e-06,204552.27995192
4971783,2017-12-26T00:06:55.257,SELL,1.02e-06,19425.0
4971785,2017-12-26T00:06:56.15,BUY,1.03e-06,14100.00145631
4971789,2017-12-26T00:06:57.21,BUY,1.03e-06,29430.76121908
4971790,2017-12-26T00:06:57.21,BUY,1.03e-06,10400.0
4971795,2017-12-26T00:06:57.9,SELL,1.03e-06,36600.62418478
4971800,2017-12-26T00:06:58.43,BUY,1.04e-06,2948.28082963
4971803,2017-12-26T00:06:58.68,SELL,1.03e-06,7407.4074074
4971816,2017-12-26T00:07:01.103,SELL,1.03e-06,1969.70732955
4971818,2017-12-26T00:07:01.133,SELL,1.03e-06,32496.56925
4971819,2017-12-26T00:07:01.477,SELL,1.03e-06,5841.58415841
4971822,2017-12-26T00:07:01.867,BUY,1.04e-06,338906.24702751
4971823,2017-12-26T00:07:01.867,BUY,1.04e-06,45199.01647249
4971849,2017-12-26T00:07:09.07,SELL,1.03e-06,75853.34645078
4971850,2017-12-26T00:07:09.07,SELL,1.03e-06,106587.93997573
4971851,2017-12-26T00:07:09.07,SELL,1.03e-06,31085.08281553
4971852,2017-12-26T00:07:09.07,SELL,1.03e-06,26000.0
4971853,2017-12-26T00:07:09.07,SELL,1.03e-06,9016.60194175
4971854,2017-12-26T00:07:09.07,SELL,1.03e-06,143390.16014563
4971855,2017-12-26T00:07:09.087,SELL,1.03e-06,50315.12992718
4971856,2017-12-26T00:07:09.087,SELL,1.03e-06,35068.20702738
4971860,2017-12-26T00:07:09.353,BUY,1.04e-06,1000.22067961
4971863,2017-12-26T00:07:09.993,SELL,1.03e-06,1000.82256881
4971865,2017-12-26T00:07:10.213,SELL,1.03e-06,63930.97040381
4971866,2017-12-26T00:07:10.213,SELL,1.03e-06,9294.6759466
4971867,2017-12-26T00:07:10.213,SELL,1.03e-06,6948.07113636
4971872,2017-12-26T00:07:11.557,BUY,1.03e-06,309509.62319712
4971874,2017-12-26T00:07:11.823,BUY,1.03e-06,5865.38461538
4971878,2017-12-26T00:07:11.917,BUY,1.03e-06,54266.27584951
4971883,2017-12-26T00:07:13.027,BUY,1.03e-06,7479.38927885
4971886,2017-12-26T00:07:14.09,BUY,1.03e-06,150797.34322932
4971887,2017-12-26T00:07:14.09,BUY,1.03e-06,2222.0
4971888,2017-12-26T00:07:14.09,BUY,1.04e-06,80916.24118123
4971889,2017-12-26T00:07:14.09,BUY,1.04e-06,66948.52200772
4971893,2017-12-26T00:07:15.34,SELL,1.02e-06,136164.8768667
4971894,2017-12-26T00:07:15.34,SELL,1.02e-06,19558.82352941
4971895,2017-12-26T00:07:15.34,SELL,1.02e-06,100000.0
4971896,2017-12-26T00:07:15.34,SELL,1.02e-06,16284.47110294
4971897,2017-12-26T00:07:15.34,SELL,1.02e-06,19558.82352941
4971898,2017-12-26T00:07:15.34,SELL,1.02e-06,3517.06764706
4971899,2017-12-26T00:07:15.353,SELL,1.02e-06,126178.32242647
4971900,2017-12-26T00:07:15.353,SELL,1.02e-06,50000.0
4971901,2017-12-26T00:07:15.353,SELL,1.02e-06,293931.85808824
4971902,2017-12-26T00:07:15.353,SELL,1.02e-06,6948.07113636
4971903,2017-12-26T00:07:15.353,SELL,1.02e-06,39968.0
4971904,2017-12-26T00:07:15.353,SELL,1.02e-06,980.38235303
4971905,2017-12-26T00:07:15.353,SELL,1.02e-06,68488.12507353
4971906,2017-12-26T00:07:15.353,SELL,1.02e-06,15139.11617647
4971907,2017-12-26T00:07:15.353,SELL,1.02e-06,61102.37102941
4971908,2017-12-26T00:07:15.353,SELL,1.02e-06,1078.43137255
4971909,2017-12-26T00:07:15.353,SELL,1.02e-06,42731.57257462
4971914,2017-12-26T00:07:16.323,BUY,1.03e-06,1673.89216019
4971917,2017-12-26T00:07:17.307,BUY,1.03e-06,50000.0
4971918,2017-12-26T00:07:17.45,SELL,1.02e-06,966.27433824
4971920,2017-12-26T00:07:17.65,SELL,1.02e-06,136004.64128788
4971921,2017-12-26T00:07:17.667,SELL,1.02e-06,218000.52876665
4971925,2017-12-26T00:07:19.747,BUY,1.02e-06,10400.0
4971930,2017-12-26T00:07:22.06,BUY,1.02e-06,146037.06637323
4971931,2017-12-26T00:07:22.37,SELL,1.01e-06,985.30397068
4971933,2017-12-26T00:07:22.917,BUY,1.02e-06,76312.21703883
4971936,2017-12-26T00:07:23.45,BUY,1.02e-06,1985.33053213
4971940,2017-12-26T00:07:23.73,BUY,1.02e-06,5002.36531641
4971946,2017-12-26T00:07:24.95,BUY,1.02e-06,48897.05882353
4971948,2017-12-26T00:07:25.12,BUY,1.02e-06,14023.59617952
4971949,2017-12-26T00:07:25.12,BUY,1.02e-06,3426.52488461
4971955,2017-12-26T00:07:27.42,BUY,1.02e-06,6973.47511539
4971958,2017-12-26T00:07:27.527,BUY,1.02e-06,2409.485
4971966,2017-12-26T00:07:30.997,SELL,1.01e-06,4014.69602932
4971967,2017-12-26T00:07:30.997,SELL,1.01e-06,793.83569223
4971968,2017-12-26T00:07:30.997,SELL,1.01e-06,3669.11881188
4971969,2017-12-26T00:07:30.997,SELL,1.01e-06,1152.25076733
4971970,2017-12-26T00:07:30.997,SELL,1.01e-06,370.09869924
4971972,2017-12-26T00:07:31.98,BUY,1.02e-06,48552.7546451
4971974,2017-12-26T00:07:32.763,BUY,1.02e-06,80491.6936165
4971977,2017-12-26T00:07:32.98,BUY,1.02e-06,10192.8663518
4971978,2017-12-26T00:07:32.98,BUY,1.02e-06,23794.06189977
4971980,2017-12-26T00:07:33.153,BUY,1.02e-06,16124.21487442
4971984,2017-12-26T00:07:34.06,BUY,1.02e-06,800.0
4971986,2017-12-26T00:07:34.637,SELL,1.01e-06,1855.32704333
4971987,2017-12-26T00:07:34.653,SELL,1.01e-06,5500.96772277
4971988,2017-12-26T00:07:34.653,SELL,1.01e-06,1348.03921569
4971989,2017-12-26T00:07:34.653,SELL,1.01e-06,1499.74765086
4971991,2017-12-26T00:07:34.887,BUY,1.03e-06,1135.93415833
4971993,2017-12-26T00:07:35.56,BUY,1.02e-06,43495.66158416
4971994,2017-12-26T00:07:35.56,BUY,1.03e-06,7989.86216584
4971997,2017-12-26T00:07:36.543,SELL,1.01e-06,8500.25234914
4971998,2017-12-26T00:07:36.543,SELL,1.01e-06,404888.41525977
4972009,2017-12-26T00:07:38.53,BUY,1.03e-06,20000.0
4972016,2017-12-26T00:07:42.67,BUY,1.03e-06,119200.31151564
4972017,2017-12-26T00:07:42.67,BUY,1.03e-06,20121.42382417
4972018,2017-12-26T00:07:43.077,SELL,1.02e-06,16881.74407535
4972021,2017-12-26T00:07:43.78,BUY,1.03e-06,54169.71274799
4972022,2017-12-26T00:07:43.78,BUY,1.03e-06,132052.7390724
4972028,2017-12-26T00:07:44.797,BUY,1.03e-06,6233.26257874
4972029,2017-12-26T00:07:44.797,SELL,1.02e-06,53409.49366806
4972031,2017-12-26T00:07:45.28,BUY,1.03e-06,4641.15597037
4972033,2017-12-26T00:07:45.577,BUY,1.03e-06,55040.96533981
4972034,2017-12-26T00:07:46.53,SELL,1.02e-06,50000.0
4972037,2017-12-26T00:07:46.733,BUY,1.03e-06,12072.01616505
4972038,2017-12-26T00:07:47.157,SELL,1.02e-06,1325.17163545
4972044,2017-12-26T00:07:48.077,BUY,1.03e-06,600000.0
4972046,2017-12-26T00:07:49.623,BUY,1.03e-06,34656.05533981
4972050,2017-12-26T00:07:50.36,BUY,1.03e-06,9876.87699029
4972052,2017-12-26T00:07:50.373,BUY,1.03e-06,100000.0
4972057,2017-12-26T00:07:51.797,BUY,1.03e-06,1309.84848485
4972065,2017-12-26T00:07:54.827,SELL,1.02e-06,20803.37233383
4972072,2017-12-26T00:07:57.017,BUY,1.03e-06,13125.21152913
4972075,2017-12-26T00:07:57.72,SELL,1.02e-06,535492.83964653
4972076,2017-12-26T00:07:57.72,SELL,1.02e-06,4889.90147059
4972077,2017-12-26T00:07:57.72,SELL,1.02e-06,29276.99661765
4972078,2017-12-26T00:07:57.72,SELL,1.02e-06,980.38235303
4972079,2017-12-26T00:07:57.72,SELL,1.02e-06,42000.0
4972080,2017-12-26T00:07:57.72,SELL,1.02e-06,10400.0
4972081,2017-12-26T00:07:57.72,SELL,1.02e-06,13244.0
4972084,2017-12-26T00:07:58.673,BUY,1.02e-06,18807.34282201
4972086,2017-12-26T00:07:59.22,BUY,1.02e-06,29797.78941176
4972089,2017-12-26T00:08:00.017,BUY,1.02e-06,273926.24054608
4972090,2017-12-26T00:08:00.017,BUY,1.02e-06,259687.83712382
4972092,2017-12-26T00:08:00.063,BUY,1.02e-06,167416.47779126
4972095,2017-12-26T00:08:02.03,BUY,1.02e-06,4889.70588235
4972098,2017-12-26T00:08:02.83,SELL,1.01e-06,4000.0
4972103,2017-12-26T00:08:03.44,BUY,1.02e-06,9667.27125
4972107,2017-12-26T00:08:04.157,BUY,1.02e-06,3911.78915456
4972109,2017-12-26T00:08:04.237,BUY,1.02e-06,48129.75879801
4972110,2017-12-26T00:08:04.237,BUY,1.02e-06,3069.78429023
4972112,2017-12-26T00:08:04.877,SELL,1.01e-06,985.30397068
4972115,2017-12-26T00:08:05.89,BUY,1.02e-06,353239.76573529
4972122,2017-12-26T00:08:07.94,BUY,1.02e-06,4000.0
4972125,2017-12-26T00:08:09.173,BUY,1.02e-06,5843.11051471
4972128,2017-12-26T00:08:09.707,SELL,1.01e-06,100000.0
4972130,2017-12-26T00:08:10.36,BUY,1.02e-06,200000.0
4972135,2017-12-26T00:08:11.203,BUY,1.02e-06,46990.4216342
4972136,2017-12-26T00:08:11.203,BUY,1.02e-06,790.71433922
4972138,2017-12-26T00:08:11.22,BUY,1.02e-06,9609.28566078
4972139,2017-12-26T00:08:11.237,BUY,1.02e-06,61364.39210418
4972142,2017-12-26T00:08:11.553,BUY,1.02e-06,39339.32194753
4972143,2017-12-26T00:08:11.553,BUY,1.02e-06,5194.13883678
4972153,2017-12-26T00:08:15.58,BUY,1.02e-06,6216.0476
4972160,2017-12-26T00:08:17.36,BUY,1.02e-06,1078.48799019
4972163,2017-12-26T00:08:18.52,BUY,1.02e-06,3072.27279411
4972170,2017-12-26T00:08:22.707,BUY,1.02e-06,223458.47135503
4972175,2017-12-26T00:08:24.83,BUY,1.02e-06,12357.34294118
4972177,2017-12-26T00:08:25.473,SELL,1.01e-06,51711.11539714
4972179,2017-12-26T00:08:26.723,SELL,1.01e-06,1000.0
4972180,2017-12-26T00:08:28.113,SELL,1.01e-06,5769.23077671
4972183,2017-12-26T00:08:29.537,BUY,1.02e-06,2343.23995262
4972187,2017-12-26T00:08:30.723,BUY,1.02e-06,6000.0
4972191,2017-12-26T00:08:31.613,BUY,1.02e-06,916.27732843
4972194,2017-12-26T00:08:32.003,BUY,1.02e-06,26725.73389706
4972197,2017-12-26T00:08:32.943,BUY,1.02e-06,7565.84890057
4972201,2017-12-26T00:08:34.693,BUY,1.02e-06,68558.51727941
4972203,2017-12-26T00:08:34.88,BUY,1.02e-06,23926.52772055
4972207,2017-12-26T00:08:35.253,BUY,1.02e-06,2000.0
4972212,2017-12-26T00:08:36.13,BUY,1.02e-06,10000.0
4972214,2017-12-26T00:08:36.55,BUY,1.02e-06,961.46286765
4972218,2017-12-26T00:08:37.49,BUY,1.02e-06,801.58730159
4972220,2017-12-26T00:08:38.02,BUY,1.02e-06,3511.40867241
4972235,2017-12-26T00:08:40.6,SELL,1.01e-06,50319.89637712
4972243,2017-12-26T00:08:41.867,BUY,1.02e-06,8189.54645982
4972250,2017-12-26T00:08:43.303,BUY,1.02e-06,133089.13923163
4972251,2017-12-26T00:08:43.303,BUY,1.02e-06,138592.854259
4972252,2017-12-26T00:08:43.303,BUY,1.02e-06,800.0
4972253,2017-12-26T00:08:43.303,BUY,1.02e-06,26095.24005218
4972254,2017-12-26T00:08:43.303,BUY,1.02e-06,800.0
4972255,2017-12-26T00:08:43.303,BUY,1.02e-06,10000.0
4972256,2017-12-26T00:08:43.32,BUY,1.02e-06,14107.6212766
4972257,2017-12-26T00:08:43.32,BUY,1.02e-06,25058.1975
4972258,2017-12-26T00:08:43.32,BUY,1.02e-06,302613.80652062
4972263,2017-12-26T00:08:44.397,SELL,1.02e-06,1250.0785
4972268,2017-12-26T00:08:45.38,BUY,1.03e-06,44242.52210887
4972296,2017-12-26T00:08:54.117,BUY,1.03e-06,14190.8901699
4972311,2017-12-26T00:08:58.803,BUY,1.03e-06,1745.72184466
4972313,2017-12-26T00:08:58.867,BUY,1.03e-06,1000.23441176
4972320,2017-12-26T00:08:59.633,BUY,1.03e-06,29600.53165049
4972322,2017-12-26T00:08:59.993,BUY,1.03e-06,126307.64337379
4972327,2017-12-26T00:09:00.387,BUY,1.03e-06,1393645.70428043
4972328,2017-12-26T00:09:00.387,BUY,1.03e-06,800.0
4972329,2017-12-26T00:09:00.387,BUY,1.03e-06,97330.09708738
4972330,2017-12-26T00:09:00.387,BUY,1.03e-06,3441.97594094
4972331,2017-12-26T00:09:00.387,BUY,1.03e-06,2426.47058824
4972332,2017-12-26T00:09:00.387,BUY,1.03e-06,800.0
4972333,2017-12-26T00:09:00.387,BUY,1.03e-06,1540.95739583
4972334,2017-12-26T00:09:00.387,BUY,1.03e-06,52188.70618812
4972335,2017-12-26T00:09:00.387,BUY,1.03e-06,1447826.08851906
4972351,2017-12-26T00:09:03.867,BUY,1.03e-06,16000.0
4972355,2017-12-26T00:09:04.51,BUY,1.03e-06,513031.56582524
4972357,2017-12-26T00:09:04.557,BUY,1.03e-06,16997.4078953
4972359,2017-12-26T00:09:04.663,SELL,1.02e-06,6525.640186
4972378,2017-12-26T00:09:06.93,BUY,1.03e-06,13999.57354369
4972379,2017-12-26T00:09:07.26,SELL,1.02e-06,120762.70754032
4972381,2017-12-26T00:09:07.46,BUY,1.03e-06,10000.0
4972389,2017-12-26T00:09:08.62,SELL,1.02e-06,1078.48799019
4972391,2017-12-26T00:09:08.947,BUY,1.03e-06,86700.0
4972398,2017-12-26T00:09:10.773,SELL,1.02e-06,3072.27279411
4972405,2017-12-26T00:09:12.04,BUY,1.03e-06,9712.66718447
4972409,2017-12-26T00:09:12.54,SELL,1.02e-06,835.31085549
4972411,2017-12-26T00:09:13.01,BUY,1.03e-06,2148579.85264748
4972412,2017-12-26T00:09:13.01,BUY,1.03e-06,10000.0
4972413,2017-12-26T00:09:13.01,BUY,1.03e-06,800.0
4972414,2017-12-26T00:09:13.01,BUY,1.03e-06,2784.29454545
4972415,2017-12-26T00:09:13.01,BUY,1.03e-06,292130.926747
4972416,2017-12-26T00:09:13.01,BUY,1.03e-06,16617.36442717
4972417,2017-12-26T00:09:13.01,BUY,1.03e-06,286754.69712855
4972418,2017-12-26T00:09:13.01,BUY,1.03e-06,268805.927858
4972419,2017-12-26T00:09:13.01,BUY,1.03e-06,800.0
4972420,2017-12-26T00:09:13.01,BUY,1.03e-06,132762.16535994
4972432,2017-12-26T00:09:16.993,BUY,1.03e-06,2732.15293487
4972436,2017-12-26T00:09:18.027,BUY,1.03e-06,14497.09186619
4972437,2017-12-26T00:09:18.027,BUY,1.03e-06,2500.0
4972452,2017-12-26T00:09:21.84,SELL,1.03e-06,800.0
4972467,2017-12-26T00:09:26.01,BUY,1.04e-06,374766.35514019
4972468,2017-12-26T00:09:26.01,BUY,1.04e-06,9708.73786407
4972469,2017-12-26T00:09:26.01,BUY,1.04e-06,132508.37254862
4972474,2017-12-26T00:09:26.997,BUY,1.04e-06,883.37566255
4972479,2017-12-26T00:09:27.497,BUY,1.04e-06,68152.07740385
4972481,2017-12-26T00:09:27.997,BUY,1.04e-06,20357.14285714
4972484,2017-12-26T00:09:28.793,SELL,1.03e-06,95046.03513823
4972487,2017-12-26T00:09:28.917,BUY,1.04e-06,6809.89634758
4972498,2017-12-26T00:09:32.247,BUY,1.04e-06,132723.86834135
4972509,2017-12-26T00:09:34.293,BUY,1.04e-06,4203.29770629
4972510,2017-12-26T00:09:34.403,SELL,1.03e-06,3395.80995283
4972516,2017-12-26T00:09:36.027,SELL,1.03e-06,26914.07502404
4972519,2017-12-26T00:09:36.293,BUY,1.04e-06,234247.28018465
4972523,2017-12-26T00:09:36.903,BUY,1.04e-06,75000.0
4972526,2017-12-26T00:09:38.09,BUY,1.04e-06,80000.0
4972529,2017-12-26T00:09:38.497,SELL,1.03e-06,1990.49316696
4972531,2017-12-26T00:09:38.56,BUY,1.04e-06,7219.905
4972533,2017-12-26T00:09:38.62,BUY,1.04e-06,24405.54832839
4972534,2017-12-26T00:09:38.62,BUY,1.04e-06,1033.39721154
4972535,2017-12-26T00:09:38.62,BUY,1.04e-06,65853.73472304
4972542,2017-12-26T00:09:40.06,BUY,1.04e-06,321959.61556534
4972543,2017-12-26T00:09:40.06,BUY,1.04e-06,800.0
4972544,2017-12-26T00:09:40.06,BUY,1.04e-06,10454.16633178
4972545,2017-12-26T00:09:40.06,BUY,1.04e-06,1985.33053213
4972546,2017-12-26T00:09:40.06,BUY,1.04e-06,61710.78429688
4972547,2017-12-26T00:09:40.06,BUY,1.04e-06,260842.806558
4972548,2017-12-26T00:09:40.077,BUY,1.04e-06,680879.68409568
4972553,2017-12-26T00:09:40.887,BUY,1.04e-06,850.0
4972557,2017-12-26T00:09:42.217,BUY,1.04e-06,48542.72353049
4972562,2017-12-26T00:09:42.623,BUY,1.04e-06,82159.60543269
4972567,2017-12-26T00:09:43.763,SELL,1.03e-06,10000.0
4972570,2017-12-26T00:09:43.937,BUY,1.04e-06,20000.0
4972573,2017-12-26T00:09:44.577,BUY,1.04e-06,1060.03076035
4972574,2017-12-26T00:09:44.84,SELL,1.03e-06,2835.98554121
4972578,2017-12-26T00:09:45.763,SELL,1.03e-06,2835.98554121
4972581,2017-12-26T00:09:46.64,SELL,1.03e-06,2835.98554121
4972584,2017-12-26T00:09:47.483,BUY,1.04e-06,95941.95742788
4972589,2017-12-26T00:09:48.28,BUY,1.04e-06,4964.76850962
4972599,2017-12-26T00:09:53.11,SELL,1.03e-06,1030.92783505
4972602,2017-12-26T00:09:53.483,BUY,1.04e-06,38908.28428616
4972603,2017-12-26T00:09:53.483,BUY,1.04e-06,15437.34959276
4972613,2017-12-26T00:09:55.983,BUY,1.04e-06,17837.73195578
4972615,2017-12-26T00:09:56.203,BUY,1.04e-06,8508.425625
4972619,2017-12-26T00:09:56.843,BUY,1.04e-06,102381.56805288
4972622,2017-12-26T00:09:57.187,BUY,1.04e-06,39421.19583609
4972626,2017-12-26T00:09:58.327,BUY,1.04e-06,4817.29427223
4972630,2017-12-26T00:09:59.86,BUY,1.04e-06,13720.49761699
4972632,2017-12-26T00:10:00.187,BUY,1.04e-06,99388.22401442
4972635,2017-12-26T00:10:00.453,BUY,1.04e-06,12867.42389423
4972637,2017-12-26T00:10:00.75,BUY,1.04e-06,6545.20175481
4972640,2017-12-26T00:10:02.64,SELL,1.03e-06,30000.0
4972650,2017-12-26T00:10:05.657,BUY,1.04e-06,3703.80382212
4972653,2017-12-26T00:10:06,BUY,1.04e-06,140548.36851199
4972656,2017-12-26T00:10:06.203,BUY,1.04e-06,74826.97334135
4972658,2017-12-26T00:10:06.483,BUY,1.04e-06,30929.14680288
4972660,2017-12-26T00:10:07.03,BUY,1.04e-06,17071.97271635
4972669,2017-12-26T00:10:10.203,BUY,1.04e-06,142438.43199688
4972670,2017-12-26T00:10:10.22,BUY,1.04e-06,2835.98554121
4972671,2017-12-26T00:10:10.22,BUY,1.04e-06,800.0
4972672,2017-12-26T00:10:10.22,BUY,1.04e-06,58629.5483871
4972673,2017-12-26T00:10:10.22,BUY,1.04e-06,143390.16014563
4972674,2017-12-26T00:10:10.22,BUY,1.04e-06,6000.0
4972675,2017-12-26T00:10:10.22,BUY,1.04e-06,800.0
4972676,2017-12-26T00:10:10.22,BUY,1.04e-06,99707.48889706
4972677,2017-12-26T00:10:10.22,BUY,1.04e-06,154644.389558
4972678,2017-12-26T00:10:10.22,BUY,1.04e-06,269539.689013
4972679,2017-12-26T00:10:10.22,BUY,1.04e-06,21069.81666433
4972689,2017-12-26T00:10:12.75,SELL,1.04e-06,118898.97055556
4972692,2017-12-26T00:10:13.61,SELL,1.04e-06,1000.0
4972694,2017-12-26T00:10:14.55,BUY,1.05e-06,25829.95502152
4972695,2017-12-26T00:10:14.55,BUY,1.05e-06,5141.75257732
4972696,2017-12-26T00:10:14.55,BUY,1.05e-06,1750.71568627
4972697,2017-12-26T00:10:14.55,BUY,1.05e-06,3429.11764706
4972698,2017-12-26T00:10:14.55,BUY,1.05e-06,21102.8055
4972699,2017-12-26T00:10:14.55,BUY,1.05e-06,265709.10321429
4972700,2017-12-26T00:10:14.55,BUY,1.05e-06,34755.18279653
4972701,2017-12-26T00:10:14.55,BUY,1.05e-06,5022.62745098
4972702,2017-12-26T00:10:14.55,BUY,1.05e-06,3230.64705882
4972703,2017-12-26T00:10:14.55,BUY,1.05e-06,20000.0
4972704,2017-12-26T00:10:14.55,BUY,1.05e-06,800.0
4972705,2017-12-26T00:10:14.55,BUY,1.05e-06,912345.74004721
4972708,2017-12-26T00:10:15.47,SELL,1.04e-06,18330.9347329
4972709,2017-12-26T00:10:15.47,SELL,1.04e-06,854413.45903846
4972710,2017-12-26T00:10:15.47,SELL,1.04e-06,295313.97050481
4972711,2017-12-26T00:10:15.47,SELL,1.03e-06,750088.57888822
4972712,2017-12-26T00:10:15.47,SELL,1.03e-06,10400.0
4972713,2017-12-26T00:10:15.47,SELL,1.03e-06,59981.36978155
4972714,2017-12-26T00:10:15.47,SELL,1.03e-06,34968.99917476
4972715,2017-12-26T00:10:15.47,SELL,1.03e-06,62000.0
4972716,2017-12-26T00:10:15.47,SELL,1.03e-06,12000.0
4972717,2017-12-26T00:10:15.47,SELL,1.03e-06,94110.28995146
4972718,2017-12-26T00:10:15.47,SELL,1.03e-06,155740.6434466
4972719,2017-12-26T00:10:15.47,SELL,1.03e-06,1795500.07747573
4972720,2017-12-26T00:10:15.47,SELL,1.03e-06,111896.23791262
4972721,2017-12-26T00:10:15.47,SELL,1.03e-06,7747.57281553
4972722,2017-12-26T00:10:15.47,SELL,1.03e-06,96844.66019417
4972723,2017-12-26T00:10:15.47,SELL,1.03e-06,17600.57051061
4972729,2017-12-26T00:10:18.05,BUY,1.05e-06,20000.0
4972739,2017-12-26T00:10:20.237,SELL,1.04e-06,10075.75757576
4972740,2017-12-26T00:10:20.237,SELL,1.04e-06,10993.43790865
4972741,2017-12-26T00:10:20.237,SELL,1.03e-06,27679.19878551
4972742,2017-12-26T00:10:20.237,SELL,1.03e-06,21724.92050971
4972743,2017-12-26T00:10:20.237,SELL,1.03e-06,43217.67116087
4972755,2017-12-26T00:10:22.11,BUY,1.05e-06,2717.646
4972758,2017-12-26T00:10:23.753,BUY,1.05e-06,41511.44633143
4972759,2017-12-26T00:10:23.753,BUY,1.05e-06,299593.119
4972760,2017-12-26T00:10:23.753,BUY,1.05e-06,10000.0
4972761,2017-12-26T00:10:23.753,BUY,1.05e-06,152630.66762312
4972763,2017-12-26T00:10:24.58,BUY,1.05e-06,2411.09865942
4972767,2017-12-26T00:10:25.377,BUY,1.05e-06,70000.0
4972768,2017-12-26T00:10:25.83,SELL,1.04e-06,12277.48896635
4972769,2017-12-26T00:10:25.83,SELL,1.03e-06,102288.12837796
4972770,2017-12-26T00:10:25.83,SELL,1.03e-06,4921.1226699
4972771,2017-12-26T00:10:25.83,SELL,1.03e-06,68468.05135922
4972772,2017-12-26T00:10:25.83,SELL,1.03e-06,42858.5559466
4972773,2017-12-26T00:10:25.83,SELL,1.03e-06,128764.56334951
4972774,2017-12-26T00:10:25.83,SELL,1.03e-06,8906.85182039
4972775,2017-12-26T00:10:25.83,SELL,1.03e-06,23838.93291262
4972776,2017-12-26T00:10:25.847,SELL,1.03e-06,7766.99029126
4972777,2017-12-26T00:10:25.847,SELL,1.03e-06,97087.37864078
4972778,2017-12-26T00:10:25.847,SELL,1.03e-06,3776.98048544
4972783,2017-12-26T00:10:27.113,BUY,1.03e-06,5356.556
4972786,2017-12-26T00:10:27.423,BUY,1.03e-06,6719.96500521
4972787,2017-12-26T00:10:27.423,BUY,1.05e-06,62559.90599479
4972790,2017-12-26T00:10:28.47,BUY,1.05e-06,280469.91264691
4972791,2017-12-26T00:10:28.47,BUY,1.05e-06,312182.98935309
4972794,2017-12-26T00:10:28.923,BUY,1.05e-06,516552.1735
4972800,2017-12-26T00:10:30.097,SELL,1.04e-06,860.12208333
4972802,2017-12-26T00:10:30.503,SELL,1.04e-06,4736.80353266
4972808,2017-12-26T00:10:31.69,BUY,1.05e-06,2753793.842
4972815,2017-12-26T00:10:32.893,BUY,1.05e-06,6000.0
4972817,2017-12-26T00:10:33.567,SELL,1.04e-06,95941.95742788
4972819,2017-12-26T00:10:33.613,BUY,1.05e-06,1045.48952356
4972820,2017-12-26T00:10:33.69,SELL,1.04e-06,24561.50008605
4972829,2017-12-26T00:10:35.24,BUY,1.05e-06,39799.3095
4972859,2017-12-26T00:10:38.24,SELL,1.04e-06,4068.70275
4972865,2017-12-26T00:10:38.583,BUY,1.05e-06,3191.6675
4972881,2017-12-26T00:10:40.147,BUY,1.05e-06,15851.4815
4972882,2017-12-26T00:10:40.253,SELL,1.04e-06,13469.39868739
4972883,2017-12-26T00:10:40.253,SELL,1.04e-06,8000.0
4972884,2017-12-26T00:10:40.253,SELL,1.04e-06,22016.44765411
4972892,2017-12-26T00:10:40.99,BUY,1.05e-06,94509.16122369
4972893,2017-12-26T00:10:40.99,BUY,1.05e-06,2835.98554121
4972894,2017-12-26T00:10:40.99,BUY,1.05e-06,2835.98554121
4972895,2017-12-26T00:10:40.99,BUY,1.05e-06,10400.0
4972896,2017-12-26T00:10:40.99,BUY,1.05e-06,800.0
4972897,2017-12-26T00:10:40.99,BUY,1.05e-06,15058.7693617
4972898,2017-12-26T00:10:40.99,BUY,1.05e-06,7766.99029126
4972899,2017-12-26T00:10:40.99,BUY,1.05e-06,161182.58625
4972900,2017-12-26T00:10:40.99,BUY,1.05e-06,751070.25379093
4972903,2017-12-26T00:10:41.13,BUY,1.05e-06,418618.4963907
4972904,2017-12-26T00:10:41.13,BUY,1.06e-06,10364.95711752
4972905,2017-12-26T00:10:41.13,BUY,1.06e-06,72516.54749477
4972917,2017-12-26T00:10:44.443,SELL,1.05e-06,167474.63769231
4972918,2017-12-26T00:10:44.443,SELL,1.05e-06,175979.80280769
4972919,2017-12-26T00:10:44.443,SELL,1.05e-06,5640.5015
4972925,2017-12-26T00:10:45.96,BUY,1.05e-06,48255.09628055
4972939,2017-12-26T00:10:52.117,BUY,1.06e-06,11301.82556604
4972949,2017-12-26T00:10:54.74,SELL,1.05e-06,4569.41224576
4972952,2017-12-26T00:10:55.32,BUY,1.06e-06,3560.26771589
4972953,2017-12-26T00:10:55.32,BUY,1.06e-06,10089.74881944
4972954,2017-12-26T00:10:55.32,BUY,1.06e-06,3237.79230085
4972955,2017-12-26T00:10:55.32,BUY,1.06e-06,20000.0
4972956,2017-12-26T00:10:55.32,BUY,1.06e-06,10000.0
4972957,2017-12-26T00:10:55.32,BUY,1.06e-06,2569.82524272
4972958,2017-12-26T00:10:55.32,BUY,1.06e-06,1050.0
4972959,2017-12-26T00:10:55.32,BUY,1.06e-06,9708.73786408
4972960,2017-12-26T00:10:55.32,BUY,1.06e-06,6151.91262136
4972961,2017-12-26T00:10:55.32,BUY,1.06e-06,5614.62135922
4972962,2017-12-26T00:10:55.32,BUY,1.06e-06,1000.0
4972963,2017-12-26T00:10:55.32,BUY,1.06e-06,8652.31067961
4972964,2017-12-26T00:10:55.32,BUY,1.06e-06,3403.25242718
4972965,2017-12-26T00:10:55.32,BUY,1.06e-06,800.0
4972966,2017-12-26T00:10:55.32,BUY,1.06e-06,55317.19134701
4972974,2017-12-26T00:10:56.523,SELL,1.05e-06,961.53846153
4972975,2017-12-26T00:10:56.757,SELL,1.05e-06,2710.01601216
4972976,2017-12-26T00:10:56.757,SELL,1.05e-06,114999.84318784
4972979,2017-12-26T00:10:56.867,BUY,1.06e-06,50000.0
4972985,2017-12-26T00:10:57.583,SELL,1.05e-06,1057.69230769
4972986,2017-12-26T00:10:57.6,SELL,1.05e-06,55040.96533981
4973011,2017-12-26T00:10:59.757,BUY,1.06e-06,2493.76122188
4973013,2017-12-26T00:10:59.833,SELL,1.05e-06,1135.54459913
4973014,2017-12-26T00:10:59.85,SELL,1.05e-06,19928.71885714
4973015,2017-12-26T00:10:59.85,SELL,1.05e-06,21794.29249033
4973036,2017-12-26T00:11:02.29,BUY,1.06e-06,1000.0
4973042,2017-12-26T00:11:02.913,BUY,1.06e-06,3453.80610849
4973053,2017-12-26T00:11:04.883,BUY,1.06e-06,13988.66836687
4973054,2017-12-26T00:11:04.883,BUY,1.06e-06,2772.98097913
4973059,2017-12-26T00:11:06.053,BUY,1.06e-06,63.00456208
4973060,2017-12-26T00:11:06.053,BUY,1.06e-06,2835.98554121
4973061,2017-12-26T00:11:06.053,BUY,1.06e-06,4176.48159482
4973064,2017-12-26T00:11:06.4,SELL,1.05e-06,961.46286765
4973075,2017-12-26T00:11:08.303,SELL,1.05e-06,118445.10064202
4973076,2017-12-26T00:11:08.303,SELL,1.05e-06,10000.0
4973077,2017-12-26T00:11:08.303,SELL,1.05e-06,102726.0175
4973078,2017-12-26T00:11:08.303,SELL,1.05e-06,28532.224
4973079,2017-12-26T00:11:08.303,SELL,1.05e-06,22417.85
4973080,2017-12-26T00:11:08.303,SELL,1.05e-06,9041.207
4973081,2017-12-26T00:11:08.303,SELL,1.05e-06,6209.2
4973082,2017-12-26T00:11:08.303,SELL,1.05e-06,30000.0
4973083,2017-12-26T00:11:08.303,SELL,1.05e-06,1121220.5045
4973084,2017-12-26T00:11:08.303,SELL,1.05e-06,2687.265
4973086,2017-12-26T00:11:08.477,BUY,1.05e-06,368046.2645263
4973087,2017-12-26T00:11:08.477,BUY,1.06e-06,12895.49112153
4973088,2017-12-26T00:11:08.477,BUY,1.06e-06,472880.31399253
4973089,2017-12-26T00:11:08.477,BUY,1.06e-06,82159.60543269
4973090,2017-12-26T00:11:08.477,BUY,1.06e-06,279384.80308733
4973095,2017-12-26T00:11:10.68,BUY,1.06e-06,9043.77720786
4973098,2017-12-26T00:11:11.71,SELL,1.05e-06,1000.0
4973100,2017-12-26T00:11:11.883,BUY,1.05e-06,49000.55251348
4973102,2017-12-26T00:11:12.117,BUY,1.06e-06,565984.87874327
4973103,2017-12-26T00:11:12.117,BUY,1.06e-06,10993.43790865
4973104,2017-12-26T00:11:12.117,BUY,1.06e-06,800.0
4973105,2017-12-26T00:11:12.117,BUY,1.06e-06,181304.973972
4973106,2017-12-26T00:11:12.117,BUY,1.06e-06,240916.70937608
4973115,2017-12-26T00:11:15.15,SELL,1.05e-06,51546.39175257
4973117,2017-12-26T00:11:15.227,BUY,1.06e-06,45218.8820273
4973118,2017-12-26T00:11:15.32,SELL,1.05e-06,5500.0
4973120,2017-12-26T00:11:17.337,BUY,1.06e-06,2562.74157285
4973121,2017-12-26T00:11:17.337,BUY,1.06e-06,59981.36978155
4973122,2017-12-26T00:11:17.337,BUY,1.06e-06,50144.90198529
4973123,2017-12-26T00:11:17.337,BUY,1.06e-06,383451.71486786
4973127,2017-12-26T00:11:18.07,BUY,1.06e-06,947.64382075
4973130,2017-12-26T00:11:18.54,BUY,1.06e-06,15798.65394839
4973131,2017-12-26T00:11:18.54,BUY,1.06e-06,21959.1127099
4973137,2017-12-26T00:11:19.93,BUY,1.06e-06,285896.49573113
4973141,2017-12-26T00:11:20.68,BUY,1.06e-06,71828.50698113
4973142,2017-12-26T00:11:20.773,SELL,1.05e-06,138229.90528846
4973145,2017-12-26T00:11:21.197,BUY,1.06e-06,993.93660377
4973147,2017-12-26T00:11:21.213,BUY,1.06e-06,27603.86692428
4973149,2017-12-26T00:11:21.48,BUY,1.06e-06,2956.29365094
4973152,2017-12-26T00:11:23.807,SELL,1.05e-06,2000.0
4973164,2017-12-26T00:11:28.9,SELL,1.05e-06,727816.22219306
4973165,2017-12-26T00:11:28.9,SELL,1.05e-06,32314.7725
4973166,2017-12-26T00:11:28.9,SELL,1.05e-06,50405.9075
4973167,2017-12-26T00:11:28.9,SELL,1.05e-06,9820.0
4973168,2017-12-26T00:11:28.9,SELL,1.05e-06,2828.625
4973169,2017-12-26T00:11:28.9,SELL,1.05e-06,172234.04543447
4973170,2017-12-26T00:11:28.917,SELL,1.05e-06,334002.4535
4973171,2017-12-26T00:11:28.917,SELL,1.05e-06,2000.0
4973173,2017-12-26T00:11:29.15,BUY,1.06e-06,88761.78739885
4973174,2017-12-26T00:11:29.15,BUY,1.06e-06,800.0
4973175,2017-12-26T00:11:29.167,BUY,1.06e-06,800.0
4973176,2017-12-26T00:11:29.167,BUY,1.06e-06,10101.15216981
4973177,2017-12-26T00:11:29.167,BUY,1.06e-06,2868.53185096
4973178,2017-12-26T00:11:29.197,SELL,1.06e-06,10000.0
4973187,2017-12-26T00:11:32.7,SELL,1.06e-06,676356.02858038
4973188,2017-12-26T00:11:32.7,SELL,1.06e-06,58248.97485849
4973189,2017-12-26T00:11:32.7,SELL,1.06e-06,943.38679254
4973194,2017-12-26T00:11:34.043,SELL,1.05e-06,948.12268877
4973218,2017-12-26T00:11:39.857,BUY,1.06e-06,93662.26691038
4973223,2017-12-26T00:11:40.653,BUY,1.06e-06,6131.22785377
4973226,2017-12-26T00:11:41.37,SELL,1.05e-06,15000.0
4973227,2017-12-26T00:11:41.403,SELL,1.05e-06,6565.97057428
4973232,2017-12-26T00:11:42.92,SELL,1.05e-06,227793.36392572
4973233,2017-12-26T00:11:42.92,SELL,1.05e-06,950000.0
4973234,2017-12-26T00:11:42.92,SELL,1.05e-06,6551.9125
4973235,2017-12-26T00:11:42.92,SELL,1.05e-06,2063125.6875
4973236,2017-12-26T00:11:42.92,SELL,1.05e-06,7619.04761905
4973237,2017-12-26T00:11:42.92,SELL,1.05e-06,4349.1665
4973238,2017-12-26T00:11:42.92,SELL,1.05e-06,1436.0105
4973239,2017-12-26T00:11:42.92,SELL,1.05e-06,10000.0
4973240,2017-12-26T00:11:42.933,SELL,1.05e-06,952.37142866
4973241,2017-12-26T00:11:42.933,SELL,1.05e-06,952.37142866
4973242,2017-12-26T00:11:42.933,SELL,1.05e-06,21565.97057428
4973249,2017-12-26T00:11:44.043,BUY,1.06e-06,90076.33688086
4973251,2017-12-26T00:11:44.467,BUY,1.06e-06,19352.74661873
4973252,2017-12-26T00:11:44.467,BUY,1.06e-06,89802.76557467
4973257,2017-12-26T00:11:45.717,SELL,1.05e-06,37795.33992572
4973258,2017-12-26T00:11:45.717,SELL,1.05e-06,38149.4255
4973259,2017-12-26T00:11:45.717,SELL,1.05e-06,80758.037
4973260,2017-12-26T00:11:45.717,SELL,1.05e-06,10449.9905
4973263,2017-12-26T00:11:46.293,BUY,1.05e-06,11000.0
4973265,2017-12-26T00:11:46.31,BUY,1.05e-06,14860.4632783
4973267,2017-12-26T00:11:46.31,BUY,1.05e-06,87160.19417476
4973269,2017-12-26T00:11:46.497,BUY,1.05e-06,94343.77584906
4973272,2017-12-26T00:11:48.247,BUY,1.05e-06,80275.78525606
4973274,2017-12-26T00:11:48.403,BUY,1.05e-06,952.37142866
4973276,2017-12-26T00:11:48.827,BUY,1.05e-06,16986.8415566
4973288,2017-12-26T00:11:52.793,SELL,1.04e-06,6120.42980769
4973289,2017-12-26T00:11:52.793,SELL,1.04e-06,403145.14002404
4973290,2017-12-26T00:11:52.793,SELL,1.04e-06,30517.24644231
4973291,2017-12-26T00:11:52.793,SELL,1.04e-06,289705.24860577
4973292,2017-12-26T00:11:52.793,SELL,1.04e-06,25845.94435096
4973293,2017-12-26T00:11:52.793,SELL,1.04e-06,5946.63461538
4973294,2017-12-26T00:11:52.793,SELL,1.04e-06,417933.95992788
4973295,2017-12-26T00:11:52.793,SELL,1.04e-06,10685.69956731
4973296,2017-12-26T00:11:52.793,SELL,1.04e-06,365293.78442308
4973297,2017-12-26T00:11:52.793,SELL,1.04e-06,1057.69230769
4973301,2017-12-26T00:11:55.233,SELL,1.03e-06,164715.15831522
4973304,2017-12-26T00:11:55.793,BUY,1.04e-06,18600.0
4973306,2017-12-26T00:11:56.763,BUY,1.04e-06,5000.0
4973308,2017-12-26T00:11:56.81,BUY,1.04e-06,10741.71393204
4973310,2017-12-26T00:11:56.84,BUY,1.04e-06,15207.51938101
4973312,2017-12-26T00:11:56.84,BUY,1.04e-06,300000.0
4973315,2017-12-26T00:11:57.42,BUY,1.04e-06,2006.001003
4973318,2017-12-26T00:11:58.28,BUY,1.04e-06,958329.41
4973320,2017-12-26T00:11:59.56,BUY,1.04e-06,173957.7015
4973322,2017-12-26T00:11:59.89,BUY,1.04e-06,1000.0
4973326,2017-12-26T00:12:01.123,BUY,1.04e-06,2000.0
4973328,2017-12-26T00:12:02.06,BUY,1.04e-06,19135.39737981
4973329,2017-12-26T00:12:03.2,SELL,1.03e-06,947.64382075
4973330,2017-12-26T00:12:03.61,SELL,1.03e-06,6571.2432985
4973331,2017-12-26T00:12:03.61,SELL,1.03e-06,1000.0
4973332,2017-12-26T00:12:03.61,SELL,1.03e-06,888.86138614
4973333,2017-12-26T00:12:03.61,SELL,1.03e-06,20608.36936893
4973334,2017-12-26T00:12:03.61,SELL,1.03e-06,9331.52594643
4973336,2017-12-26T00:12:03.937,BUY,1.04e-06,961.53846153
4973338,2017-12-26T00:12:04.733,BUY,1.04e-06,2007.95273488
4973341,2017-12-26T00:12:05.093,BUY,1.04e-06,961.53846153
4973348,2017-12-26T00:12:07.013,BUY,1.04e-06,466501.23980771
4973349,2017-12-26T00:12:07.013,BUY,1.04e-06,9820.0
4973350,2017-12-26T00:12:07.013,BUY,1.04e-06,800.0
4973351,2017-12-26T00:12:07.013,BUY,1.04e-06,105664.97004806
4973355,2017-12-26T00:12:11.61,SELL,1.03e-06,1410.18798561
4973356,2017-12-26T00:12:11.61,SELL,1.03e-06,9708.73786408
4973357,2017-12-26T00:12:11.61,SELL,1.03e-06,1322.11538461
4973358,2017-12-26T00:12:11.61,SELL,1.03e-06,10000.0
4973359,2017-12-26T00:12:11.61,SELL,1.03e-06,6033.25234885
4973360,2017-12-26T00:12:11.61,SELL,1.03e-06,4056.47017149
4973363,2017-12-26T00:12:12.5,BUY,1.03e-06,8000.0
4973365,2017-12-26T00:12:12.703,BUY,1.03e-06,254783.20675017
4973367,2017-12-26T00:12:12.92,BUY,1.04e-06,45973.36507212
4973371,2017-12-26T00:12:14.72,BUY,1.04e-06,54000.0
4973375,2017-12-26T00:12:16.173,BUY,1.04e-06,797.28064904
4973377,2017-12-26T00:12:16.53,BUY,1.04e-06,4461.97096154
4973379,2017-12-26T00:12:16.89,BUY,1.04e-06,3178.4815
4973383,2017-12-26T00:12:18.173,BUY,1.04e-06,23192.24926024
4973384,2017-12-26T00:12:18.173,BUY,1.04e-06,68080.75174276
4973389,2017-12-26T00:12:19.453,BUY,1.04e-06,53932.81094267
4973391,2017-12-26T00:12:19.75,BUY,1.04e-06,10710.30565592
4973393,2017-12-26T00:12:21.533,SELL,1.04e-06,133159.88665177
4973394,2017-12-26T00:12:21.533,SELL,1.03e-06,45216.79324983
4973395,2017-12-26T00:12:21.533,SELL,1.03e-06,18584.62587379
4973396,2017-12-26T00:12:21.533,SELL,1.03e-06,4501.76592233
4973397,2017-12-26T00:12:21.533,SELL,1.03e-06,48325.48543689
4973399,2017-12-26T00:12:22.017,BUY,1.03e-06,6110.19109223
4973404,2017-12-26T00:12:25.173,BUY,1.03e-06,57069.49996762
4973406,2017-12-26T00:12:25.283,BUY,1.03e-06,30300.93982321
4973408,2017-12-26T00:12:25.737,BUY,1.03e-06,13233.08270676
4973413,2017-12-26T00:12:26.517,BUY,1.03e-06,1380.33955064
4973417,2017-12-26T00:12:27.11,BUY,1.03e-06,860.15192308
4973421,2017-12-26T00:12:28.457,BUY,1.03e-06,48422.33009709
4973429,2017-12-26T00:12:31.11,BUY,1.03e-06,4842.23300971
4973441,2017-12-26T00:12:34.097,SELL,1.02e-06,1960.78431372
4973442,2017-12-26T00:12:34.097,SELL,1.02e-06,20000.0
4973443,2017-12-26T00:12:34.097,SELL,1.02e-06,10000.0
4973444,2017-12-26T00:12:34.097,SELL,1.02e-06,13436.51091773
4973445,2017-12-26T00:12:34.207,SELL,1.02e-06,167903.16055286
4973446,2017-12-26T00:12:34.207,SELL,1.02e-06,73369.7825
4973447,2017-12-26T00:12:34.207,SELL,1.02e-06,5427.29411765
4973448,2017-12-26T00:12:34.207,SELL,1.02e-06,1955.94102941
4973449,2017-12-26T00:12:34.207,SELL,1.02e-06,803.83333333
4973450,2017-12-26T00:12:34.207,SELL,1.02e-06,32767.47432613
4973454,2017-12-26T00:12:35.393,BUY,1.03e-06,6772.75692269
4973459,2017-12-26T00:12:39.503,BUY,1.03e-06,147427.30726928
4973461,2017-12-26T00:12:39.643,BUY,1.03e-06,1184.68330872
4973463,2017-12-26T00:12:39.94,BUY,1.03e-06,7075.47169811
4973467,2017-12-26T00:12:41.94,BUY,1.03e-06,9129.38706771
4973473,2017-12-26T00:12:42.973,BUY,1.03e-06,211960.90484915
4973475,2017-12-26T00:12:43.33,BUY,1.03e-06,5744.60994538
4973478,2017-12-26T00:12:44.16,BUY,1.03e-06,33328.08262136
4973479,2017-12-26T00:12:44.223,SELL,1.02e-06,3112.43298969
4973480,2017-12-26T00:12:44.27,SELL,1.02e-06,3581.0
4973481,2017-12-26T00:12:44.317,SELL,1.02e-06,2386.72631579
4973483,2017-12-26T00:12:44.393,SELL,1.02e-06,1339.68085106
4973485,2017-12-26T00:12:45.02,BUY,1.03e-06,4601.12949512
4973488,2017-12-26T00:12:47.503,SELL,1.02e-06,3000.935
4973490,2017-12-26T00:12:47.787,SELL,1.02e-06,51605.86816439
4973491,2017-12-26T00:12:47.787,SELL,1.02e-06,172234.04543447
4973492,2017-12-26T00:12:47.787,SELL,1.02e-06,3589.0
4973493,2017-12-26T00:12:47.787,SELL,1.02e-06,14351.0
4973494,2017-12-26T00:12:47.787,SELL,1.02e-06,1652.64423076
4973495,2017-12-26T00:12:47.787,SELL,1.02e-06,3003.04220588
4973496,2017-12-26T00:12:47.787,SELL,1.02e-06,8194.88923533
4973497,2017-12-26T00:12:47.787,SELL,1.02e-06,9820.0
4973498,2017-12-26T00:12:47.787,SELL,1.02e-06,28269.51072917
4973501,2017-12-26T00:12:49.44,BUY,1.03e-06,2880.27184466
4973507,2017-12-26T00:12:53.74,BUY,1.03e-06,157888.06967287
4973508,2017-12-26T00:12:53.74,BUY,1.03e-06,56130.70802915
4973511,2017-12-26T00:12:54.24,BUY,1.03e-06,1003.00100299
4973512,2017-12-26T00:12:54.583,SELL,1.02e-06,74503.38951972
4973514,2017-12-26T00:12:54.723,BUY,1.03e-06,10000.21599515
4973517,2017-12-26T00:12:55.66,SELL,1.02e-06,31878.47078052
4973518,2017-12-26T00:12:55.66,SELL,1.02e-06,9028.88102941
4973519,2017-12-26T00:12:55.66,SELL,1.02e-06,1960.0
4973520,2017-12-26T00:12:55.66,SELL,1.02e-06,3445.0325
4973521,2017-12-26T00:12:55.66,SELL,1.02e-06,6523.11213235
4973522,2017-12-26T00:12:55.66,SELL,1.02e-06,18993.01053885
4973527,2017-12-26T00:12:58.303,BUY,1.03e-06,40000.0
4973530,2017-12-26T00:12:58.723,SELL,1.02e-06,45973.36507212
4973532,2017-12-26T00:12:59.27,BUY,1.03e-06,62000.00000002
4973534,2017-12-26T00:12:59.35,BUY,1.03e-06,41311.61145561
4973536,2017-12-26T00:12:59.41,BUY,1.03e-06,33328.10199029
4973539,2017-12-26T00:13:00.303,BUY,1.03e-06,715.12312294
4973540,2017-12-26T00:13:00.303,BUY,1.03e-06,1000.0
4973541,2017-12-26T00:13:00.303,BUY,1.03e-06,2893.82876525
4973542,2017-12-26T00:13:00.303,BUY,1.03e-06,5827.84218948
4973544,2017-12-26T00:13:01.24,BUY,1.03e-06,3992.15781052
4973545,2017-12-26T00:13:01.24,BUY,1.03e-06,9733.00970874
4973546,2017-12-26T00:13:01.24,BUY,1.03e-06,31804.10267491
4973549,2017-12-26T00:13:03.007,BUY,1.03e-06,942.91834951
4973551,2017-12-26T00:13:04.24,SELL,1.02e-06,71379.82067533
4973553,2017-12-26T00:13:04.82,BUY,1.03e-06,157769.11613467
4973554,2017-12-26T00:13:04.82,BUY,1.03e-06,800.0
4973555,2017-12-26T00:13:04.82,BUY,1.03e-06,9644.25969231
4973556,2017-12-26T00:13:04.82,BUY,1.03e-06,800.0
4973557,2017-12-26T00:13:04.82,BUY,1.03e-06,1955.94102941
4973558,2017-12-26T00:13:04.82,BUY,1.03e-06,5000.0
4973559,2017-12-26T00:13:04.82,BUY,1.03e-06,17720.00353196
4973561,2017-12-26T00:13:05.647,BUY,1.03e-06,22593.00136804
4973562,2017-12-26T00:13:05.647,BUY,1.03e-06,6523.11213235
4973563,2017-12-26T00:13:05.647,BUY,1.04e-06,1410.18798561
4973564,2017-12-26T00:13:05.647,BUY,1.04e-06,40000.0
4973565,2017-12-26T00:13:05.647,BUY,1.04e-06,11223.4040404
4973566,2017-12-26T00:13:05.647,BUY,1.04e-06,377268.1893945
4973570,2017-12-26T00:13:06.523,SELL,1.02e-06,152867.83145161
4973573,2017-12-26T00:13:07.93,BUY,1.04e-06,4817.29427223
4973575,2017-12-26T00:13:10.71,BUY,1.03e-06,6682.16533981
4973578,2017-12-26T00:13:11.85,BUY,1.03e-06,2346.7156896
4973579,2017-12-26T00:13:11.85,BUY,1.04e-06,17653.2843104
4973585,2017-12-26T00:13:14.24,SELL,1.03e-06,18437.21856
4973591,2017-12-26T00:13:17.85,SELL,1.03e-06,60149.83548913
4973596,2017-12-26T00:13:23.197,SELL,1.03e-06,2000.0
4973602,2017-12-26T00:13:24.87,BUY,1.04e-06,23440.07985577
4973614,2017-12-26T00:13:30.777,BUY,1.04e-06,59124.08855769
4973620,2017-12-26T00:13:35.417,SELL,1.03e-06,8176.64948454
4973621,2017-12-26T00:13:35.48,SELL,1.03e-06,8448.72916667
4973622,2017-12-26T00:13:35.54,SELL,1.03e-06,10266.98947368
4973623,2017-12-26T00:13:35.603,SELL,1.03e-06,7273.30851064
4973624,2017-12-26T00:13:35.65,SELL,1.03e-06,9985.0
4973626,2017-12-26T00:13:35.68,BUY,1.04e-06,33445.74654073
4973627,2017-12-26T00:13:35.697,SELL,1.03e-06,11236.56521739
4973628,2017-12-26T00:13:35.743,SELL,1.03e-06,13188.95604396
4973630,2017-12-26T00:13:35.777,BUY,1.04e-06,2783.53476803
4973631,2017-12-26T00:13:35.79,SELL,1.03e-06,1151.92222222
4973635,2017-12-26T00:13:39.12,SELL,1.03e-06,63951.10336916
4973637,2017-12-26T00:13:39.137,BUY,1.04e-06,72705.92387019
4973646,2017-12-26T00:13:41.73,BUY,1.04e-06,124687.5
4973649,2017-12-26T00:13:42.307,BUY,1.04e-06,24221.24704327
4973663,2017-12-26T00:13:52.357,SELL,1.03e-06,35009.79564222
4973664,2017-12-26T00:13:52.357,SELL,1.03e-06,1000.0
4973665,2017-12-26T00:13:52.357,SELL,1.03e-06,58368.75828455
4973666,2017-12-26T00:13:52.357,SELL,1.03e-06,5360.0
4973667,2017-12-26T00:13:52.357,SELL,1.03e-06,24948.94607323
4973672,2017-12-26T00:13:53.997,BUY,1.04e-06,4906.87514423
4973678,2017-12-26T00:13:56.153,BUY,1.04e-06,5000.0
4973681,2017-12-26T00:13:56.467,BUY,1.04e-06,237693.76665865
4973686,2017-12-26T00:13:59.217,BUY,1.04e-06,10218.79026896
4973688,2017-12-26T00:13:59.623,BUY,1.04e-06,2033.67931535
4973689,2017-12-26T00:13:59.64,BUY,1.04e-06,7996.32168765
4973695,2017-12-26T00:14:02.81,SELL,1.03e-06,800.32012805
4973697,2017-12-26T00:14:03.95,BUY,1.04e-06,24771.15263848
4973698,2017-12-26T00:14:03.95,BUY,1.04e-06,10419.84015654
4973699,2017-12-26T00:14:03.95,BUY,1.04e-06,4032.45192306
4973700,2017-12-26T00:14:03.95,BUY,1.04e-06,54606.80316439
4973701,2017-12-26T00:14:03.95,BUY,1.04e-06,4871.23574734
4973705,2017-12-26T00:14:06.237,BUY,1.04e-06,927.84559134
4973706,2017-12-26T00:14:06.623,SELL,1.03e-06,7000.0
4973708,2017-12-26T00:14:06.81,BUY,1.04e-06,13564.48491132
4973709,2017-12-26T00:14:06.81,BUY,1.04e-06,2046.97702403
4973712,2017-12-26T00:14:06.84,BUY,1.04e-06,33147.62516827
4973716,2017-12-26T00:14:09.153,SELL,1.03e-06,23815.2883861
4973717,2017-12-26T00:14:09.153,SELL,1.03e-06,1000.0
4973718,2017-12-26T00:14:09.153,SELL,1.03e-06,1000.0
4973719,2017-12-26T00:14:09.153,SELL,1.03e-06,9820.0
4973720,2017-12-26T00:14:09.153,SELL,1.03e-06,157430.13728155
4973721,2017-12-26T00:14:09.153,SELL,1.03e-06,1845402.00029126
4973722,2017-12-26T00:14:09.153,SELL,1.03e-06,6490.58723301
4973723,2017-12-26T00:14:09.153,SELL,1.03e-06,5000.16053398
4973724,2017-12-26T00:14:09.153,SELL,1.03e-06,1000.0
4973725,2017-12-26T00:14:09.153,SELL,1.03e-06,38737.86407767
4973726,2017-12-26T00:14:09.153,SELL,1.03e-06,15000.0
4973727,2017-12-26T00:14:09.153,SELL,1.03e-06,1050.0
4973728,2017-12-26T00:14:09.153,SELL,1.03e-06,36809.2026699
4973729,2017-12-26T00:14:09.153,SELL,1.03e-06,2995.04701456
4973730,2017-12-26T00:14:09.153,SELL,1.03e-06,8200.0
4973735,2017-12-26T00:14:10.75,BUY,1.03e-06,124687.5
4973743,2017-12-26T00:14:14.14,BUY,1.03e-06,58313.9081068
4973744,2017-12-26T00:14:14.483,SELL,1.02e-06,4011.6765169
4973745,2017-12-26T00:14:14.483,SELL,1.02e-06,14481.45073529
4973746,2017-12-26T00:14:14.5,SELL,1.02e-06,2000.0
4973747,2017-12-26T00:14:14.5,SELL,1.02e-06,2575.3627451
4973748,2017-12-26T00:14:14.5,SELL,1.02e-06,10000.0
4973749,2017-12-26T00:14:14.5,SELL,1.02e-06,91619.01000271
4973752,2017-12-26T00:14:15.483,BUY,1.03e-06,8632.21153846
4973754,2017-12-26T00:14:16.093,BUY,1.03e-06,60000.0
4973757,2017-12-26T00:14:18.343,BUY,1.03e-06,20000.0
4973762,2017-12-26T00:14:22.203,BUY,1.03e-06,32460.0
4973763,2017-12-26T00:14:22.343,SELL,1.02e-06,14273.59217742
4973766,2017-12-26T00:14:23.483,BUY,1.03e-06,156368.02252427
4973768,2017-12-26T00:14:23.64,SELL,1.02e-06,2525.2525
4973771,2017-12-26T00:14:24.03,BUY,1.03e-06,45427.55033654
4973773,2017-12-26T00:14:24.72,SELL,1.02e-06,19626.99662903
4973775,2017-12-26T00:14:25.343,BUY,1.03e-06,3548.0
4973777,2017-12-26T00:14:25.36,BUY,1.03e-06,8906.17090413
4973778,2017-12-26T00:14:25.377,SELL,1.02e-06,2000.0
4973781,2017-12-26T00:14:26.14,BUY,1.03e-06,60618.12342233
4973784,2017-12-26T00:14:27.593,SELL,1.02e-06,69955.14869084
4973785,2017-12-26T00:14:27.593,SELL,1.02e-06,4889.73644321
4973786,2017-12-26T00:14:27.593,SELL,1.02e-06,19616.82540865
4973787,2017-12-26T00:14:27.593,SELL,1.02e-06,1965.28036765
4973788,2017-12-26T00:14:27.593,SELL,1.02e-06,19752.47524752
4973789,2017-12-26T00:14:27.593,SELL,1.02e-06,62169.24928362
4973795,2017-12-26T00:14:29.75,BUY,1.03e-06,28402.52446602
4973805,2017-12-26T00:14:34.517,BUY,1.03e-06,293799.67601941
4973807,2017-12-26T00:14:35.86,SELL,1.02e-06,50000.0
4973808,2017-12-26T00:14:36.877,SELL,1.02e-06,942.91834951
4973810,2017-12-26T00:14:38.877,BUY,1.03e-06,20000.0
4973815,2017-12-26T00:14:42.253,BUY,1.03e-06,15347.10569445
4973817,2017-12-26T00:14:43.05,BUY,1.03e-06,189647.24701456
4973819,2017-12-26T00:14:43.253,BUY,1.03e-06,49810.87400184
4973821,2017-12-26T00:14:44.347,BUY,1.03e-06,2318.43288317
4973822,2017-12-26T00:14:44.41,SELL,1.02e-06,54324.35861687
4973823,2017-12-26T00:14:44.41,SELL,1.02e-06,10672.84313725
4973824,2017-12-26T00:14:44.41,SELL,1.02e-06,32000.0
4973825,2017-12-26T00:14:44.41,SELL,1.02e-06,2006.71573529
4973826,2017-12-26T00:14:44.41,SELL,1.02e-06,9071.93977941
4973827,2017-12-26T00:14:44.41,SELL,1.02e-06,16275.30227723
4973828,2017-12-26T00:14:44.41,SELL,1.02e-06,8000.0
4973829,2017-12-26T00:14:44.41,SELL,1.02e-06,3479.07463235
4973830,2017-12-26T00:14:44.41,SELL,1.02e-06,14731.58852941
4973831,2017-12-26T00:14:44.41,SELL,1.02e-06,29338.23529412
4973832,2017-12-26T00:14:44.41,SELL,1.02e-06,980.38235303
4973835,2017-12-26T00:14:46.33,BUY,1.02e-06,1955.88235294
4973838,2017-12-26T00:14:46.94,BUY,1.02e-06,8162.9524874
4973840,2017-12-26T00:14:47.41,BUY,1.02e-06,1896.45087379
4973844,2017-12-26T00:14:47.94,BUY,1.02e-06,5045.34342765
4973847,2017-12-26T00:14:48.94,BUY,1.02e-06,10025.07272506
4973849,2017-12-26T00:14:50.753,BUY,1.02e-06,250000.0
4973851,2017-12-26T00:14:52.783,BUY,1.02e-06,1771.72625
4973853,2017-12-26T00:14:53.69,BUY,1.02e-06,106302.11786765
4973856,2017-12-26T00:14:54.74,BUY,1.02e-06,26612.91566055
4973857,2017-12-26T00:14:54.74,BUY,1.02e-06,17822.57992769
4973859,2017-12-26T00:14:55.52,BUY,1.02e-06,5691.05691056
4973861,2017-12-26T00:14:56.037,BUY,1.02e-06,800.0
4973862,2017-12-26T00:14:56.41,SELL,1.01e-06,10000.0
4973863,2017-12-26T00:14:56.41,SELL,1.01e-06,1980.1980198
4973864,2017-12-26T00:14:56.427,SELL,1.01e-06,10000.0
4973865,2017-12-26T00:14:56.427,SELL,1.01e-06,11650.4854369
4973866,2017-12-26T00:14:56.427,SELL,1.01e-06,12312.75989562
4973867,2017-12-26T00:14:56.427,SELL,1.01e-06,20000.0
4973868,2017-12-26T00:14:56.427,SELL,1.01e-06,20569.17096535
4973869,2017-12-26T00:14:56.427,SELL,1.01e-06,11480.12873762
4973870,2017-12-26T00:14:56.427,SELL,1.01e-06,10000.0
4973871,2017-12-26T00:14:56.427,SELL,1.01e-06,44333.68997525
4973872,2017-12-26T00:14:56.427,SELL,1.01e-06,27459.25742574
4973873,2017-12-26T00:14:56.427,SELL,1.01e-06,62636.76809406
4973874,2017-12-26T00:14:56.427,SELL,1.01e-06,48749.59284653
4973875,2017-12-26T00:14:56.427,SELL,1.01e-06,2878.57425743
4973876,2017-12-26T00:14:56.427,SELL,1.01e-06,16555.33178854
4973877,2017-12-26T00:14:56.427,SELL,1.01e-06,15000.0
4973878,2017-12-26T00:14:56.427,SELL,1.01e-06,72177.92472772
4973879,2017-12-26T00:14:56.427,SELL,1.01e-06,10275.76237624
4973880,2017-12-26T00:14:56.427,SELL,1.01e-06,16275.30227723
4973881,2017-12-26T00:14:56.427,SELL,1.01e-06,11499.14851485
4973882,2017-12-26T00:14:56.427,SELL,1.01e-06,6207.91655941
4973883,2017-12-26T00:14:56.427,SELL,1.01e-06,1089.10891089
4973884,2017-12-26T00:14:56.427,SELL,1.01e-06,62596.58168317
4973886,2017-12-26T00:14:58.77,BUY,1.01e-06,8726.101003
4973888,2017-12-26T00:14:58.8,BUY,1.01e-06,25075.001003
4973890,2017-12-26T00:14:59.363,BUY,1.01e-06,65679.88935753
4973892,2017-12-26T00:14:59.74,BUY,1.01e-06,10000.0
4973896,2017-12-26T00:15:01.6,BUY,1.01e-06,56377.22330882
4973900,2017-12-26T00:15:02.863,BUY,1.01e-06,690256.24240099
4973904,2017-12-26T00:15:04.6,BUY,1.01e-06,10000.0
4973907,2017-12-26T00:15:06.567,BUY,1.01e-06,8327.2090099
4973910,2017-12-26T00:15:08.91,BUY,1.01e-06,124687.5
4973912,2017-12-26T00:15:09.363,SELL,1e-06,124687.5
4973913,2017-12-26T00:15:09.41,SELL,1e-06,150935.34857143
4973914,2017-12-26T00:15:09.427,SELL,1e-06,244207.09656573
4973915,2017-12-26T00:15:09.427,SELL,1e-06,28855.26105
4973916,2017-12-26T00:15:09.427,SELL,1e-06,3834.04
4973917,2017-12-26T00:15:09.427,SELL,1e-06,1824.18
4973918,2017-12-26T00:15:09.427,SELL,1e-06,99750.0
4973919,2017-12-26T00:15:09.427,SELL,1e-06,1700.0
4973920,2017-12-26T00:15:09.427,SELL,1e-06,888.86138614
4973921,2017-12-26T00:15:09.443,SELL,1e-06,1197.0
4973922,2017-12-26T00:15:09.443,SELL,1e-06,18000.0
4973923,2017-12-26T00:15:09.443,SELL,1e-06,10000.0519
4973924,2017-12-26T00:15:09.443,SELL,1e-06,50000.0
4973925,2017-12-26T00:15:09.443,SELL,1e-06,112779.135525
4973926,2017-12-26T00:15:09.443,SELL,1e-06,293883.898875
4973927,2017-12-26T00:15:09.443,SELL,1e-06,262337.67546941
4973928,2017-12-26T00:15:09.507,SELL,1e-06,415574.94588981
4973929,2017-12-26T00:15:09.507,SELL,1e-06,53452.434
4973930,2017-12-26T00:15:09.507,SELL,1e-06,13593.6108
4973931,2017-12-26T00:15:09.507,SELL,1e-06,10000.0
4973932,2017-12-26T00:15:09.507,SELL,1e-06,3412.0086
4973933,2017-12-26T00:15:09.507,SELL,1e-06,1535.5515
4973934,2017-12-26T00:15:09.507,SELL,1e-06,1000.0
4973935,2017-12-26T00:15:09.507,SELL,1e-06,421794.13185
4973936,2017-12-26T00:15:09.507,SELL,1e-06,33445.11472433
4973937,2017-12-26T00:15:09.507,SELL,1e-06,4987.5
4973938,2017-12-26T00:15:09.507,SELL,1e-06,8571.24
4973939,2017-12-26T00:15:09.507,SELL,1e-06,6566.672175
4973940,2017-12-26T00:15:09.507,SELL,1e-06,1150.0
4973941,2017-12-26T00:15:09.507,SELL,1e-06,33886.880475
4973942,2017-12-26T00:15:09.507,SELL,1e-06,1361.38613861
4973943,2017-12-26T00:15:09.507,SELL,1e-06,10001.71876214
4973944,2017-12-26T00:15:09.507,SELL,1e-06,20037.690225
4973946,2017-12-26T00:15:10.46,BUY,1e-06,1713422.95686011
4973947,2017-12-26T00:15:10.46,BUY,1.01e-06,1667779.38645672
4973949,2017-12-26T00:15:11.333,BUY,1.01e-06,1997.99974964
4973960,2017-12-26T00:15:19.82,SELL,1e-06,4987.53117207
4973961,2017-12-26T00:15:19.82,SELL,1e-06,36924.23353381
4973962,2017-12-26T00:15:20.023,SELL,1e-06,29000.0
4973963,2017-12-26T00:15:20.07,SELL,1e-06,5000.0
4973966,2017-12-26T00:15:21.79,SELL,1e-06,14500.0
4973968,2017-12-26T00:15:22.21,SELL,1e-06,5453.72820248
4973971,2017-12-26T00:15:23.07,BUY,1.01e-06,16553.1964604
4973974,2017-12-26T00:15:23.837,SELL,1e-06,59122.03826371
4973975,2017-12-26T00:15:23.837,SELL,1e-06,17030.57685
4973976,2017-12-26T00:15:23.837,SELL,1e-06,153847.38488629
4973977,2017-12-26T00:15:24.71,SELL,1e-06,135952.61511371
4973978,2017-12-26T00:15:24.71,SELL,1e-06,999.99000009
4973979,2017-12-26T00:15:24.71,SELL,9.9e-07,34748.84954545
4973980,2017-12-26T00:15:24.71,SELL,9.9e-07,78890.93188242
4973982,2017-12-26T00:15:26.4,SELL,1e-06,999.99000009
4973986,2017-12-26T00:15:28.163,BUY,1e-06,1980.1980198
4973988,2017-12-26T00:15:28.587,BUY,1e-06,3329.98091584
4973990,2017-12-26T00:15:29.29,BUY,1e-06,31839.25656427
4973995,2017-12-26T00:15:30.71,SELL,1e-06,9820.0
4973997,2017-12-26T00:15:31.15,SELL,1e-06,32314.7725
4973998,2017-12-26T00:15:31.587,SELL,1e-06,493424.796375
4973999,2017-12-26T00:15:33.243,SELL,1e-06,9403.95800034
4974002,2017-12-26T00:15:33.663,BUY,1.01e-06,52452.15482673
4974004,2017-12-26T00:15:35.29,BUY,1.01e-06,947.51636139
4974008,2017-12-26T00:15:35.913,BUY,1.01e-06,232815.36423267
4974010,2017-12-26T00:15:36.51,BUY,1.01e-06,2915.8019802
4974013,2017-12-26T00:15:36.9,BUY,1.01e-06,13765.27447401
4974014,2017-12-26T00:15:36.9,BUY,1.01e-06,6234.72552599
4974019,2017-12-26T00:15:40.417,SELL,1e-06,162195.12195122
4974021,2017-12-26T00:15:41.103,BUY,1.01e-06,2128.4080576
4974025,2017-12-26T00:15:44.57,SELL,1e-06,1020.40816326
4974027,2017-12-26T00:15:45.87,SELL,1e-06,9712.66718447
4974030,2017-12-26T00:15:47.633,SELL,1e-06,11031.30918378
4974033,2017-12-26T00:15:48.4,BUY,1.01e-06,97040.30606436
4974041,2017-12-26T00:15:51.323,BUY,1.01e-06,19752.47524752
