83168757,2017-12-20T08:10:00.773,SELL,4.285e-05,216.65887421
83168758,2017-12-20T08:10:00.773,SELL,4.283e-05,633.80872579
83168766,2017-12-20T08:10:04.037,BUY,4.286e-05,16.80107527
83168767,2017-12-20T08:10:04.037,BUY,4.289e-05,26.29684506
83168768,2017-12-20T08:10:04.037,BUY,4.29e-05,150.0
83168769,2017-12-20T08:10:04.037,BUY,4.29e-05,30.57333964
83168770,2017-12-20T08:10:04.037,BUY,4.29e-05,4739.90093476
83168772,2017-12-20T08:10:04.867,SELL,4.285e-05,41.34305358
83168773,2017-12-20T08:10:04.943,SELL,4.285e-05,73.65694642
83168774,2017-12-20T08:10:04.943,SELL,4.285e-05,528.76485358
83168775,2017-12-20T08:10:06.287,SELL,4.285e-05,192.93209975
83168776,2017-12-20T08:10:06.287,SELL,4.283e-05,459.69253052
83168778,2017-12-20T08:10:06.6,BUY,4.285e-05,500.0
83168781,2017-12-20T08:10:12.43,SELL,4.285e-05,129.0853
83168788,2017-12-20T08:10:20.443,BUY,4.286e-05,438.42901061
83168795,2017-12-20T08:10:25.6,SELL,4.286e-05,44.67129187
83168796,2017-12-20T08:10:25.6,SELL,4.286e-05,22.35704023
83168799,2017-12-20T08:10:26.6,SELL,4.286e-05,562.47243094
83168815,2017-12-20T08:10:30.63,BUY,4.29e-05,50.08749333
83168818,2017-12-20T08:10:32.77,BUY,4.29e-05,233.1002331
83168820,2017-12-20T08:10:32.913,BUY,4.29e-05,233.1002331
83168824,2017-12-20T08:10:34.663,BUY,4.29e-05,250.0
83168826,2017-12-20T08:10:35.74,BUY,4.29e-05,70.0
83168831,2017-12-20T08:10:37.833,BUY,4.29e-05,233.1002331
83168833,2017-12-20T08:10:37.913,BUY,4.29e-05,233.1002331
83168838,2017-12-20T08:10:40.32,BUY,4.29e-05,3000.0
83168842,2017-12-20T08:10:42.193,BUY,4.29e-05,377.61466958
83168848,2017-12-20T08:10:45.82,BUY,4.29e-05,163.02825123
83168850,2017-12-20T08:10:45.88,BUY,4.29e-05,234.90220663
83168857,2017-12-20T08:10:50.24,SELL,4.286e-05,233.1002331
83168858,2017-12-20T08:10:50.57,SELL,4.286e-05,29.15788756
83168859,2017-12-20T08:10:50.57,SELL,4.286e-05,17.86719995
83168861,2017-12-20T08:10:51.63,BUY,4.29e-05,121.44388112
83168866,2017-12-20T08:10:56.083,BUY,4.29e-05,100.0
83168867,2017-12-20T08:10:56.257,SELL,4.286e-05,117.8574125
83168869,2017-12-20T08:10:56.367,SELL,4.286e-05,260.58438556
83168873,2017-12-20T08:10:57.85,BUY,4.29e-05,233.1002331
83168875,2017-12-20T08:10:59.023,BUY,4.29e-05,46.23935664
83168877,2017-12-20T08:11:00.96,BUY,4.29e-05,498.50202087
83168880,2017-12-20T08:11:01.583,BUY,4.29e-05,75.14500461
83168886,2017-12-20T08:11:03.477,BUY,4.29e-05,249.90084374
83168888,2017-12-20T08:11:05.647,BUY,4.29e-05,5000.0
83168892,2017-12-20T08:11:08.74,BUY,4.29e-05,99.71072146
83168896,2017-12-20T08:11:15.053,SELL,4.289e-05,411.00442061
83168897,2017-12-20T08:11:15.053,SELL,4.289e-05,325.01128106
83168906,2017-12-20T08:11:18.4,BUY,4.29e-05,1726.6259965
83168913,2017-12-20T08:11:23.71,BUY,4.29e-05,1018.34
83168924,2017-12-20T08:11:27.053,BUY,4.29e-05,233.21759266
83168932,2017-12-20T08:11:30.29,SELL,4.289e-05,1319.7597415
83168940,2017-12-20T08:11:33.54,BUY,4.29e-05,190.55231088
83168944,2017-12-20T08:11:34.79,BUY,4.29e-05,120.60960839
83168947,2017-12-20T08:11:39.443,BUY,4.29e-05,83.54608916
83168950,2017-12-20T08:11:42.93,SELL,4.289e-05,344.70891937
83168954,2017-12-20T08:11:44.977,BUY,4.29e-05,876.86160454
83168959,2017-12-20T08:11:48.193,BUY,4.29e-05,16.63153397
83168961,2017-12-20T08:11:50.663,BUY,4.29e-05,357.99135664
83168965,2017-12-20T08:11:51.837,BUY,4.29e-05,461.95275582
83168967,2017-12-20T08:11:53.053,BUY,4.29e-05,511.45080245
83168969,2017-12-20T08:11:53.663,SELL,4.289e-05,7736.46200727
83168971,2017-12-20T08:11:55.21,SELL,4.289e-05,890.06283927
83168975,2017-12-20T08:11:56.413,BUY,4.29e-05,500.0
83168977,2017-12-20T08:11:56.46,BUY,4.29e-05,283.82106993
83168978,2017-12-20T08:11:57.023,SELL,4.289e-05,87.64241893
83168980,2017-12-20T08:11:58.337,SELL,4.289e-05,112.50130075
83168987,2017-12-20T08:11:59.913,BUY,4.29e-05,667.32470979
83168994,2017-12-20T08:12:05.693,BUY,4.29e-05,4649.01
83168998,2017-12-20T08:12:06.727,BUY,4.29e-05,191.62207517
83169009,2017-12-20T08:12:13.18,BUY,4.29e-05,35.80890618
83169014,2017-12-20T08:12:16.447,BUY,4.29e-05,77.0
83169015,2017-12-20T08:12:17.6,SELL,4.289e-05,205.0
83169017,2017-12-20T08:12:18.883,BUY,4.29e-05,216.40518357
83169019,2017-12-20T08:12:22.197,BUY,4.29e-05,2127.43421037
83169021,2017-12-20T08:12:23.65,BUY,4.29e-05,4790.75626224
83169024,2017-12-20T08:12:27.197,BUY,4.29e-05,5102.94167483
83169025,2017-12-20T08:12:28.553,SELL,4.289e-05,36.53720816
83169026,2017-12-20T08:12:29.35,SELL,4.289e-05,4370.4333454
83169030,2017-12-20T08:12:32.93,BUY,4.29e-05,557.04585315
83169034,2017-12-20T08:12:34.447,BUY,4.29e-05,75.0
83169035,2017-12-20T08:12:34.57,SELL,4.289e-05,100.40023227
83169037,2017-12-20T08:12:36.18,BUY,4.29e-05,42.90495304
83169040,2017-12-20T08:12:37.79,BUY,4.29e-05,200.34536359
83169044,2017-12-20T08:12:42.32,BUY,4.29e-05,400.0
83169051,2017-12-20T08:12:46.99,BUY,4.29e-05,582.75717133
83169052,2017-12-20T08:12:48.04,SELL,4.289e-05,232.444715
83169058,2017-12-20T08:12:54.257,BUY,4.29e-05,219.6401993
83169060,2017-12-20T08:12:54.303,BUY,4.29e-05,1000.0
83169062,2017-12-20T08:12:54.337,BUY,4.29e-05,8390.37511117
83169064,2017-12-20T08:12:55.383,BUY,4.29e-05,100.301003
83169066,2017-12-20T08:12:56.897,BUY,4.29e-05,46.5034965
83169073,2017-12-20T08:13:02.303,BUY,4.29e-05,4730.8802814
83169078,2017-12-20T08:13:05.007,BUY,4.29e-05,65.54243841
83169082,2017-12-20T08:13:07.24,BUY,4.29e-05,36793.26346329
83169085,2017-12-20T08:13:09.333,SELL,4.289e-05,600.0
83169088,2017-12-20T08:13:09.647,BUY,4.29e-05,99.55366119
83169095,2017-12-20T08:13:15.71,BUY,4.29e-05,150.0
83169098,2017-12-20T08:13:17.413,BUY,4.29e-05,79.3339814
83169101,2017-12-20T08:13:20.087,BUY,4.29e-05,150.56691783
83169105,2017-12-20T08:13:23.54,BUY,4.29e-05,466.44309091
83169114,2017-12-20T08:13:29.557,BUY,4.29e-05,749.07204371
83169120,2017-12-20T08:13:33.057,BUY,4.29e-05,100.0
83169123,2017-12-20T08:13:34.4,BUY,4.29e-05,4518.59067822
83169124,2017-12-20T08:13:34.4,BUY,4.29e-05,106.24260355
83169125,2017-12-20T08:13:34.4,BUY,4.29e-05,24.17671823
83169127,2017-12-20T08:13:34.43,BUY,4.29e-05,76.37782001
83169129,2017-12-20T08:13:35.163,BUY,4.29e-05,40.0636606
83169131,2017-12-20T08:13:37.54,BUY,4.29e-05,260.0
83169140,2017-12-20T08:13:41.697,BUY,4.29e-05,80.0
83169146,2017-12-20T08:13:43.35,SELL,4.289e-05,296.09726815
83169147,2017-12-20T08:13:44.367,SELL,4.289e-05,4701.89127699
83169149,2017-12-20T08:13:45.227,BUY,4.29e-05,116.25874126
83169152,2017-12-20T08:13:46.947,BUY,4.29e-05,204.38426224
83169155,2017-12-20T08:13:47.447,BUY,4.29e-05,1543.73879766
83169156,2017-12-20T08:13:47.447,BUY,4.29e-05,644.05002112
83169157,2017-12-20T08:13:47.447,BUY,4.29e-05,481.65137615
83169158,2017-12-20T08:13:47.447,BUY,4.29e-05,900.0
83169159,2017-12-20T08:13:47.447,BUY,4.29e-05,313.22075177
83169161,2017-12-20T08:13:50.257,BUY,4.29e-05,218.5708514
83169162,2017-12-20T08:13:50.303,SELL,4.289e-05,85.34427479
83169163,2017-12-20T08:13:50.71,SELL,4.289e-05,500.0
83169166,2017-12-20T08:13:51.303,BUY,4.29e-05,328.40745979
83169168,2017-12-20T08:13:52.21,BUY,4.29e-05,35.56341706
83169169,2017-12-20T08:13:52.21,BUY,4.29e-05,396.39166028
83169171,2017-12-20T08:13:52.493,BUY,4.29e-05,71.91819887
83169172,2017-12-20T08:13:52.493,BUY,4.29e-05,1385.95897596
83169174,2017-12-20T08:13:54.007,SELL,4.289e-05,146.92472774
83169176,2017-12-20T08:13:54.18,BUY,4.29e-05,529.78927971
83169177,2017-12-20T08:13:56.04,SELL,4.289e-05,500.0
83169188,2017-12-20T08:14:03.617,BUY,4.29e-05,400.0
83169189,2017-12-20T08:14:03.697,SELL,4.289e-05,288.96
83169197,2017-12-20T08:14:10.633,BUY,4.29e-05,100.0
83169199,2017-12-20T08:14:10.68,BUY,4.29e-05,476.34554545
83169204,2017-12-20T08:14:14.9,BUY,4.29e-05,815.00623788
83169205,2017-12-20T08:14:14.9,BUY,4.29e-05,150.0
83169206,2017-12-20T08:14:14.9,BUY,4.29e-05,22.0
83169207,2017-12-20T08:14:14.9,BUY,4.29e-05,998.548625
83169208,2017-12-20T08:14:14.9,BUY,4.29e-05,400.0
83169209,2017-12-20T08:14:14.9,BUY,4.29e-05,1092.82
83169210,2017-12-20T08:14:14.9,BUY,4.29e-05,3507.1761388
83169211,2017-12-20T08:14:14.9,BUY,4.29e-05,20.40431058
83169212,2017-12-20T08:14:14.9,BUY,4.29e-05,234.00525068
83169216,2017-12-20T08:14:16.837,BUY,4.29e-05,441.24865909
83169220,2017-12-20T08:14:17.32,SELL,4.289e-05,396.88872562
83169226,2017-12-20T08:14:19.523,BUY,4.29e-05,13.49736538
83169228,2017-12-20T08:14:19.913,BUY,4.29e-05,67.00526049
83169234,2017-12-20T08:14:21.943,BUY,4.29e-05,114.42553183
83169235,2017-12-20T08:14:23.163,SELL,4.289e-05,7574.56359869
83169239,2017-12-20T08:14:27.43,SELL,4.289e-05,129.77096638
83169240,2017-12-20T08:14:28.71,SELL,4.289e-05,146.28316
83169242,2017-12-20T08:14:30.04,BUY,4.29e-05,59.74143291
83169245,2017-12-20T08:14:30.413,BUY,4.29e-05,240.26469213
83169246,2017-12-20T08:14:30.413,BUY,4.29e-05,152.72868374
83169247,2017-12-20T08:14:30.46,SELL,4.289e-05,1823.40645499
83169248,2017-12-20T08:14:34.96,SELL,4.289e-05,120.0
83169254,2017-12-20T08:14:40.35,BUY,4.29e-05,67.03337839
83169255,2017-12-20T08:14:40.35,BUY,4.29e-05,1098.46778711
83169257,2017-12-20T08:14:41.6,BUY,4.29e-05,113.17064138
83169258,2017-12-20T08:14:41.6,BUY,4.29e-05,3505.24475524
83169259,2017-12-20T08:14:41.6,BUY,4.29e-05,548.59440338
83169262,2017-12-20T08:14:42.477,BUY,4.29e-05,1047.90567298
83169265,2017-12-20T08:14:43.333,BUY,4.29e-05,803.24992364
83169266,2017-12-20T08:14:43.333,BUY,4.29e-05,196.75007636
83169269,2017-12-20T08:14:43.57,BUY,4.29e-05,35.0
83169274,2017-12-20T08:14:45.49,BUY,4.29e-05,50.0
83169280,2017-12-20T08:14:49.367,BUY,4.29e-05,300.90100299
83169284,2017-12-20T08:14:50.32,BUY,4.29e-05,400.0
83169286,2017-12-20T08:14:50.43,BUY,4.29e-05,161.00009879
83169288,2017-12-20T08:14:50.6,SELL,4.289e-05,200.0
83169291,2017-12-20T08:14:51.583,BUY,4.29e-05,111.81209846
83169292,2017-12-20T08:14:51.6,SELL,4.289e-05,1146.45171192
83169297,2017-12-20T08:14:52.757,BUY,4.29e-05,52.34460196
83169299,2017-12-20T08:14:53.147,BUY,4.29e-05,650.0
83169302,2017-12-20T08:14:55.913,BUY,4.29e-05,3042.19212144
83169303,2017-12-20T08:14:55.913,BUY,4.29e-05,850.0
83169304,2017-12-20T08:14:55.913,BUY,4.29e-05,110.0
83169307,2017-12-20T08:14:58.32,SELL,4.29e-05,634.04162506
83169308,2017-12-20T08:14:58.32,SELL,4.29e-05,480.28206643
83169309,2017-12-20T08:14:58.333,SELL,4.289e-05,1027.64778952
83169315,2017-12-20T08:15:01.257,BUY,4.29e-05,57.0
83169316,2017-12-20T08:15:01.257,BUY,4.29e-05,243.0
83169325,2017-12-20T08:15:07.27,SELL,4.289e-05,1630.0
83169328,2017-12-20T08:15:09.147,BUY,4.29e-05,56.0
83169329,2017-12-20T08:15:09.147,BUY,4.29e-05,269.17959857
83169330,2017-12-20T08:15:09.147,BUY,4.29e-05,1000.87418082
83169335,2017-12-20T08:15:13.617,BUY,4.292e-05,39.30854363
83169340,2017-12-20T08:15:15.943,SELL,4.291e-05,50.0
83169341,2017-12-20T08:15:15.943,SELL,4.29e-05,911.50842327
83169349,2017-12-20T08:15:18.63,BUY,4.292e-05,69.72273998
83169350,2017-12-20T08:15:20.757,SELL,4.29e-05,376.32
83169351,2017-12-20T08:15:21.177,SELL,4.29e-05,121.08213126
83169352,2017-12-20T08:15:21.177,SELL,4.29e-05,121.25251923
83169353,2017-12-20T08:15:21.177,SELL,4.29e-05,17.0
83169354,2017-12-20T08:15:21.177,SELL,4.29e-05,392.73504895
83169355,2017-12-20T08:15:21.177,SELL,4.289e-05,1543.78630508
83169371,2017-12-20T08:15:27.053,SELL,4.291e-05,21.66049004
83169381,2017-12-20T08:15:30.51,BUY,4.292e-05,177.67723141
83169382,2017-12-20T08:15:30.51,BUY,4.292e-05,68.77215464
83169383,2017-12-20T08:15:30.51,BUY,4.292e-05,42.84457062
83169384,2017-12-20T08:15:30.51,BUY,4.292e-05,69.02176485
83169385,2017-12-20T08:15:30.51,BUY,4.292e-05,172.66990756
83169386,2017-12-20T08:15:30.51,BUY,4.292e-05,175.65099216
83169388,2017-12-20T08:15:31.29,BUY,4.292e-05,232.9916123
83169390,2017-12-20T08:15:33.04,BUY,4.292e-05,232.9916123
83169393,2017-12-20T08:15:36.93,BUY,4.292e-05,232.9916123
83169398,2017-12-20T08:15:38.773,BUY,4.292e-05,1042.0
83169401,2017-12-20T08:15:40.21,SELL,4.291e-05,1673.91167554
83169402,2017-12-20T08:15:40.21,SELL,4.291e-05,683.24797647
83169404,2017-12-20T08:15:42.413,BUY,4.292e-05,232.9916123
83169407,2017-12-20T08:15:43.273,BUY,4.292e-05,232.9916123
83169409,2017-12-20T08:15:45.337,BUY,4.292e-05,232.9916123
83169415,2017-12-20T08:15:47.633,BUY,4.292e-05,232.9916123
83169418,2017-12-20T08:15:48.21,BUY,4.292e-05,97.35653432
83169419,2017-12-20T08:15:48.21,BUY,4.292e-05,135.63507798
83169421,2017-12-20T08:15:50.413,BUY,4.292e-05,232.9916123
83169422,2017-12-20T08:15:51.04,SELL,4.291e-05,525.56115893
83169423,2017-12-20T08:15:51.04,SELL,4.291e-05,46.51954021
83169425,2017-12-20T08:15:51.9,BUY,4.291e-05,1150.0
83169427,2017-12-20T08:15:53.18,BUY,4.291e-05,7085.56236949
83169429,2017-12-20T08:15:53.553,BUY,4.291e-05,30.09100299
83169432,2017-12-20T08:15:56.663,BUY,4.291e-05,92.96365331
83169435,2017-12-20T08:15:59.6,BUY,4.291e-05,1109.86185945
83169436,2017-12-20T08:16:00.383,SELL,4.29e-05,46.51954021
83169437,2017-12-20T08:16:00.383,SELL,4.29e-05,46.51954021
83169438,2017-12-20T08:16:00.383,SELL,4.289e-05,4482.93608206
83169439,2017-12-20T08:16:00.383,SELL,4.289e-05,74.46015388
83169440,2017-12-20T08:16:00.383,SELL,4.289e-05,58.14292376
83169441,2017-12-20T08:16:00.383,SELL,4.289e-05,278.52134997
83169442,2017-12-20T08:16:00.383,SELL,4.289e-05,2.88040991
83169444,2017-12-20T08:16:00.553,BUY,4.291e-05,100.301003
83169447,2017-12-20T08:16:04.587,SELL,4.29e-05,2196.39649872
83169448,2017-12-20T08:16:05.727,SELL,4.29e-05,403.60350128
83169449,2017-12-20T08:16:05.727,SELL,4.29e-05,896.08796503
83169450,2017-12-20T08:16:05.727,SELL,4.289e-05,32.11959009
83169451,2017-12-20T08:16:05.727,SELL,4.289e-05,1000.0
83169452,2017-12-20T08:16:05.727,SELL,4.289e-05,100.0
83169453,2017-12-20T08:16:05.727,SELL,4.289e-05,1734.66136913
83169457,2017-12-20T08:16:10.1,BUY,4.291e-05,59.15401804
83169460,2017-12-20T08:16:12.74,BUY,4.29e-05,90.19143881
83169464,2017-12-20T08:16:13.99,BUY,4.29e-05,59.2229922
83169467,2017-12-20T08:16:15.18,SELL,4.289e-05,246.70208651
83169469,2017-12-20T08:16:15.523,BUY,4.29e-05,231.06805057
83169471,2017-12-20T08:16:15.803,BUY,4.29e-05,193.54973199
83169472,2017-12-20T08:16:15.82,BUY,4.291e-05,665.80314321
83169479,2017-12-20T08:16:21.71,SELL,4.289e-05,1975.04830759
83169480,2017-12-20T08:16:21.71,SELL,4.289e-05,1.70855207
83169487,2017-12-20T08:16:29.273,SELL,4.289e-05,2324.00839827
83169488,2017-12-20T08:16:29.273,SELL,4.289e-05,435.30630217
83169489,2017-12-20T08:16:29.273,SELL,4.289e-05,340.68529956
83169491,2017-12-20T08:16:31.46,SELL,4.289e-05,590.64864229
83169494,2017-12-20T08:16:32.71,BUY,4.29e-05,148.95048591
83169496,2017-12-20T08:16:33.07,BUY,4.29e-05,49.6955032
83169500,2017-12-20T08:16:38.193,BUY,4.29e-05,751.2958215
83169501,2017-12-20T08:16:38.193,BUY,4.29e-05,50.0
83169503,2017-12-20T08:16:39.74,BUY,4.291e-05,1134.18225137
83169504,2017-12-20T08:16:39.74,BUY,4.291e-05,540.31102728
83169505,2017-12-20T08:16:39.74,BUY,4.292e-05,590.69035076
83169506,2017-12-20T08:16:39.74,BUY,4.292e-05,2637.47961133
83169519,2017-12-20T08:16:48.507,BUY,4.292e-05,53.59884995
83169520,2017-12-20T08:16:48.507,BUY,4.292e-05,49.38776179
83169521,2017-12-20T08:16:50.007,SELL,4.291e-05,51.167031
83169522,2017-12-20T08:16:50.007,SELL,4.291e-05,13.5
83169523,2017-12-20T08:16:50.007,SELL,4.29e-05,198.7041785
83169524,2017-12-20T08:16:50.007,SELL,4.29e-05,659.29890385
83169525,2017-12-20T08:16:50.007,SELL,4.29e-05,35.0
83169526,2017-12-20T08:16:50.007,SELL,4.289e-05,1394.38300849
83169527,2017-12-20T08:16:50.007,SELL,4.289e-05,84.69772733
83169528,2017-12-20T08:16:50.007,SELL,4.289e-05,25.0
83169529,2017-12-20T08:16:50.007,SELL,4.289e-05,30.0
83169530,2017-12-20T08:16:50.007,SELL,4.289e-05,1951.14364952
83169532,2017-12-20T08:16:50.803,SELL,4.289e-05,957.67011335
83169541,2017-12-20T08:16:54.82,SELL,4.289e-05,2325.71695034
83169542,2017-12-20T08:16:54.82,SELL,4.289e-05,656.83820836
83169544,2017-12-20T08:16:55.38,SELL,4.289e-05,443.16179164
83169545,2017-12-20T08:16:55.38,SELL,4.289e-05,13.9543017
83169546,2017-12-20T08:16:55.38,SELL,4.289e-05,108.0
83169547,2017-12-20T08:16:55.38,SELL,4.289e-05,223.65606152
83169548,2017-12-20T08:16:55.38,SELL,4.289e-05,1315.89692994
83169549,2017-12-20T08:16:55.397,SELL,4.289e-05,20.0
83169550,2017-12-20T08:16:55.397,SELL,4.289e-05,28.51352238
83169551,2017-12-20T08:16:55.397,SELL,4.288e-05,60.0
83169552,2017-12-20T08:16:55.397,SELL,4.287e-05,23.26801959
83169553,2017-12-20T08:16:55.397,SELL,4.286e-05,606.21527404
83169554,2017-12-20T08:16:55.397,SELL,4.286e-05,127.1325245
83169555,2017-12-20T08:16:55.397,SELL,4.285e-05,163.36711015
83169556,2017-12-20T08:16:55.397,SELL,4.285e-05,172.05577596
83169557,2017-12-20T08:16:55.397,SELL,4.285e-05,26.0
83169558,2017-12-20T08:16:55.397,SELL,4.284e-05,140.0
83169559,2017-12-20T08:16:55.397,SELL,4.283e-05,2746.43000544
83169560,2017-12-20T08:16:55.397,SELL,4.283e-05,36.0
83169561,2017-12-20T08:16:55.397,SELL,4.283e-05,200.12515326
83169565,2017-12-20T08:16:58.24,BUY,4.287e-05,320.0
83169570,2017-12-20T08:16:59.35,SELL,4.283e-05,833.70841577
83169574,2017-12-20T08:17:03.85,SELL,4.283e-05,2006.0
83169575,2017-12-20T08:17:04.367,SELL,4.283e-05,961.11856732
83169576,2017-12-20T08:17:04.367,SELL,4.283e-05,25.0
83169577,2017-12-20T08:17:04.367,SELL,4.283e-05,80.80798039
83169578,2017-12-20T08:17:04.367,SELL,4.283e-05,50.0
83169579,2017-12-20T08:17:04.367,SELL,4.283e-05,420.0
83169580,2017-12-20T08:17:04.367,SELL,4.283e-05,202.54494513
83169581,2017-12-20T08:17:04.367,SELL,4.282e-05,31.66701425
83169582,2017-12-20T08:17:04.367,SELL,4.282e-05,1557.43397772
83169584,2017-12-20T08:17:06.413,BUY,4.283e-05,1003.00100299
83169587,2017-12-20T08:17:07.287,BUY,4.283e-05,67.14211119
83169589,2017-12-20T08:17:07.727,BUY,4.287e-05,165.42055213
83169590,2017-12-20T08:17:07.727,BUY,4.288e-05,32.71056092
83169592,2017-12-20T08:17:08.68,SELL,4.283e-05,72.71507353
83169595,2017-12-20T08:17:09.193,BUY,4.288e-05,247.742003
83169598,2017-12-20T08:17:13.93,BUY,4.288e-05,1452.0
83169599,2017-12-20T08:17:15.287,SELL,4.283e-05,460.14281528
83169600,2017-12-20T08:17:15.287,SELL,4.283e-05,1100.46119075
83169601,2017-12-20T08:17:15.287,SELL,4.283e-05,304.08355475
83169602,2017-12-20T08:17:15.303,SELL,4.282e-05,863.1986291
83169603,2017-12-20T08:17:15.303,SELL,4.282e-05,41.9313405
83169604,2017-12-20T08:17:15.303,SELL,4.282e-05,1107.0
83169605,2017-12-20T08:17:15.303,SELL,4.282e-05,15.29678596
83169606,2017-12-20T08:17:15.303,SELL,4.282e-05,103.68568366
83169610,2017-12-20T08:17:18.163,BUY,4.288e-05,40.0
83169613,2017-12-20T08:17:18.57,SELL,4.283e-05,232.25586913
83169614,2017-12-20T08:17:18.57,SELL,4.282e-05,186.71377512
83169615,2017-12-20T08:17:18.57,SELL,4.282e-05,7354.9906178
83169616,2017-12-20T08:17:18.57,SELL,4.281e-05,2805.55070734
83169617,2017-12-20T08:17:18.57,SELL,4.281e-05,900.0
83169618,2017-12-20T08:17:18.57,SELL,4.281e-05,233.00630694
83169619,2017-12-20T08:17:18.57,SELL,4.281e-05,1000.0
83169620,2017-12-20T08:17:18.57,SELL,4.281e-05,4458.76055005
83169622,2017-12-20T08:17:23.583,SELL,4.281e-05,5876.74458102
83169625,2017-12-20T08:17:26.367,SELL,4.281e-05,450.35715418
83169627,2017-12-20T08:17:27.27,BUY,4.283e-05,60.12506012
83169628,2017-12-20T08:17:28.63,SELL,4.283e-05,139.87493988
83169629,2017-12-20T08:17:28.63,SELL,4.281e-05,150.5245189
83169632,2017-12-20T08:17:30.427,BUY,4.283e-05,4674.09182268
83169634,2017-12-20T08:17:31.083,BUY,4.283e-05,2330.45910044
83169639,2017-12-20T08:17:35.723,SELL,4.282e-05,5823.79729099
83169640,2017-12-20T08:17:35.723,SELL,4.281e-05,713.92854273
83169641,2017-12-20T08:17:35.723,SELL,4.281e-05,337.98990889
83169642,2017-12-20T08:17:35.723,SELL,4.281e-05,22.07072834
83169643,2017-12-20T08:17:35.723,SELL,4.281e-05,186.40504555
83169644,2017-12-20T08:17:35.723,SELL,4.281e-05,400.0
83169645,2017-12-20T08:17:35.723,SELL,4.281e-05,4660.12613875
83169646,2017-12-20T08:17:35.723,SELL,4.281e-05,1165.03153469
83169647,2017-12-20T08:17:35.723,SELL,4.281e-05,54.92727575
83169648,2017-12-20T08:17:35.723,SELL,4.28e-05,365.93334112
83169649,2017-12-20T08:17:35.723,SELL,4.28e-05,3250.0
83169650,2017-12-20T08:17:35.723,SELL,4.28e-05,203.5033628
83169652,2017-12-20T08:17:35.74,BUY,4.28e-05,3073.83152742
83169654,2017-12-20T08:17:36.147,BUY,4.283e-05,193.58000299
83169659,2017-12-20T08:17:37.333,BUY,4.283e-05,54.5843087
83169661,2017-12-20T08:17:38.037,BUY,4.283e-05,5822.43754378
83169662,2017-12-20T08:17:38.49,SELL,4.282e-05,722.7444255
83169665,2017-12-20T08:17:39.6,BUY,4.283e-05,37.37854704
83169670,2017-12-20T08:17:41.367,BUY,4.283e-05,43.94335984
83169673,2017-12-20T08:17:43.693,SELL,4.281e-05,40.0
83169675,2017-12-20T08:17:45.427,SELL,4.281e-05,289.5689629
83169677,2017-12-20T08:17:49.07,SELL,4.281e-05,2520.25400343
83169678,2017-12-20T08:17:49.27,SELL,4.281e-05,1807.5583
83169681,2017-12-20T08:17:51.367,SELL,4.281e-05,486.37695433
83169689,2017-12-20T08:17:54.38,BUY,4.281e-05,200.0
83169692,2017-12-20T08:17:59.24,SELL,4.279e-05,61.48833372
83169693,2017-12-20T08:17:59.24,SELL,4.279e-05,66.27255726
83169694,2017-12-20T08:17:59.24,SELL,4.278e-05,19.09170231
83169695,2017-12-20T08:17:59.24,SELL,4.278e-05,299.58319951
83169696,2017-12-20T08:17:59.24,SELL,4.278e-05,10000.16540888
83169697,2017-12-20T08:17:59.24,SELL,4.278e-05,72.38275726
83169698,2017-12-20T08:17:59.24,SELL,4.278e-05,300.0
83169700,2017-12-20T08:17:59.333,BUY,4.278e-05,344.55282285
83169701,2017-12-20T08:17:59.333,BUY,4.281e-05,155.99616676
83169705,2017-12-20T08:18:02.49,BUY,4.278e-05,29.13273062
83169709,2017-12-20T08:18:05.443,BUY,4.278e-05,4886.67277968
83169711,2017-12-20T08:18:05.973,BUY,4.278e-05,136.0
83169713,2017-12-20T08:18:06.943,BUY,4.278e-05,605.22444146
83169715,2017-12-20T08:18:06.96,BUY,4.278e-05,164.87894258
83169717,2017-12-20T08:18:07.567,BUY,4.278e-05,345.77463789
83169722,2017-12-20T08:18:08.473,BUY,4.278e-05,171.46766242
83169726,2017-12-20T08:18:09.693,BUY,4.278e-05,38.38632411
83169728,2017-12-20T08:18:10.837,BUY,4.278e-05,64.01683897
83169731,2017-12-20T08:18:11.633,BUY,4.278e-05,91.01601757
83169734,2017-12-20T08:18:12.243,BUY,4.278e-05,198.24213181
83169738,2017-12-20T08:18:14.773,BUY,4.278e-05,327.0
83169741,2017-12-20T08:18:17.9,BUY,4.278e-05,138.22370266
83169744,2017-12-20T08:18:19.587,BUY,4.278e-05,283.28044004
83169748,2017-12-20T08:18:21.54,BUY,4.278e-05,413.61600982
83169751,2017-12-20T08:18:23.587,BUY,4.278e-05,24.0
83169753,2017-12-20T08:18:24.353,BUY,4.278e-05,289.18941549
83169754,2017-12-20T08:18:24.353,BUY,4.278e-05,55.81058451
83169757,2017-12-20T08:18:25.26,BUY,4.278e-05,1048.87831926
83169764,2017-12-20T08:18:28.353,BUY,4.281e-05,324.28589967
83169765,2017-12-20T08:18:28.353,BUY,4.281e-05,50.0
83169766,2017-12-20T08:18:28.353,BUY,4.281e-05,900.0
83169767,2017-12-20T08:18:28.353,BUY,4.282e-05,200.0
83169768,2017-12-20T08:18:28.353,BUY,4.283e-05,17151.03916833
83169772,2017-12-20T08:18:30.447,BUY,4.283e-05,800.6618479
83169774,2017-12-20T08:18:30.46,BUY,4.283e-05,28.0
83169775,2017-12-20T08:18:31.493,SELL,4.278e-05,42.19991181
83169776,2017-12-20T08:18:31.493,SELL,4.278e-05,457.80008819
83169778,2017-12-20T08:18:33.743,BUY,4.283e-05,28.0
83169784,2017-12-20T08:18:38.46,BUY,4.283e-05,50.0
83169788,2017-12-20T08:18:38.71,BUY,4.283e-05,2831.49937827
83169791,2017-12-20T08:18:38.82,BUY,4.283e-05,42.86284521
83169795,2017-12-20T08:18:41.68,BUY,4.283e-05,76.01783733
83169798,2017-12-20T08:18:43.35,SELL,4.28e-05,1000.0
83169802,2017-12-20T08:18:44.82,BUY,4.283e-05,202.832371
83169806,2017-12-20T08:18:48.117,BUY,4.283e-05,1623.94094618
83169808,2017-12-20T08:18:49.947,BUY,4.283e-05,632.27
83169810,2017-12-20T08:18:50.4,SELL,4.28e-05,9045.5278
83169816,2017-12-20T08:18:53.553,SELL,4.281e-05,569.03237597
83169819,2017-12-20T08:18:54.01,BUY,4.283e-05,0.00973284
83169822,2017-12-20T08:18:58.21,SELL,4.285e-05,253.0
83169825,2017-12-20T08:19:00.053,BUY,4.288e-05,1800.0
83169828,2017-12-20T08:19:02.197,SELL,4.285e-05,3524.3455
83169833,2017-12-20T08:19:07.413,BUY,4.288e-05,125.27863608
83169834,2017-12-20T08:19:07.413,BUY,4.289e-05,52.0
83169835,2017-12-20T08:19:07.413,BUY,4.289e-05,23.0
83169836,2017-12-20T08:19:07.413,BUY,4.29e-05,344.51229062
83169838,2017-12-20T08:19:09.053,BUY,4.289e-05,100.0
83169839,2017-12-20T08:19:09.053,BUY,4.29e-05,71.84294169
83169841,2017-12-20T08:19:09.6,SELL,4.285e-05,100.19401246
83169843,2017-12-20T08:19:10.913,SELL,4.285e-05,120.66073064
83169846,2017-12-20T08:19:12.633,BUY,4.29e-05,23.9597943
83169847,2017-12-20T08:19:13.71,SELL,4.285e-05,228.19654811
83169850,2017-12-20T08:19:14.883,BUY,4.29e-05,198.32974227
83169858,2017-12-20T08:19:20.553,BUY,4.29e-05,292.83620274
83169863,2017-12-20T08:19:22.523,SELL,4.289e-05,49.17177794
83169865,2017-12-20T08:19:22.85,BUY,4.289e-05,370.0
83169869,2017-12-20T08:19:23.99,BUY,4.289e-05,200.0
83169871,2017-12-20T08:19:25.007,BUY,4.289e-05,1246.79173933
83169872,2017-12-20T08:19:25.99,SELL,4.288e-05,140.0
83169873,2017-12-20T08:19:25.99,SELL,4.285e-05,242.02442737
83169877,2017-12-20T08:19:28.18,BUY,4.289e-05,82.40471083
83169879,2017-12-20T08:19:28.803,BUY,4.289e-05,48.66272547
83169883,2017-12-20T08:19:31.867,SELL,4.288e-05,27.84253265
83169890,2017-12-20T08:19:37.46,BUY,4.288e-05,11.60746735
83169891,2017-12-20T08:19:37.477,BUY,4.288e-05,1664.99253265
83169894,2017-12-20T08:19:38.477,BUY,4.288e-05,0.00746735
83169901,2017-12-20T08:19:42.383,SELL,4.288e-05,686.55052064
83169902,2017-12-20T08:19:42.383,SELL,4.288e-05,30.05015275
83169904,2017-12-20T08:19:42.883,BUY,4.288e-05,1262.92836163
83169908,2017-12-20T08:19:45.913,BUY,4.288e-05,200.0
83169909,2017-12-20T08:19:45.99,SELL,4.285e-05,50.0
83169910,2017-12-20T08:19:46.88,SELL,4.285e-05,235.07287259
83169913,2017-12-20T08:19:48.46,SELL,4.285e-05,100.0
83169914,2017-12-20T08:19:48.553,SELL,4.285e-05,20146.49617599
83169915,2017-12-20T08:19:48.553,SELL,4.281e-05,1380.96762403
83169916,2017-12-20T08:19:48.553,SELL,4.281e-05,17798.854
83169917,2017-12-20T08:19:48.553,SELL,4.28e-05,6896.12149998
83169920,2017-12-20T08:19:49.1,BUY,4.288e-05,136.21421835
83169921,2017-12-20T08:19:49.367,SELL,4.28e-05,235.29411764
83169927,2017-12-20T08:19:51.367,BUY,4.288e-05,18.37000466
83169930,2017-12-20T08:19:51.93,BUY,4.288e-05,20.0
83169932,2017-12-20T08:19:52.913,BUY,4.288e-05,500.0
83169938,2017-12-20T08:19:55.897,BUY,4.288e-05,2163.42559527
83169940,2017-12-20T08:19:56.07,BUY,4.288e-05,81.96716931
83169941,2017-12-20T08:19:56.07,BUY,4.289e-05,476.34554545
83169942,2017-12-20T08:19:56.07,BUY,4.289e-05,700.0
83169943,2017-12-20T08:19:56.07,BUY,4.289e-05,6443.23050761
83169944,2017-12-20T08:19:56.07,BUY,4.289e-05,7788.79196124
83169952,2017-12-20T08:20:01.99,BUY,4.289e-05,206.30251101
83169957,2017-12-20T08:20:05.083,SELL,4.288e-05,164.27159398
83169958,2017-12-20T08:20:05.083,SELL,4.285e-05,200.0
83169964,2017-12-20T08:20:06.82,BUY,4.285e-05,254.6755415
83169970,2017-12-20T08:20:08.96,BUY,4.285e-05,501.82758621
83169973,2017-12-20T08:20:09.35,BUY,4.285e-05,162.01603708
83169978,2017-12-20T08:20:11.99,BUY,4.285e-05,21.79439907
83169979,2017-12-20T08:20:12.083,SELL,4.281e-05,50.0
83169982,2017-12-20T08:20:14.74,BUY,4.285e-05,2579.18275954
83169983,2017-12-20T08:20:14.74,BUY,4.285e-05,39.45
83169986,2017-12-20T08:20:15.88,BUY,4.289e-05,501.50100299
83169995,2017-12-20T08:20:23.227,BUY,4.289e-05,2500.0
83170000,2017-12-20T08:20:28.973,BUY,4.289e-05,1815.89
83170001,2017-12-20T08:20:30.223,SELL,4.288e-05,103.42727371
83170002,2017-12-20T08:20:30.943,SELL,4.288e-05,39.45
83170005,2017-12-20T08:20:33.867,SELL,4.288e-05,2575.2274
83170006,2017-12-20T08:20:33.913,SELL,4.288e-05,150.0
83170008,2017-12-20T08:20:34.02,BUY,4.289e-05,0.59628313
83170009,2017-12-20T08:20:34.02,BUY,4.289e-05,232.55829835
83170012,2017-12-20T08:20:34.537,BUY,4.289e-05,233.15458148
83170015,2017-12-20T08:20:35.287,BUY,4.289e-05,233.15458148
83170017,2017-12-20T08:20:35.38,BUY,4.289e-05,52.20722896
83170020,2017-12-20T08:20:37.21,BUY,4.289e-05,248.92530973
83170027,2017-12-20T08:20:39.397,BUY,4.29e-05,233.15458148
83170032,2017-12-20T08:20:41.27,BUY,4.29e-05,233.15458148
83170034,2017-12-20T08:20:41.333,BUY,4.29e-05,2630.80386542
83170035,2017-12-20T08:20:41.333,BUY,4.29e-05,52068.085542
83170036,2017-12-20T08:20:41.333,BUY,4.29e-05,369.9761165
83170037,2017-12-20T08:20:41.333,BUY,4.29e-05,589.84174608
83170038,2017-12-20T08:20:41.333,BUY,4.29e-05,21.17834395
83170043,2017-12-20T08:20:43.927,BUY,4.291e-05,233.15458148
83170048,2017-12-20T08:20:46.85,BUY,4.291e-05,126.84541852
83170049,2017-12-20T08:20:46.85,BUY,4.292e-05,106.30916296
83170054,2017-12-20T08:20:48.287,BUY,4.292e-05,233.15458148
83170056,2017-12-20T08:20:48.32,BUY,4.292e-05,11.14849377
83170057,2017-12-20T08:20:48.32,BUY,4.292e-05,105.98
83170058,2017-12-20T08:20:48.32,BUY,4.292e-05,42.0
83170059,2017-12-20T08:20:48.32,BUY,4.292e-05,74.02608771
83170061,2017-12-20T08:20:48.49,BUY,4.292e-05,24.77646763
83170063,2017-12-20T08:20:48.49,BUY,4.292e-05,233.15458148
83170065,2017-12-20T08:20:49.74,BUY,4.292e-05,233.15458148
83170066,2017-12-20T08:20:49.973,SELL,4.29e-05,39.45
83170069,2017-12-20T08:20:50.367,BUY,4.292e-05,1077.65392572
83170071,2017-12-20T08:20:50.52,BUY,4.292e-05,47.58320738
83170072,2017-12-20T08:20:50.52,BUY,4.292e-05,539.27867437
83170073,2017-12-20T08:20:50.52,BUY,4.293e-05,125.366242
83170074,2017-12-20T08:20:50.52,BUY,4.293e-05,3607.14890585
83170075,2017-12-20T08:20:50.52,BUY,4.293e-05,53.0
83170076,2017-12-20T08:20:50.88,SELL,4.293e-05,343.5648554
83170077,2017-12-20T08:20:50.88,SELL,4.29e-05,426.85916296
83170078,2017-12-20T08:20:50.88,SELL,4.289e-05,229.57598164
83170092,2017-12-20T08:20:53.427,BUY,4.294e-05,233.15458148
83170094,2017-12-20T08:20:55.117,SELL,4.29e-05,233.15458148
83170096,2017-12-20T08:20:55.537,BUY,4.294e-05,160.42006001
83170100,2017-12-20T08:20:56.63,BUY,4.294e-05,152.41150522
83170101,2017-12-20T08:20:56.63,BUY,4.294e-05,80.74307626
83170103,2017-12-20T08:20:56.927,BUY,4.294e-05,48.225081
83170105,2017-12-20T08:20:57.1,BUY,4.294e-05,232.76132962
83170106,2017-12-20T08:20:57.1,BUY,4.294e-05,100.0
83170112,2017-12-20T08:20:59.16,SELL,4.294e-05,199.67887866
83170113,2017-12-20T08:20:59.16,SELL,4.294e-05,3671.39185323
83170125,2017-12-20T08:21:01.507,BUY,4.295e-05,233.15458148
83170130,2017-12-20T08:21:02.677,SELL,4.294e-05,237.58612497
83170136,2017-12-20T08:21:04.833,BUY,4.295e-05,48.115117
83170139,2017-12-20T08:21:05.397,BUY,4.295e-05,233.15458148
83170140,2017-12-20T08:21:05.57,SELL,4.294e-05,234.74178403
83170142,2017-12-20T08:21:06.863,SELL,4.294e-05,502.29793689
83170143,2017-12-20T08:21:06.863,SELL,4.294e-05,48.225081
83170144,2017-12-20T08:21:06.863,SELL,4.293e-05,948.47903811
83170146,2017-12-20T08:21:07.32,SELL,4.293e-05,6650.0
83170147,2017-12-20T08:21:07.41,SELL,4.293e-05,235.01762632
83170150,2017-12-20T08:21:07.693,BUY,4.294e-05,48.115117
83170152,2017-12-20T08:21:08.037,BUY,4.294e-05,151.884883
83170153,2017-12-20T08:21:08.037,BUY,4.295e-05,401.6937484
83170158,2017-12-20T08:21:08.443,BUY,4.295e-05,83.88197164
83170159,2017-12-20T08:21:08.443,BUY,4.295e-05,42.39173511
83170164,2017-12-20T08:21:10.553,SELL,4.292e-05,466.30916296
83170167,2017-12-20T08:21:12.1,BUY,4.294e-05,24.0
83170169,2017-12-20T08:21:12.567,BUY,4.295e-05,48.115117
83170170,2017-12-20T08:21:12.817,SELL,4.294e-05,18.832392
83170174,2017-12-20T08:21:16.677,BUY,4.295e-05,48.115117
83170175,2017-12-20T08:21:17.397,SELL,4.294e-05,362.42158791
83170178,2017-12-20T08:21:18.943,SELL,4.294e-05,852.21343678
83170180,2017-12-20T08:21:19.757,BUY,4.293e-05,204.84121187
83170181,2017-12-20T08:21:20.067,SELL,4.292e-05,234.79690068
83170182,2017-12-20T08:21:20.083,SELL,4.292e-05,414.22814596
83170184,2017-12-20T08:21:20.363,SELL,4.292e-05,235.51577955
83170186,2017-12-20T08:21:20.507,BUY,4.293e-05,1851.759114
83170190,2017-12-20T08:21:22.787,BUY,4.293e-05,2.2e-07
83170191,2017-12-20T08:21:22.787,BUY,4.295e-05,11.37803089
83170193,2017-12-20T08:21:23.96,BUY,4.296e-05,20.60263537
83170204,2017-12-20T08:21:30.27,SELL,4.295e-05,777.2528808
83170207,2017-12-20T08:21:30.537,BUY,4.296e-05,50.64056955
83170218,2017-12-20T08:21:34.837,SELL,4.296e-05,237.07918444
83170220,2017-12-20T08:21:35.693,SELL,4.296e-05,104.70246638
83170221,2017-12-20T08:21:35.723,SELL,4.296e-05,400.0
83170224,2017-12-20T08:21:36.083,BUY,4.297e-05,100.0
83170225,2017-12-20T08:21:36.083,BUY,4.297e-05,109.57055812
83170228,2017-12-20T08:21:38.473,BUY,4.297e-05,23.27205026
83170230,2017-12-20T08:21:39.503,BUY,4.297e-05,867.15739162
83170233,2017-12-20T08:21:39.613,BUY,4.298e-05,150.0
83170235,2017-12-20T08:21:39.91,SELL,4.297e-05,47.50030289
83170238,2017-12-20T08:21:40.1,BUY,4.298e-05,75.0
83170240,2017-12-20T08:21:40.99,SELL,4.297e-05,250.39448485
83170242,2017-12-20T08:21:43.787,BUY,4.298e-05,194.9506759
83170247,2017-12-20T08:21:46.397,SELL,4.297e-05,905.0
83170248,2017-12-20T08:21:46.817,SELL,4.297e-05,913.08661086
83170249,2017-12-20T08:21:46.817,SELL,4.296e-05,159.66241905
83170250,2017-12-20T08:21:46.817,SELL,4.295e-05,3127.72640112
83170254,2017-12-20T08:21:48.63,BUY,4.298e-05,38.24868101
83170255,2017-12-20T08:21:48.63,BUY,4.298e-05,48.85825656
83170258,2017-12-20T08:21:49.24,BUY,4.299e-05,100.0
83170259,2017-12-20T08:21:49.24,BUY,4.299e-05,35.0
83170260,2017-12-20T08:21:49.24,BUY,4.299e-05,116.08316301
83170261,2017-12-20T08:21:49.24,BUY,4.299e-05,74.62853387
83170262,2017-12-20T08:21:49.24,BUY,4.299e-05,283.62501121
83170263,2017-12-20T08:21:49.24,BUY,4.299e-05,826.21019312
83170264,2017-12-20T08:21:49.333,SELL,4.298e-05,144.97775298
83170268,2017-12-20T08:21:49.943,BUY,4.297e-05,133.45589169
83170271,2017-12-20T08:21:49.99,BUY,4.297e-05,285.97555637
83170274,2017-12-20T08:21:50.427,SELL,4.297e-05,629.77045212
83170276,2017-12-20T08:21:50.647,BUY,4.297e-05,87.10693757
83170279,2017-12-20T08:21:50.957,BUY,4.297e-05,2770.57410205
83170281,2017-12-20T08:21:50.957,BUY,4.298e-05,1408.9266253
83170284,2017-12-20T08:21:52.13,SELL,4.298e-05,362.48039773
83170285,2017-12-20T08:21:54.083,SELL,4.298e-05,442.3521
83170287,2017-12-20T08:21:55.38,SELL,4.298e-05,236.40661938
83170289,2017-12-20T08:21:55.477,BUY,4.299e-05,139.19578953
83170292,2017-12-20T08:21:56.35,BUY,4.299e-05,19.81215511
83170295,2017-12-20T08:21:56.973,SELL,4.298e-05,723.06787898
83170296,2017-12-20T08:21:56.973,SELL,4.298e-05,186.85052102
83170297,2017-12-20T08:21:57.037,SELL,4.298e-05,1399.76623165
83170300,2017-12-20T08:21:58.427,BUY,4.298e-05,47.45837611
83170301,2017-12-20T08:21:58.427,BUY,4.298e-05,170.7220789
83170302,2017-12-20T08:21:58.427,BUY,4.298e-05,1214.23601
83170303,2017-12-20T08:21:58.427,BUY,4.299e-05,298.00186049
83170304,2017-12-20T08:21:58.427,BUY,4.299e-05,70.43793164
83170305,2017-12-20T08:21:58.427,BUY,4.299e-05,41.24755503
83170306,2017-12-20T08:21:58.427,BUY,4.299e-05,39.79030151
83170307,2017-12-20T08:21:58.427,BUY,4.299e-05,171.25
83170308,2017-12-20T08:21:58.427,BUY,4.299e-05,652.21878751
83170311,2017-12-20T08:21:59.193,BUY,4.299e-05,74.14859172
83170312,2017-12-20T08:21:59.193,BUY,4.299e-05,453.0
83170313,2017-12-20T08:22:00.677,SELL,4.299e-05,453.27444036
83170316,2017-12-20T08:22:01.753,BUY,4.3e-05,1372.43598649
83170317,2017-12-20T08:22:01.753,BUY,4.3e-05,100.0
83170318,2017-12-20T08:22:01.753,BUY,4.3e-05,156.0
83170319,2017-12-20T08:22:01.753,BUY,4.3e-05,39.85714285
83170320,2017-12-20T08:22:01.753,BUY,4.3e-05,134.0
83170321,2017-12-20T08:22:01.753,BUY,4.3e-05,516.53198312
83170322,2017-12-20T08:22:01.753,BUY,4.3e-05,1960.05381607
83170323,2017-12-20T08:22:01.753,BUY,4.3e-05,1170.18815
83170324,2017-12-20T08:22:01.753,BUY,4.3e-05,1500.0
83170325,2017-12-20T08:22:01.753,BUY,4.3e-05,700.0
83170326,2017-12-20T08:22:01.753,BUY,4.3e-05,2526.09077296
83170327,2017-12-20T08:22:01.753,BUY,4.3e-05,64.4633324
83170328,2017-12-20T08:22:01.753,BUY,4.3e-05,844.54851353
83170329,2017-12-20T08:22:01.753,BUY,4.3e-05,5909.39712331
83170330,2017-12-20T08:22:01.753,BUY,4.3e-05,236.37417121
83170331,2017-12-20T08:22:01.753,BUY,4.3e-05,18.76175136
83170332,2017-12-20T08:22:01.753,BUY,4.3e-05,256.17668356
83170333,2017-12-20T08:22:01.753,BUY,4.3e-05,25.16259852
83170334,2017-12-20T08:22:01.753,BUY,4.3e-05,31.47175482
83170335,2017-12-20T08:22:01.753,BUY,4.3e-05,100.0
83170336,2017-12-20T08:22:01.753,BUY,4.3e-05,3000.0
83170337,2017-12-20T08:22:01.753,BUY,4.3e-05,100.0
83170338,2017-12-20T08:22:01.753,BUY,4.3e-05,32.19277607
83170339,2017-12-20T08:22:01.753,BUY,4.3e-05,100.0
83170340,2017-12-20T08:22:01.753,BUY,4.3e-05,57.0
83170341,2017-12-20T08:22:01.753,BUY,4.3e-05,1359.61014446
83170342,2017-12-20T08:22:01.753,BUY,4.3e-05,5000.0
83170343,2017-12-20T08:22:01.77,BUY,4.3e-05,1868.85245902
83170344,2017-12-20T08:22:01.77,BUY,4.3e-05,200.0
83170345,2017-12-20T08:22:01.77,BUY,4.3e-05,100.0
83170346,2017-12-20T08:22:01.77,BUY,4.3e-05,1537.78211573
83170347,2017-12-20T08:22:01.77,BUY,4.3e-05,2333.33333333
83170348,2017-12-20T08:22:01.77,BUY,4.3e-05,167.0
83170349,2017-12-20T08:22:01.77,BUY,4.3e-05,209.02767141
83170350,2017-12-20T08:22:01.77,BUY,4.3e-05,97213.4168099
83170354,2017-12-20T08:22:02.88,BUY,4.3e-05,755.70437616
83170356,2017-12-20T08:22:03.24,SELL,4.299e-05,155.7289417
83170357,2017-12-20T08:22:03.287,SELL,4.299e-05,75.93791108
83170358,2017-12-20T08:22:03.287,SELL,4.298e-05,41.7752443
83170359,2017-12-20T08:22:03.287,SELL,4.297e-05,872.28684462
83170364,2017-12-20T08:22:05.863,BUY,4.3e-05,1585.51006812
83170376,2017-12-20T08:22:09.473,BUY,4.3e-05,445.36874582
83170377,2017-12-20T08:22:09.473,BUY,4.3e-05,1144.10760418
83170379,2017-12-20T08:22:09.613,BUY,4.3e-05,30.0
83170381,2017-12-20T08:22:09.99,BUY,4.3e-05,2006.001003
83170384,2017-12-20T08:22:10.74,SELL,4.299e-05,500.0
83170385,2017-12-20T08:22:11.753,SELL,4.298e-05,203.40552117
83170386,2017-12-20T08:22:11.753,SELL,4.298e-05,122.27353053
83170387,2017-12-20T08:22:12.333,SELL,4.298e-05,27.95804752
83170392,2017-12-20T08:22:17.38,SELL,4.298e-05,70.69448058
83170395,2017-12-20T08:22:18.067,BUY,4.298e-05,292.01640535
83170396,2017-12-20T08:22:18.067,BUY,4.298e-05,100.0
83170397,2017-12-20T08:22:18.067,BUY,4.299e-05,481.98293752
83170398,2017-12-20T08:22:18.94,SELL,4.299e-05,9381.75780996
83170405,2017-12-20T08:22:23.94,BUY,4.298e-05,480.11522394
83170408,2017-12-20T08:22:24.707,BUY,4.298e-05,25.60992498
83170409,2017-12-20T08:22:26.05,SELL,4.297e-05,1003.56392708
83170413,2017-12-20T08:22:27.847,BUY,4.297e-05,2819.70909934
83170416,2017-12-20T08:22:28.927,BUY,4.297e-05,100.301003
83170422,2017-12-20T08:22:35.113,SELL,4.296e-05,134.73416087
83170423,2017-12-20T08:22:35.113,SELL,4.295e-05,145.26583913
83170425,2017-12-20T08:22:35.44,BUY,4.297e-05,14.99300387
83170428,2017-12-20T08:22:38.333,BUY,4.296e-05,36.2918485
83170429,2017-12-20T08:22:38.333,BUY,4.297e-05,75.75291894
83170430,2017-12-20T08:22:38.69,SELL,4.295e-05,1290.28106208
83170431,2017-12-20T08:22:38.69,SELL,4.295e-05,89.16930035
83170432,2017-12-20T08:22:38.69,SELL,4.295e-05,15.00082072
83170433,2017-12-20T08:22:38.69,SELL,4.295e-05,1197.28620095
83170436,2017-12-20T08:22:41.097,BUY,4.297e-05,1636.35686453
83170438,2017-12-20T08:22:42.77,BUY,4.298e-05,112.51704112
83170439,2017-12-20T08:22:42.77,BUY,4.298e-05,60.96232849
83170440,2017-12-20T08:22:43.223,SELL,4.298e-05,80.0
83170442,2017-12-20T08:22:43.91,BUY,4.299e-05,574.52441442
83170446,2017-12-20T08:22:47.003,SELL,4.298e-05,484.57849277
83170450,2017-12-20T08:22:47.99,BUY,4.298e-05,1067.03049308
83170451,2017-12-20T08:22:49.097,SELL,4.297e-05,22794.03358869
83170454,2017-12-20T08:22:49.677,BUY,4.297e-05,15.25661973
83170460,2017-12-20T08:22:51.207,BUY,4.297e-05,479.55706026
83170464,2017-12-20T08:22:52.52,BUY,4.297e-05,211.75529846
83170466,2017-12-20T08:22:54.677,BUY,4.297e-05,3569.89908287
83170468,2017-12-20T08:22:54.723,BUY,4.297e-05,542.73972968
83170476,2017-12-20T08:23:01.097,BUY,4.297e-05,540.40549802
83170479,2017-12-20T08:23:04.253,BUY,4.297e-05,6195.0
83170481,2017-12-20T08:23:05.02,BUY,4.297e-05,48.191412
83170484,2017-12-20T08:23:09.44,BUY,4.297e-05,2076.62590064
83170485,2017-12-20T08:23:09.44,BUY,4.297e-05,3113.01769489
83170490,2017-12-20T08:23:12.973,BUY,4.297e-05,4247.40037348
83170491,2017-12-20T08:23:12.973,BUY,4.297e-05,530.7730542
83170492,2017-12-20T08:23:12.973,BUY,4.298e-05,2290.14793741
83170493,2017-12-20T08:23:12.973,BUY,4.298e-05,24.91885514
83170494,2017-12-20T08:23:12.973,BUY,4.298e-05,20.19293248
83170495,2017-12-20T08:23:12.973,BUY,4.298e-05,1750.0
83170496,2017-12-20T08:23:12.973,BUY,4.298e-05,38.07251908
83170497,2017-12-20T08:23:12.973,BUY,4.298e-05,21.1309654
83170498,2017-12-20T08:23:12.973,BUY,4.299e-05,1617.49668317
83170499,2017-12-20T08:23:12.973,BUY,4.299e-05,398.315328
83170500,2017-12-20T08:23:12.973,BUY,4.299e-05,226.70454545
83170501,2017-12-20T08:23:12.973,BUY,4.3e-05,8501.43254745
83170509,2017-12-20T08:23:18.847,BUY,4.3e-05,883.72793372
83170515,2017-12-20T08:23:22.13,BUY,4.3e-05,989.60864281
83170530,2017-12-20T08:23:23.83,BUY,4.3e-05,613.94815286
83170534,2017-12-20T08:23:23.91,BUY,4.3e-05,20.061003
83170538,2017-12-20T08:23:25.283,BUY,4.3e-05,2492.73626163
83170542,2017-12-20T08:23:25.423,SELL,4.297e-05,185.71096114
83170543,2017-12-20T08:23:25.423,SELL,4.297e-05,5837.16691515
83170544,2017-12-20T08:23:25.423,SELL,4.296e-05,50.0
83170545,2017-12-20T08:23:25.423,SELL,4.296e-05,233.46561802
83170546,2017-12-20T08:23:25.423,SELL,4.295e-05,549.32585861
83170547,2017-12-20T08:23:25.423,SELL,4.295e-05,1754.78551008
83170556,2017-12-20T08:23:29.69,BUY,4.297e-05,25.9543017
83170557,2017-12-20T08:23:29.69,BUY,4.298e-05,362.78523816
83170558,2017-12-20T08:23:29.69,BUY,4.3e-05,205.02604702
83170560,2017-12-20T08:23:30.16,BUY,4.3e-05,701.00054826
83170561,2017-12-20T08:23:31.05,SELL,4.295e-05,4e-07
83170562,2017-12-20T08:23:31.05,SELL,4.294e-05,235.9046941
83170570,2017-12-20T08:23:33.737,BUY,4.3e-05,39.25784903
83170584,2017-12-20T08:23:39.52,BUY,4.3e-05,109.67921772
83170585,2017-12-20T08:23:40.16,SELL,4.294e-05,214.98
83170594,2017-12-20T08:23:42.987,BUY,4.3e-05,103.0
83170597,2017-12-20T08:23:43.923,SELL,4.297e-05,907.2622
83170600,2017-12-20T08:23:44.143,BUY,4.3e-05,20.58036633
83170601,2017-12-20T08:23:44.753,SELL,4.297e-05,234.85204321
83170610,2017-12-20T08:23:49.44,SELL,4.297e-05,4050.8404
83170618,2017-12-20T08:23:52.02,SELL,4.297e-05,162.01603708
83170621,2017-12-20T08:23:52.33,BUY,4.299e-05,2896.17908023
83170622,2017-12-20T08:23:53.423,SELL,4.297e-05,54.9277465
83170623,2017-12-20T08:23:53.44,SELL,4.297e-05,2000.0
83170629,2017-12-20T08:23:54.86,SELL,4.297e-05,1761.696032
83170632,2017-12-20T08:23:56.72,BUY,4.299e-05,989.84010233
83170633,2017-12-20T08:23:56.737,SELL,4.297e-05,1055.7553
83170635,2017-12-20T08:23:57.44,BUY,4.299e-05,224.44422889
83170639,2017-12-20T08:23:59.86,BUY,4.299e-05,889.53658855
83170641,2017-12-20T08:24:00.377,SELL,4.299e-05,35.79737903
83170643,2017-12-20T08:24:01.517,SELL,4.299e-05,579.3923461
83170644,2017-12-20T08:24:01.517,SELL,4.297e-05,215.5669539
83170648,2017-12-20T08:24:02.3,SELL,4.297e-05,1164.01835829
83170649,2017-12-20T08:24:02.313,SELL,4.297e-05,2495.70874171
83170652,2017-12-20T08:24:02.41,BUY,4.3e-05,100.301003
83170653,2017-12-20T08:24:02.58,SELL,4.297e-05,559.49095
83170660,2017-12-20T08:24:06.847,BUY,4.299e-05,120.0
83170661,2017-12-20T08:24:06.847,BUY,4.299e-05,363.21709834
83170662,2017-12-20T08:24:06.847,BUY,4.3e-05,773.69855108
83170665,2017-12-20T08:24:10.16,SELL,4.297e-05,466.6819
83170675,2017-12-20T08:24:15.11,BUY,4.298e-05,200.0
83170676,2017-12-20T08:24:16.72,SELL,4.298e-05,99.80094477
83170677,2017-12-20T08:24:16.72,SELL,4.297e-05,71.38485523
83170679,2017-12-20T08:24:16.94,BUY,4.3e-05,2327.20502676
83170686,2017-12-20T08:24:19.893,SELL,4.297e-05,110.10261287
83170687,2017-12-20T08:24:19.893,SELL,4.297e-05,9.68618713
83170689,2017-12-20T08:24:20.377,BUY,4.3e-05,30.0
83170699,2017-12-20T08:24:23.75,SELL,4.299e-05,2604.31889567
83170700,2017-12-20T08:24:23.75,SELL,4.297e-05,46.58446623
83170701,2017-12-20T08:24:23.75,SELL,4.297e-05,1778.3535381
83170709,2017-12-20T08:24:25.533,BUY,4.299e-05,17.6397436
83170728,2017-12-20T08:24:30.923,BUY,4.299e-05,182.3602564
83170729,2017-12-20T08:24:30.923,BUY,4.299e-05,125.68525035
83170734,2017-12-20T08:24:32.58,BUY,4.299e-05,197.78456507
83170738,2017-12-20T08:24:35.317,BUY,4.299e-05,48.168103
83170739,2017-12-20T08:24:35.377,SELL,4.297e-05,363.80085819
83170743,2017-12-20T08:24:36.377,SELL,4.297e-05,200.22774502
83170746,2017-12-20T08:24:37.36,BUY,4.299e-05,1128.36208158
83170747,2017-12-20T08:24:37.36,BUY,4.299e-05,400.34646169
83170748,2017-12-20T08:24:37.673,SELL,4.297e-05,3762.77911829
83170749,2017-12-20T08:24:37.673,SELL,4.297e-05,1472.82271398
83170750,2017-12-20T08:24:37.673,SELL,4.297e-05,185.71096114
83170752,2017-12-20T08:24:38.673,BUY,4.297e-05,495.27980595
83170756,2017-12-20T08:24:40.52,BUY,4.297e-05,452.55292926
83170757,2017-12-20T08:24:40.52,BUY,4.299e-05,608.55504004
83170761,2017-12-20T08:24:41.893,SELL,4.296e-05,1160.96693785
83170771,2017-12-20T08:24:45.72,BUY,4.296e-05,23.20307048
83170775,2017-12-20T08:24:46.143,BUY,4.296e-05,253.15546241
83170776,2017-12-20T08:24:46.143,BUY,4.297e-05,40.0
83170790,2017-12-20T08:24:51.563,BUY,4.299e-05,48.168103
83170800,2017-12-20T08:24:56.11,BUY,4.299e-05,18.15786774
83170801,2017-12-20T08:24:56.11,BUY,4.299e-05,30.01023526
83170808,2017-12-20T08:24:58.58,BUY,4.299e-05,48.168103
83170809,2017-12-20T08:24:59.05,SELL,4.298e-05,50.0
83170811,2017-12-20T08:24:59.173,BUY,4.299e-05,126.27421908
83170813,2017-12-20T08:25:00.457,SELL,4.298e-05,3.90317843
83170814,2017-12-20T08:25:00.457,SELL,4.297e-05,361.23657273
83170818,2017-12-20T08:25:03.207,BUY,4.297e-05,200.0
83170819,2017-12-20T08:25:04.563,SELL,4.296e-05,246.78872428
83170825,2017-12-20T08:25:05.44,BUY,4.297e-05,48.190523
83170827,2017-12-20T08:25:08.74,BUY,4.297e-05,1000.0
83170829,2017-12-20T08:25:08.973,BUY,4.297e-05,69.97286054
83170831,2017-12-20T08:25:09.037,BUY,4.297e-05,100.0
83170834,2017-12-20T08:25:11.143,BUY,4.297e-05,123.50289621
83170838,2017-12-20T08:25:12.287,BUY,4.297e-05,415.91132589
83170844,2017-12-20T08:25:15.55,BUY,4.297e-05,175.17093554
83170855,2017-12-20T08:25:25.693,SELL,4.296e-05,277.17023307
83170857,2017-12-20T08:25:27.193,SELL,4.295e-05,191.84514552
83170858,2017-12-20T08:25:27.193,SELL,4.295e-05,7.71745448
83170861,2017-12-20T08:25:27.8,BUY,4.296e-05,86.45312209
83170862,2017-12-20T08:25:27.8,BUY,4.296e-05,146.26738058
83170871,2017-12-20T08:25:29.863,BUY,4.296e-05,232.72050267
83170886,2017-12-20T08:25:33.787,BUY,4.296e-05,232.72050267
83170888,2017-12-20T08:25:34.24,BUY,4.296e-05,70.0
83170890,2017-12-20T08:25:35.397,BUY,4.296e-05,232.72050267
83170892,2017-12-20T08:25:35.52,BUY,4.296e-05,1000.0
83170894,2017-12-20T08:25:35.943,BUY,4.296e-05,500.0
83170895,2017-12-20T08:25:35.99,SELL,4.295e-05,992.28254552
83170897,2017-12-20T08:25:36.74,BUY,4.295e-05,7.71745448
83170898,2017-12-20T08:25:36.74,BUY,4.296e-05,225.00304819
83170899,2017-12-20T08:25:38.113,SELL,4.294e-05,49.1153059
83170900,2017-12-20T08:25:38.113,SELL,4.294e-05,507.15627212
83170901,2017-12-20T08:25:38.113,SELL,4.294e-05,259.21294248
83170902,2017-12-20T08:25:38.113,SELL,4.294e-05,139.79472345
83170903,2017-12-20T08:25:38.113,SELL,4.294e-05,89.82719029
83170904,2017-12-20T08:25:38.113,SELL,4.294e-05,544.36991576
83170906,2017-12-20T08:25:38.583,BUY,4.295e-05,52.89097059
83170907,2017-12-20T08:25:38.583,BUY,4.296e-05,179.82953208
83170909,2017-12-20T08:25:38.63,BUY,4.296e-05,464.26791696
83170912,2017-12-20T08:25:39.49,BUY,4.295e-05,39.41
83170913,2017-12-20T08:25:39.49,BUY,4.296e-05,193.31050267
83170915,2017-12-20T08:25:39.787,BUY,4.296e-05,232.72050267
83170916,2017-12-20T08:25:40.13,SELL,4.294e-05,581.44612406
83170918,2017-12-20T08:25:40.253,BUY,4.294e-05,132.99727594
83170919,2017-12-20T08:25:40.253,BUY,4.296e-05,99.72322673
83170926,2017-12-20T08:25:43.067,BUY,4.296e-05,1190.71638211
83170927,2017-12-20T08:25:43.067,BUY,4.296e-05,304.0
83170928,2017-12-20T08:25:43.067,BUY,4.297e-05,2723.28444696
83170930,2017-12-20T08:25:43.753,SELL,4.293e-05,48.137533
83170931,2017-12-20T08:25:43.753,SELL,4.292e-05,2.22304877
83170934,2017-12-20T08:25:44.91,BUY,4.297e-05,232.72050267
83170939,2017-12-20T08:25:46.973,SELL,4.292e-05,926.2103
83170943,2017-12-20T08:25:48.94,SELL,4.295e-05,460.0
83170945,2017-12-20T08:25:49.067,BUY,4.297e-05,216.95829023
83170950,2017-12-20T08:25:50.49,BUY,4.297e-05,93.05380936
83170954,2017-12-20T08:25:51.787,BUY,4.297e-05,232.72050267
83170956,2017-12-20T08:25:52.24,BUY,4.297e-05,232.72050267
83170958,2017-12-20T08:25:54.177,BUY,4.297e-05,35.42602308
83170960,2017-12-20T08:25:56.21,SELL,4.296e-05,177.45840782
83170961,2017-12-20T08:25:56.21,SELL,4.295e-05,1017.59199218
83170964,2017-12-20T08:26:01.037,BUY,4.297e-05,702.79427508
83170966,2017-12-20T08:26:02.96,BUY,4.297e-05,501.50100299
83170967,2017-12-20T08:26:03.85,SELL,4.295e-05,462.3842
83170971,2017-12-20T08:26:04.77,BUY,4.297e-05,2530.93235195
83170972,2017-12-20T08:26:04.77,BUY,4.297e-05,355.0
83170974,2017-12-20T08:26:05.27,BUY,4.299e-05,197.92253095
83170975,2017-12-20T08:26:07.07,SELL,4.297e-05,50.0
83170978,2017-12-20T08:26:07.77,SELL,4.297e-05,126.27421908
83170984,2017-12-20T08:26:08.693,SELL,4.297e-05,990.86482089
83170986,2017-12-20T08:26:09.397,SELL,4.297e-05,1697.3765
83170993,2017-12-20T08:26:14.723,SELL,4.297e-05,9308.8201
83170996,2017-12-20T08:26:16.427,BUY,4.299e-05,436.6350717
83171002,2017-12-20T08:26:18.257,SELL,4.297e-05,1000.0
83171007,2017-12-20T08:26:19.177,BUY,4.299e-05,170.85720167
83171013,2017-12-20T08:26:21.927,SELL,4.297e-05,6338.5813
83171020,2017-12-20T08:26:24.35,BUY,4.299e-05,94.58519568
83171021,2017-12-20T08:26:24.35,BUY,4.299e-05,87.3011908
83171022,2017-12-20T08:26:24.35,BUY,4.3e-05,312.91843642
83171028,2017-12-20T08:26:30.66,BUY,4.3e-05,98.96176697
83171033,2017-12-20T08:26:32.27,BUY,4.3e-05,24.2422657
83171034,2017-12-20T08:26:33.427,SELL,4.299e-05,30.25815317
83171035,2017-12-20T08:26:33.427,SELL,4.297e-05,442.61832037
83171036,2017-12-20T08:26:33.427,SELL,4.297e-05,681.27331278
83171037,2017-12-20T08:26:33.427,SELL,4.297e-05,710.0
83171038,2017-12-20T08:26:33.427,SELL,4.297e-05,500.0
83171039,2017-12-20T08:26:33.427,SELL,4.297e-05,5825.85021368
83171041,2017-12-20T08:26:38.053,BUY,4.3e-05,56.49643333
83171043,2017-12-20T08:26:38.21,BUY,4.3e-05,148.44214897
83171045,2017-12-20T08:26:39.41,BUY,4.3e-05,1701.75
83171052,2017-12-20T08:26:48.897,BUY,4.3e-05,253.9704593
83171059,2017-12-20T08:26:54.647,BUY,4.3e-05,4650.34965035
83171061,2017-12-20T08:26:57.317,SELL,4.297e-05,960.24396307
83171063,2017-12-20T08:26:58.333,BUY,4.297e-05,136.06686101
83171065,2017-12-20T08:26:59.303,BUY,4.297e-05,1633.0
83171073,2017-12-20T08:27:02.303,BUY,4.297e-05,49.643597
83171076,2017-12-20T08:27:03.473,BUY,4.297e-05,745.47560757
83171078,2017-12-20T08:27:03.96,BUY,4.297e-05,536.64641686
83171080,2017-12-20T08:27:07.113,BUY,4.297e-05,49.643597
83171082,2017-12-20T08:27:07.333,BUY,4.297e-05,31.07189302
83171084,2017-12-20T08:27:08.723,BUY,4.297e-05,182.4213236
83171087,2017-12-20T08:27:09.6,BUY,4.297e-05,49.48001807
83171089,2017-12-20T08:27:10.507,BUY,4.297e-05,49.643597
83171090,2017-12-20T08:27:11.13,SELL,4.295e-05,30.83295603
83171092,2017-12-20T08:27:11.193,BUY,4.297e-05,2000.0
83171093,2017-12-20T08:27:11.63,SELL,4.295e-05,148.9830951
83171094,2017-12-20T08:27:11.63,SELL,4.295e-05,303.1635908
83171095,2017-12-20T08:27:11.63,SELL,4.295e-05,303.96885355
83171097,2017-12-20T08:27:11.973,BUY,4.297e-05,3892.81731344
83171098,2017-12-20T08:27:11.973,BUY,4.297e-05,280.0
83171099,2017-12-20T08:27:11.973,BUY,4.297e-05,542.73972968
83171102,2017-12-20T08:27:12.537,BUY,4.299e-05,1410.0
83171104,2017-12-20T08:27:14.02,BUY,4.299e-05,99.01354294
83171109,2017-12-20T08:27:15.41,BUY,4.299e-05,240.45273551
83171110,2017-12-20T08:27:15.41,BUY,4.299e-05,71.31310613
83171112,2017-12-20T08:27:15.91,BUY,4.299e-05,138.25745199
83171118,2017-12-20T08:27:16.71,BUY,4.3e-05,311.7638931
83171126,2017-12-20T08:27:19.91,BUY,4.3e-05,311.7638931
83171136,2017-12-20T08:27:26.8,BUY,4.3e-05,54.32593779
83171137,2017-12-20T08:27:28.35,SELL,4.299e-05,173.50838965
83171138,2017-12-20T08:27:28.35,SELL,4.299e-05,311.76584164
83171139,2017-12-20T08:27:28.49,SELL,4.297e-05,37.86716592
83171140,2017-12-20T08:27:28.49,SELL,4.297e-05,42.13283408
83171145,2017-12-20T08:27:32.037,BUY,4.299e-05,49.608962
83171148,2017-12-20T08:27:34.1,BUY,4.299e-05,100.0
83171149,2017-12-20T08:27:34.537,SELL,4.297e-05,193.53257835
83171150,2017-12-20T08:27:34.537,SELL,4.297e-05,235.66541243
83171151,2017-12-20T08:27:34.537,SELL,4.297e-05,170.80200922
83171153,2017-12-20T08:27:36.707,BUY,4.299e-05,24.76132407
83171159,2017-12-20T08:27:38.113,BUY,4.299e-05,581.5305885
83171161,2017-12-20T08:27:38.943,BUY,4.299e-05,49.52164516
83171163,2017-12-20T08:27:39.083,BUY,4.299e-05,2372.2424268
83171165,2017-12-20T08:27:40.457,BUY,4.3e-05,100.0
83171169,2017-12-20T08:27:42.52,BUY,4.3e-05,705.92100698
83171180,2017-12-20T08:27:47.817,SELL,4.299e-05,34.05411461
83171182,2017-12-20T08:27:48.69,SELL,4.299e-05,285.46271197
83171183,2017-12-20T08:27:49.253,SELL,4.299e-05,45.0
83171188,2017-12-20T08:27:55.363,BUY,4.3e-05,395.84405892
83171190,2017-12-20T08:27:55.723,SELL,4.299e-05,1935.29381067
83171192,2017-12-20T08:27:56.16,SELL,4.299e-05,3134.67568682
83171193,2017-12-20T08:27:56.16,SELL,4.299e-05,453.54113747
83171194,2017-12-20T08:27:56.177,SELL,4.299e-05,1403.62242953
83171196,2017-12-20T08:27:57.317,BUY,4.3e-05,1391.86046512
83171198,2017-12-20T08:27:58.19,SELL,4.299e-05,596.37757047
83171199,2017-12-20T08:27:58.19,SELL,4.299e-05,417.65526867
83171200,2017-12-20T08:27:58.19,SELL,4.299e-05,3429.03003838
83171201,2017-12-20T08:27:58.19,SELL,4.298e-05,267.34230049
83171203,2017-12-20T08:28:02.223,SELL,4.297e-05,681.06066939
83171204,2017-12-20T08:28:02.223,SELL,4.297e-05,761.71068536
83171205,2017-12-20T08:28:02.223,SELL,4.297e-05,255.05374525
83171211,2017-12-20T08:28:07.207,BUY,4.298e-05,395.84405892
83171213,2017-12-20T08:28:07.3,BUY,4.298e-05,87.24836794
83171214,2017-12-20T08:28:08.363,SELL,4.297e-05,473.50396218
83171215,2017-12-20T08:28:08.363,SELL,4.297e-05,1.88713782
83171218,2017-12-20T08:28:11.63,SELL,4.297e-05,163.9394
83171221,2017-12-20T08:28:15.177,BUY,4.298e-05,223.43009513
83171222,2017-12-20T08:28:15.177,BUY,4.299e-05,100.58361387
83171226,2017-12-20T08:28:17.113,BUY,4.299e-05,899.41638613
83171228,2017-12-20T08:28:17.707,SELL,4.299e-05,549.903
83171232,2017-12-20T08:28:20.33,BUY,4.3e-05,5799.41860465
83171236,2017-12-20T08:28:24.223,SELL,4.299e-05,8719.6098
83171243,2017-12-20T08:28:27.16,BUY,4.3e-05,589.23972035
83171246,2017-12-20T08:28:27.24,BUY,4.3e-05,116.27906977
83171251,2017-12-20T08:28:28.393,BUY,4.3e-05,6907.41307151
83171257,2017-12-20T08:28:32.067,SELL,4.299e-05,2441.4907
83171262,2017-12-20T08:28:36.02,SELL,4.299e-05,683.6174
83171265,2017-12-20T08:28:37.27,BUY,4.3e-05,4465.6
83171267,2017-12-20T08:28:37.487,SELL,4.299e-05,5547.89894309
83171271,2017-12-20T08:28:38.66,BUY,4.3e-05,35.0
83171272,2017-12-20T08:28:39.66,SELL,4.299e-05,357.05784337
83171273,2017-12-20T08:28:40.817,SELL,4.299e-05,58959.09424388
83171274,2017-12-20T08:28:40.817,SELL,4.299e-05,300.0
83171275,2017-12-20T08:28:40.817,SELL,4.299e-05,355.47614445
83171276,2017-12-20T08:28:40.847,SELL,4.298e-05,14.07732899
83171277,2017-12-20T08:28:40.847,SELL,4.298e-05,177.33557101
83171281,2017-12-20T08:28:42.847,BUY,4.3e-05,42.56509823
83171287,2017-12-20T08:28:45.003,BUY,4.3e-05,103.56593124
83171294,2017-12-20T08:28:49.05,SELL,4.298e-05,53.5956
83171296,2017-12-20T08:28:49.177,BUY,4.299e-05,1000.0
83171299,2017-12-20T08:28:50.08,BUY,4.3e-05,270.24810067
83171304,2017-12-20T08:28:52.72,BUY,4.3e-05,512.95347209
83171309,2017-12-20T08:28:54.253,BUY,4.3e-05,3000.0
83171312,2017-12-20T08:28:57.33,BUY,4.3e-05,2255.51
83171313,2017-12-20T08:28:57.97,SELL,4.299e-05,754.26605548
83171314,2017-12-20T08:28:57.97,SELL,4.298e-05,2089.91573453
83171315,2017-12-20T08:28:57.97,SELL,4.297e-05,20.93485094
83171316,2017-12-20T08:28:57.97,SELL,4.297e-05,42.81937631
83171317,2017-12-20T08:28:57.97,SELL,4.297e-05,700.0
83171318,2017-12-20T08:28:57.97,SELL,4.295e-05,325.37979197
83171319,2017-12-20T08:28:57.97,SELL,4.295e-05,59.49977183
83171320,2017-12-20T08:28:57.97,SELL,4.294e-05,13.47345133
83171321,2017-12-20T08:28:57.97,SELL,4.294e-05,232.30088496
83171322,2017-12-20T08:28:57.97,SELL,4.292e-05,57.46440015
83171323,2017-12-20T08:28:57.97,SELL,4.29e-05,50.0
83171324,2017-12-20T08:28:57.97,SELL,4.29e-05,146.0
83171325,2017-12-20T08:28:57.97,SELL,4.29e-05,411.15926923
83171326,2017-12-20T08:28:57.97,SELL,4.289e-05,93.02867801
83171327,2017-12-20T08:28:57.97,SELL,4.289e-05,2790.96848624
83171328,2017-12-20T08:28:57.97,SELL,4.288e-05,212.78924902
83171338,2017-12-20T08:29:00.253,BUY,4.3e-05,10270.87960988
83171343,2017-12-20T08:29:00.987,SELL,4.299e-05,213.20865522
83171345,2017-12-20T08:29:01.253,BUY,4.3e-05,3984.6472714
83171349,2017-12-20T08:29:03.003,BUY,4.3e-05,100.0
83171354,2017-12-20T08:29:04.067,SELL,4.299e-05,459.68038874
83171355,2017-12-20T08:29:04.067,SELL,4.298e-05,264.60789493
83171363,2017-12-20T08:29:06.533,BUY,4.299e-05,300.0
83171364,2017-12-20T08:29:06.533,BUY,4.3e-05,9446.253857
83171373,2017-12-20T08:29:11.783,BUY,4.299e-05,537.02987442
83171375,2017-12-20T08:29:11.923,BUY,4.299e-05,858.51360782
83171388,2017-12-20T08:29:13.83,SELL,4.298e-05,4412.45005295
83171389,2017-12-20T08:29:13.83,SELL,4.298e-05,302.2355718
83171390,2017-12-20T08:29:13.83,SELL,4.297e-05,38.73912032
83171391,2017-12-20T08:29:13.83,SELL,4.29e-05,494.60886364
83171392,2017-12-20T08:29:13.83,SELL,4.288e-05,6472.79881229
83171393,2017-12-20T08:29:15.02,SELL,4.288e-05,3088.1804
83171396,2017-12-20T08:29:15.377,BUY,4.299e-05,115.98837209
83171406,2017-12-20T08:29:17.673,BUY,4.299e-05,479.55706026
83171410,2017-12-20T08:29:18.22,BUY,4.299e-05,495.85912924
83171415,2017-12-20T08:29:18.533,BUY,4.299e-05,313.65723873
83171416,2017-12-20T08:29:18.533,BUY,4.3e-05,3621.98346149
83171419,2017-12-20T08:29:19.487,SELL,4.289e-05,239.0
83171425,2017-12-20T08:29:21.94,BUY,4.3e-05,1637.0
83171429,2017-12-20T08:29:23.317,BUY,4.299e-05,61.53039038
83171434,2017-12-20T08:29:27.8,SELL,4.299e-05,70.13759328
83171436,2017-12-20T08:29:28.127,BUY,4.3e-05,739.30941977
83171443,2017-12-20T08:29:29.457,BUY,4.3e-05,276.24950581
83171463,2017-12-20T08:29:34.753,BUY,4.3e-05,1083.18890815
83171474,2017-12-20T08:29:38.313,BUY,4.3e-05,1941.52332907
83171476,2017-12-20T08:29:39.563,BUY,4.3e-05,1000.0
83171477,2017-12-20T08:29:39.767,SELL,4.299e-05,344.9190151
83171479,2017-12-20T08:29:39.957,BUY,4.3e-05,495.658196
83171482,2017-12-20T08:29:40.283,BUY,4.3e-05,3618.41
83171486,2017-12-20T08:29:41.597,BUY,4.3e-05,240.75010465
83171493,2017-12-20T08:29:42.893,BUY,4.3e-05,5836.37109437
83171494,2017-12-20T08:29:42.893,BUY,4.3e-05,500.0
83171495,2017-12-20T08:29:42.893,BUY,4.3e-05,53.238475
83171496,2017-12-20T08:29:42.893,BUY,4.3e-05,499.93870208
83171497,2017-12-20T08:29:42.893,BUY,4.3e-05,23.37707992
83171498,2017-12-20T08:29:42.893,BUY,4.3e-05,791.3654687
83171499,2017-12-20T08:29:42.893,BUY,4.3e-05,650.94782749
83171512,2017-12-20T08:29:47.313,SELL,4.299e-05,2193.41300124
83171513,2017-12-20T08:29:47.313,SELL,4.299e-05,37.41773735
83171514,2017-12-20T08:29:47.313,SELL,4.299e-05,7073.65866141
83171516,2017-12-20T08:29:47.517,SELL,4.299e-05,5123.34133859
83171517,2017-12-20T08:29:47.517,SELL,4.299e-05,335.9417228
83171525,2017-12-20T08:29:52.423,BUY,4.3e-05,200.0
83171528,2017-12-20T08:29:53.127,SELL,4.299e-05,72.0
83171531,2017-12-20T08:29:55.8,SELL,4.299e-05,263.9417228
83171533,2017-12-20T08:29:57.22,SELL,4.298e-05,100.0
83171535,2017-12-20T08:29:57.47,SELL,4.297e-05,382.56372339
83171537,2017-12-20T08:29:57.58,BUY,4.298e-05,19.82729072
83171542,2017-12-20T08:30:02.097,BUY,4.298e-05,156.27721928
83171543,2017-12-20T08:30:02.097,BUY,4.3e-05,149.05217251
83171544,2017-12-20T08:30:02.097,BUY,4.3e-05,141.1270366
83171545,2017-12-20T08:30:02.097,BUY,4.3e-05,40.05974116
83171546,2017-12-20T08:30:02.097,BUY,4.3e-05,604.95808792
83171547,2017-12-20T08:30:02.097,BUY,4.3e-05,136.16238167
83171548,2017-12-20T08:30:02.097,BUY,4.3e-05,76.3879575
83171549,2017-12-20T08:30:02.097,BUY,4.3e-05,243.7193449
83171550,2017-12-20T08:30:02.097,BUY,4.3e-05,452.25605846
83171552,2017-12-20T08:30:02.283,BUY,4.298e-05,97.05719418
83171554,2017-12-20T08:30:03.097,SELL,4.297e-05,43.07628185
83171555,2017-12-20T08:30:03.097,SELL,4.289e-05,35.38834169
83171556,2017-12-20T08:30:03.097,SELL,4.289e-05,1027.28535951
83171562,2017-12-20T08:30:07.673,BUY,4.298e-05,92.98080582
83171563,2017-12-20T08:30:07.673,BUY,4.3e-05,154.79124586
83171565,2017-12-20T08:30:08,BUY,4.3e-05,569.90586959
83171566,2017-12-20T08:30:08,BUY,4.3e-05,930.09413041
83171569,2017-12-20T08:30:08.44,BUY,4.3e-05,116.01463186
83171572,2017-12-20T08:30:08.66,BUY,4.3e-05,1639.99197546
83171573,2017-12-20T08:30:08.66,BUY,4.3e-05,91.09972783
83171574,2017-12-20T08:30:08.66,BUY,4.3e-05,61.90788174
83171575,2017-12-20T08:30:08.66,BUY,4.3e-05,14.3626061
83171576,2017-12-20T08:30:08.66,BUY,4.3e-05,272.69896564
83171577,2017-12-20T08:30:08.66,BUY,4.3e-05,3359.93884323
83171588,2017-12-20T08:30:11.86,BUY,4.3e-05,100.301003
83171589,2017-12-20T08:30:12.22,SELL,4.299e-05,200.0
83171590,2017-12-20T08:30:12.22,SELL,4.298e-05,38.045697
83171591,2017-12-20T08:30:12.237,SELL,4.295e-05,1049.61618161
83171592,2017-12-20T08:30:12.237,SELL,4.288e-05,16352.67656639
83171595,2017-12-20T08:30:13.533,BUY,4.3e-05,57.919448
83171598,2017-12-20T08:30:14.91,BUY,4.3e-05,100.20874215
83171600,2017-12-20T08:30:16.63,BUY,4.3e-05,618.15491469
83171603,2017-12-20T08:30:17.333,BUY,4.3e-05,57.916278
83171605,2017-12-20T08:30:17.38,BUY,4.3e-05,588.74445
83171610,2017-12-20T08:30:18.223,BUY,4.3e-05,22.64116279
83171615,2017-12-20T08:30:21.393,BUY,4.299e-05,3034.0
83171620,2017-12-20T08:30:23.05,BUY,4.299e-05,57.92975
83171632,2017-12-20T08:30:29.647,BUY,4.299e-05,408.07025
83171633,2017-12-20T08:30:29.647,BUY,4.299e-05,103.92975
83171640,2017-12-20T08:30:32.617,BUY,4.299e-05,175.86806512
83171641,2017-12-20T08:30:32.74,SELL,4.298e-05,40.07874653
83171643,2017-12-20T08:30:33.367,BUY,4.299e-05,220.69350977
83171646,2017-12-20T08:30:34.647,BUY,4.299e-05,1227.80510923
83171650,2017-12-20T08:30:35.413,BUY,4.299e-05,102.33250174
83171657,2017-12-20T08:30:38.07,SELL,4.298e-05,459.92125347
83171658,2017-12-20T08:30:38.07,SELL,4.289e-05,200.0
83171659,2017-12-20T08:30:38.07,SELL,4.288e-05,540.07874653
83171661,2017-12-20T08:30:38.117,BUY,4.299e-05,305.42241813
83171662,2017-12-20T08:30:38.117,BUY,4.299e-05,1094.28209948
83171663,2017-12-20T08:30:38.117,BUY,4.299e-05,500.0
83171664,2017-12-20T08:30:38.117,BUY,4.299e-05,300.0
83171666,2017-12-20T08:30:38.723,BUY,4.3e-05,725.0
83171667,2017-12-20T08:30:42.13,SELL,4.299e-05,104.94566858
83171668,2017-12-20T08:30:42.21,SELL,4.299e-05,1264.34940117
83171669,2017-12-20T08:30:44.35,SELL,4.299e-05,7390.7804894
83171671,2017-12-20T08:30:45.88,BUY,4.299e-05,109.2195106
83171672,2017-12-20T08:30:45.88,BUY,4.3e-05,20.57035343
83171676,2017-12-20T08:30:47.507,BUY,4.298e-05,232.55813953
83171678,2017-12-20T08:30:47.787,BUY,4.298e-05,99.12646539
83171680,2017-12-20T08:30:47.88,BUY,4.298e-05,557.88413083
83171681,2017-12-20T08:30:47.88,BUY,4.3e-05,241.11586917
83171685,2017-12-20T08:30:49.147,BUY,4.3e-05,232.55813953
83171687,2017-12-20T08:30:49.24,BUY,4.3e-05,232.55813953
83171692,2017-12-20T08:30:51.723,BUY,4.3e-05,79.0593393
83171694,2017-12-20T08:30:52.053,BUY,4.3e-05,49.520454
83171696,2017-12-20T08:30:52.193,BUY,4.3e-05,232.55813953
83171700,2017-12-20T08:30:52.49,BUY,4.3e-05,232.55813953
83171702,2017-12-20T08:30:53.897,BUY,4.3e-05,232.55813953
83171708,2017-12-20T08:30:56.363,BUY,4.3e-05,43.8263051
83171710,2017-12-20T08:30:56.99,BUY,4.3e-05,495.48300299
83171713,2017-12-20T08:30:57.99,BUY,4.3e-05,49.520454
83171715,2017-12-20T08:30:58.16,BUY,4.3e-05,389.5696814
83171717,2017-12-20T08:30:58.803,BUY,4.3e-05,232.55813953
83171720,2017-12-20T08:30:59.053,BUY,4.3e-05,152.7716396
83171723,2017-12-20T08:31:01.38,BUY,4.3e-05,49.520454
83171726,2017-12-20T08:31:01.77,BUY,4.3e-05,82.4862907
83171734,2017-12-20T08:31:03.35,BUY,4.3e-05,232.55813953
83171737,2017-12-20T08:31:04.16,BUY,4.3e-05,232.55813953
83171739,2017-12-20T08:31:04.177,BUY,4.3e-05,232.55813953
83171741,2017-12-20T08:31:04.223,BUY,4.3e-05,2319.76744186
83171748,2017-12-20T08:31:05.52,SELL,4.299e-05,968.29522331
83171749,2017-12-20T08:31:05.52,SELL,4.298e-05,928.33876221
83171750,2017-12-20T08:31:05.52,SELL,4.289e-05,6498.692
83171751,2017-12-20T08:31:05.52,SELL,4.289e-05,39.14390942
83171752,2017-12-20T08:31:05.52,SELL,4.288e-05,9283.54050106
83171757,2017-12-20T08:31:08.147,BUY,4.3e-05,3338.76672456
83171761,2017-12-20T08:31:09.613,BUY,4.299e-05,154.74695199
83171762,2017-12-20T08:31:09.613,BUY,4.3e-05,9371.84408929
83171765,2017-12-20T08:31:09.88,BUY,4.3e-05,34.0
83171771,2017-12-20T08:31:14.1,BUY,4.3e-05,232.55813953
83171772,2017-12-20T08:31:14.613,SELL,4.299e-05,108.0
83171773,2017-12-20T08:31:15.397,SELL,4.299e-05,42.0
83171776,2017-12-20T08:31:17.49,BUY,4.299e-05,191.13953488
83171777,2017-12-20T08:31:17.49,BUY,4.299e-05,750.15880113
83171778,2017-12-20T08:31:17.49,BUY,4.3e-05,21953.67864018
83171779,2017-12-20T08:31:17.49,BUY,4.3e-05,302.69744241
83171781,2017-12-20T08:31:17.6,BUY,4.3e-05,589.88223959
83171782,2017-12-20T08:31:17.6,BUY,4.3e-05,299.80094477
83171783,2017-12-20T08:31:17.6,BUY,4.3e-05,700.96
83171784,2017-12-20T08:31:17.6,BUY,4.3e-05,250.0
83171785,2017-12-20T08:31:17.613,BUY,4.3e-05,452.34631314
83171786,2017-12-20T08:31:17.613,BUY,4.3e-05,50.0
83171787,2017-12-20T08:31:17.613,BUY,4.3e-05,33.91730757
83171788,2017-12-20T08:31:17.613,BUY,4.3e-05,71.986606
83171789,2017-12-20T08:31:17.613,BUY,4.3e-05,400.84261298
83171790,2017-12-20T08:31:17.613,BUY,4.3e-05,65.0
83171791,2017-12-20T08:31:17.613,BUY,4.3e-05,608.22376793
83171792,2017-12-20T08:31:17.613,BUY,4.3e-05,120.56809025
83171793,2017-12-20T08:31:17.613,BUY,4.3e-05,4573.47211777
83171794,2017-12-20T08:31:17.693,SELL,4.297e-05,1238.2856
83171798,2017-12-20T08:31:18.367,SELL,4.299e-05,200.0
83171801,2017-12-20T08:31:19.523,BUY,4.3e-05,49.58554092
83171805,2017-12-20T08:31:20.79,BUY,4.3e-05,697.0
83171806,2017-12-20T08:31:21.023,SELL,4.299e-05,1158.5737
83171810,2017-12-20T08:31:24.193,BUY,4.3e-05,23.25581395
83171813,2017-12-20T08:31:24.663,SELL,4.299e-05,1601.28677278
83171814,2017-12-20T08:31:25.57,SELL,4.297e-05,481.55552229
83171816,2017-12-20T08:31:25.71,BUY,4.295e-05,196.43976279
83171820,2017-12-20T08:31:27.163,BUY,4.295e-05,387.11283992
83171821,2017-12-20T08:31:27.163,BUY,4.298e-05,47.88716008
83171823,2017-12-20T08:31:34.007,SELL,4.288e-05,4667.45
83171824,2017-12-20T08:31:35.29,SELL,4.288e-05,2000.0
83171826,2017-12-20T08:31:36.82,BUY,4.298e-05,337.92556714
83171836,2017-12-20T08:31:41.29,BUY,4.3e-05,200.02234535
83171837,2017-12-20T08:31:41.46,SELL,4.299e-05,73.56642266
83171845,2017-12-20T08:31:48.023,BUY,4.3e-05,2006.001003
83171847,2017-12-20T08:31:49.397,BUY,4.3e-05,1143.0
83171848,2017-12-20T08:31:49.46,SELL,4.299e-05,115.42467022
83171850,2017-12-20T08:31:49.477,BUY,4.3e-05,779.34331668
83171855,2017-12-20T08:31:53.443,SELL,4.299e-05,5001.0
83171860,2017-12-20T08:31:57.21,BUY,4.3e-05,254.53221628
83171865,2017-12-20T08:31:59.037,BUY,4.3e-05,488.75505
83171867,2017-12-20T08:31:59.693,BUY,4.3e-05,21.75928936
83171872,2017-12-20T08:32:04.57,BUY,4.3e-05,291.54187674
83171874,2017-12-20T08:32:05.443,BUY,4.3e-05,15.0
83171875,2017-12-20T08:32:05.727,SELL,4.299e-05,200.0
83171877,2017-12-20T08:32:07.147,SELL,4.299e-05,1000.0
83171882,2017-12-20T08:32:09.82,BUY,4.3e-05,771.15866686
83171884,2017-12-20T08:32:10.477,BUY,4.3e-05,932.56396805
83171886,2017-12-20T08:32:11.32,BUY,4.3e-05,932.56396805
83171889,2017-12-20T08:32:12.32,BUY,4.3e-05,312.93382181
83171890,2017-12-20T08:32:12.617,SELL,4.299e-05,4416.04915136
83171891,2017-12-20T08:32:12.617,SELL,4.299e-05,65.44101186
83171892,2017-12-20T08:32:12.617,SELL,4.299e-05,692.04689114
83171893,2017-12-20T08:32:12.617,SELL,4.299e-05,2904.42230461
83171894,2017-12-20T08:32:12.617,SELL,4.298e-05,680.92529605
83171895,2017-12-20T08:32:12.617,SELL,4.298e-05,1039.44025651
83171901,2017-12-20T08:32:15.35,BUY,4.298e-05,3783.72021222
83171906,2017-12-20T08:32:16.273,BUY,4.298e-05,15.0
83171910,2017-12-20T08:32:17.053,BUY,4.298e-05,75.0
83171914,2017-12-20T08:32:18.32,BUY,4.298e-05,697.0
83171920,2017-12-20T08:32:20.57,BUY,4.298e-05,624.43
83171926,2017-12-20T08:32:22.1,BUY,4.298e-05,341.10957223
83171931,2017-12-20T08:32:25.287,BUY,4.298e-05,34.80460572
83171933,2017-12-20T08:32:25.913,BUY,4.298e-05,69.13949506
83171935,2017-12-20T08:32:26.68,BUY,4.298e-05,1995.17081433
83171937,2017-12-20T08:32:27.413,BUY,4.298e-05,69.59302326
83171939,2017-12-20T08:32:28.147,BUY,4.298e-05,70.72875188
83171941,2017-12-20T08:32:29.523,BUY,4.298e-05,209.81176377
83171942,2017-12-20T08:32:29.523,BUY,4.299e-05,400.0
83171943,2017-12-20T08:32:29.523,BUY,4.3e-05,87.18823623
83171946,2017-12-20T08:32:31.553,BUY,4.3e-05,99.17007885
83171948,2017-12-20T08:32:33.32,SELL,4.297e-05,36.04808381
83171951,2017-12-20T08:32:33.833,BUY,4.3e-05,452.98841724
83171953,2017-12-20T08:32:33.943,BUY,4.3e-05,452.98841725
83171959,2017-12-20T08:32:35.38,SELL,4.298e-05,25.33668567
83171960,2017-12-20T08:32:35.38,SELL,4.298e-05,123.57295798
83171962,2017-12-20T08:32:36.227,BUY,4.3e-05,452.98558607
83171967,2017-12-20T08:32:39.21,BUY,4.3e-05,326.0
83171971,2017-12-20T08:32:41.367,BUY,4.3e-05,234.54112377
83171976,2017-12-20T08:32:44.303,BUY,4.299e-05,6122.067757
83171977,2017-12-20T08:32:44.303,BUY,4.3e-05,8829.67037788
83171982,2017-12-20T08:32:45.473,SELL,4.298e-05,723.231
83171984,2017-12-20T08:32:46.257,BUY,4.3e-05,267.76359691
83171990,2017-12-20T08:32:49.473,BUY,4.3e-05,100.301003
83171993,2017-12-20T08:32:49.88,BUY,4.3e-05,16.05905407
83171997,2017-12-20T08:32:52.147,BUY,4.3e-05,162.38372093
83172006,2017-12-20T08:33:00.287,BUY,4.3e-05,21.28724699
83172015,2017-12-20T08:33:05.24,BUY,4.3e-05,1845.03270203
83172018,2017-12-20T08:33:07.553,BUY,4.3e-05,57.68438401
83172021,2017-12-20T08:33:07.867,BUY,4.3e-05,9373.73
83172025,2017-12-20T08:33:08.13,BUY,4.3e-05,175.65017441
83172028,2017-12-20T08:33:10.223,BUY,4.3e-05,251.14372033
83172032,2017-12-20T08:33:11.13,BUY,4.3e-05,358.12488372
83172034,2017-12-20T08:33:11.803,BUY,4.3e-05,726.39401496
83172037,2017-12-20T08:33:12.57,BUY,4.3e-05,619.20856655
83172038,2017-12-20T08:33:12.77,SELL,4.299e-05,127.0394551
83172040,2017-12-20T08:33:13.537,SELL,4.299e-05,372.9605449
83172041,2017-12-20T08:33:13.537,SELL,4.299e-05,348.04605722
83172042,2017-12-20T08:33:13.537,SELL,4.299e-05,200.0
83172043,2017-12-20T08:33:13.537,SELL,4.298e-05,78.99339788
83172045,2017-12-20T08:33:17.257,SELL,4.299e-05,64.8
83172057,2017-12-20T08:33:19.677,SELL,4.299e-05,19.77642914
83172061,2017-12-20T08:33:24.473,BUY,4.3e-05,326.0
83172076,2017-12-20T08:33:30.537,SELL,4.299e-05,5.42357086
83172077,2017-12-20T08:33:30.537,SELL,4.299e-05,24.57642914
83172079,2017-12-20T08:33:31.333,BUY,4.3e-05,133.75149635
83172082,2017-12-20T08:33:31.49,BUY,4.3e-05,25.36664685
83172084,2017-12-20T08:33:31.49,BUY,4.3e-05,445.42109826
83172086,2017-12-20T08:33:32.083,SELL,4.299e-05,86.22023571
83172088,2017-12-20T08:33:33.74,BUY,4.3e-05,20.55498458
83172091,2017-12-20T08:33:34.537,BUY,4.3e-05,326.0
83172102,2017-12-20T08:33:41.647,SELL,4.299e-05,389.20333515
83172103,2017-12-20T08:33:41.647,SELL,4.299e-05,390.0
83172104,2017-12-20T08:33:41.647,SELL,4.299e-05,200.0
83172105,2017-12-20T08:33:41.647,SELL,4.298e-05,144.58293092
83172107,2017-12-20T08:33:41.88,BUY,4.3e-05,213.76401802
83172109,2017-12-20T08:33:43.037,SELL,4.298e-05,86.02972543
83172110,2017-12-20T08:33:43.037,SELL,4.298e-05,212.69239007
83172111,2017-12-20T08:33:43.037,SELL,4.298e-05,193.86451954
83172112,2017-12-20T08:33:43.037,SELL,4.298e-05,212.43976496
83172115,2017-12-20T08:33:44.91,BUY,4.299e-05,326.0
83172119,2017-12-20T08:33:45.6,BUY,4.299e-05,500.06835503
83172121,2017-12-20T08:33:46.003,BUY,4.299e-05,18.70581395
83172123,2017-12-20T08:33:48.473,BUY,4.299e-05,14.0
83172126,2017-12-20T08:33:50.38,BUY,4.299e-05,49.56838795
83172132,2017-12-20T08:33:54.38,SELL,4.298e-05,183.8296
83172134,2017-12-20T08:33:55.02,BUY,4.299e-05,119.74328682
83172135,2017-12-20T08:33:55.02,BUY,4.299e-05,1000.16249321
83172137,2017-12-20T08:33:56.27,SELL,4.299e-05,380.09421997
83172139,2017-12-20T08:33:56.443,BUY,4.299e-05,741.0
83172145,2017-12-20T08:33:57.647,BUY,4.299e-05,200.0
83172146,2017-12-20T08:33:57.77,SELL,4.298e-05,5.48924809
83172147,2017-12-20T08:33:57.77,SELL,4.298e-05,66.0
83172148,2017-12-20T08:33:57.77,SELL,4.298e-05,350.2716843
83172150,2017-12-20T08:33:58.35,BUY,4.298e-05,250.0
83172154,2017-12-20T08:34:00.457,SELL,4.297e-05,51.4723
83172156,2017-12-20T08:34:01.753,BUY,4.298e-05,26.53937981
83172157,2017-12-20T08:34:01.753,BUY,4.299e-05,385.46062019
83172164,2017-12-20T08:34:04.003,SELL,4.297e-05,50.0
83172166,2017-12-20T08:34:04.177,BUY,4.299e-05,13.5142611
83172180,2017-12-20T08:34:10.27,BUY,4.3e-05,115.98837209
83172182,2017-12-20T08:34:11.3,SELL,4.299e-05,306.4857389
83172183,2017-12-20T08:34:11.3,SELL,4.299e-05,19.60218597
83172184,2017-12-20T08:34:11.3,SELL,4.297e-05,462.47961619
83172185,2017-12-20T08:34:11.3,SELL,4.297e-05,178.08032988
83172186,2017-12-20T08:34:11.3,SELL,4.297e-05,400.0
83172187,2017-12-20T08:34:11.3,SELL,4.297e-05,188.55187456
83172188,2017-12-20T08:34:11.3,SELL,4.294e-05,575.54028878
83172189,2017-12-20T08:34:11.3,SELL,4.29e-05,9268.827
83172190,2017-12-20T08:34:11.3,SELL,4.289e-05,1204.96264584
83172191,2017-12-20T08:34:11.3,SELL,4.288e-05,5076.39176888
83172194,2017-12-20T08:34:11.723,BUY,4.299e-05,99.13812455
83172197,2017-12-20T08:34:13.85,BUY,4.299e-05,17.06701849
83172204,2017-12-20T08:34:18.27,BUY,4.299e-05,116.22300807
83172205,2017-12-20T08:34:18.27,BUY,4.299e-05,13.7487592
83172208,2017-12-20T08:34:20.94,BUY,4.299e-05,604.24769664
83172211,2017-12-20T08:34:22.24,BUY,4.299e-05,3363.88536697
83172212,2017-12-20T08:34:22.24,BUY,4.299e-05,604.09049148
83172213,2017-12-20T08:34:22.24,BUY,4.299e-05,439.71
83172214,2017-12-20T08:34:22.24,BUY,4.3e-05,253.8503853
83172216,2017-12-20T08:34:23.49,BUY,4.3e-05,2942.26961163
83172220,2017-12-20T08:34:24.77,BUY,4.3e-05,23545.49501337
83172226,2017-12-20T08:34:28.567,BUY,4.299e-05,120.0
83172228,2017-12-20T08:34:28.8,BUY,4.299e-05,1041.68027041
83172230,2017-12-20T08:34:28.973,BUY,4.299e-05,1338.31972959
83172231,2017-12-20T08:34:28.973,BUY,4.299e-05,981.81830017
83172234,2017-12-20T08:34:30.99,SELL,4.299e-05,142.96748619
83172238,2017-12-20T08:34:33.41,BUY,4.3e-05,963.49325581
83172239,2017-12-20T08:34:37.473,SELL,4.299e-05,303.56456779
83172251,2017-12-20T08:34:44.503,BUY,4.299e-05,617.39543221
83172252,2017-12-20T08:34:44.503,BUY,4.3e-05,1099.89993402
83172263,2017-12-20T08:34:50.723,BUY,4.3e-05,108.0
83172270,2017-12-20T08:34:55.19,BUY,4.3e-05,76.69083105
83172276,2017-12-20T08:34:58.02,BUY,4.3e-05,140.0
83172278,2017-12-20T08:34:58.91,BUY,4.3e-05,281.48359709
83172281,2017-12-20T08:34:58.957,BUY,4.3e-05,6233.13428671
83172283,2017-12-20T08:34:59.8,BUY,4.3e-05,631.02721278
83172284,2017-12-20T08:34:59.8,BUY,4.3e-05,13.98837209
83172285,2017-12-20T08:34:59.8,BUY,4.3e-05,25901.11786862
83172288,2017-12-20T08:35:00.033,BUY,4.3e-05,991.69568364
83172293,2017-12-20T08:35:03.987,BUY,4.3e-05,2537.57690096
83172294,2017-12-20T08:35:03.987,BUY,4.3e-05,2100.64309904
83172299,2017-12-20T08:35:10.817,BUY,4.3e-05,140.0
83172300,2017-12-20T08:35:10.88,SELL,4.299e-05,93.89134746
83172301,2017-12-20T08:35:10.88,SELL,4.299e-05,400.0
83172302,2017-12-20T08:35:10.88,SELL,4.299e-05,1408.90877006
83172303,2017-12-20T08:35:10.88,SELL,4.299e-05,464.06140963
83172304,2017-12-20T08:35:10.88,SELL,4.299e-05,2020.0
83172305,2017-12-20T08:35:10.88,SELL,4.298e-05,6233.13428671
83172306,2017-12-20T08:35:10.88,SELL,4.298e-05,496.6716816
83172307,2017-12-20T08:35:10.88,SELL,4.297e-05,1261.36825754
83172309,2017-12-20T08:35:11.13,BUY,4.3e-05,20.67945956
83172311,2017-12-20T08:35:11.27,BUY,4.3e-05,2853.31511337
83172314,2017-12-20T08:35:13.88,BUY,4.3e-05,245.97379093
83172315,2017-12-20T08:35:13.88,BUY,4.3e-05,2312.7753304
83172316,2017-12-20T08:35:13.88,BUY,4.3e-05,614.20138889
83172317,2017-12-20T08:35:13.88,BUY,4.3e-05,50.76212745
83172318,2017-12-20T08:35:13.88,BUY,4.3e-05,444.08071175
83172320,2017-12-20T08:35:14.533,BUY,4.3e-05,3053.01231151
83172321,2017-12-20T08:35:14.533,BUY,4.3e-05,123.29721441
83172322,2017-12-20T08:35:14.533,BUY,4.3e-05,829.92884617
83172326,2017-12-20T08:35:16.177,BUY,4.3e-05,2170.07115383
83172327,2017-12-20T08:35:16.177,BUY,4.3e-05,955.82293441
83172328,2017-12-20T08:35:16.253,SELL,4.297e-05,85.91988397
83172331,2017-12-20T08:35:18.723,BUY,4.3e-05,700.49605559
83172332,2017-12-20T08:35:18.723,BUY,4.3e-05,700.0
83172333,2017-12-20T08:35:18.723,BUY,4.3e-05,50.0
83172334,2017-12-20T08:35:18.723,BUY,4.3e-05,4745.0
83172335,2017-12-20T08:35:18.723,BUY,4.3e-05,93.25581395
83172336,2017-12-20T08:35:18.723,BUY,4.3e-05,6000.0
83172337,2017-12-20T08:35:18.723,BUY,4.3e-05,54.85151064
83172338,2017-12-20T08:35:18.723,BUY,4.3e-05,226.51137791
83172339,2017-12-20T08:35:18.723,BUY,4.3e-05,572.0
83172340,2017-12-20T08:35:18.723,BUY,4.3e-05,20000.0
83172341,2017-12-20T08:35:18.723,BUY,4.3e-05,53.0
83172342,2017-12-20T08:35:18.723,BUY,4.3e-05,46.55234651
83172343,2017-12-20T08:35:18.723,BUY,4.3e-05,4000.0
83172344,2017-12-20T08:35:18.723,BUY,4.3e-05,1541.39381413
83172350,2017-12-20T08:35:20.083,BUY,4.301e-05,39.68048142
83172358,2017-12-20T08:35:22.583,BUY,4.301e-05,34.59383397
83172359,2017-12-20T08:35:22.583,BUY,4.301e-05,50.0
83172360,2017-12-20T08:35:22.583,BUY,4.301e-05,50.19287063
83172361,2017-12-20T08:35:22.583,BUY,4.302e-05,92.16426717
83172362,2017-12-20T08:35:22.583,BUY,4.303e-05,23.4301781
83172363,2017-12-20T08:35:22.583,BUY,4.303e-05,116.53037383
83172364,2017-12-20T08:35:22.583,BUY,4.303e-05,81.95634733
83172365,2017-12-20T08:35:22.583,BUY,4.303e-05,163.13212897
83172368,2017-12-20T08:35:24.05,BUY,4.303e-05,232.55813953
83172382,2017-12-20T08:35:28.097,BUY,4.303e-05,145.27150592
83172383,2017-12-20T08:35:28.097,BUY,4.304e-05,50.0
83172384,2017-12-20T08:35:28.097,BUY,4.304e-05,37.28663361
83172393,2017-12-20T08:35:32.393,BUY,4.304e-05,56.49114417
83172394,2017-12-20T08:35:32.393,BUY,4.304e-05,56.66713848
83172395,2017-12-20T08:35:32.393,BUY,4.304e-05,50.0
83172396,2017-12-20T08:35:32.393,BUY,4.305e-05,69.39985688
83172401,2017-12-20T08:35:35.19,BUY,4.305e-05,1738.31556098
83172403,2017-12-20T08:35:36.783,BUY,4.305e-05,71.26104793
83172404,2017-12-20T08:35:36.783,BUY,4.305e-05,21.35400418
83172405,2017-12-20T08:35:36.783,BUY,4.305e-05,78.73436586
83172406,2017-12-20T08:35:36.783,BUY,4.305e-05,29.41715464
83172407,2017-12-20T08:35:36.783,BUY,4.305e-05,23.57378595
83172408,2017-12-20T08:35:36.783,BUY,4.305e-05,8.00164887
83172410,2017-12-20T08:35:37.49,SELL,4.304e-05,28.18146085
83172413,2017-12-20T08:35:38.177,SELL,4.301e-05,57.917074
83172414,2017-12-20T08:35:38.177,SELL,4.301e-05,1147.589526
83172426,2017-12-20T08:35:43.427,BUY,4.304e-05,105.71552142
83172427,2017-12-20T08:35:43.427,BUY,4.305e-05,106.02806811
83172428,2017-12-20T08:35:43.427,BUY,4.305e-05,20.5984179
83172431,2017-12-20T08:35:44.237,BUY,4.305e-05,232.34200743
83172433,2017-12-20T08:35:44.457,BUY,4.305e-05,232.34200743
83172435,2017-12-20T08:35:44.473,BUY,4.305e-05,23.22157667
83172436,2017-12-20T08:35:44.473,BUY,4.306e-05,82.41617543
83172437,2017-12-20T08:35:44.473,BUY,4.307e-05,57.23267327
83172438,2017-12-20T08:35:44.473,BUY,4.307e-05,13.97330853
83172439,2017-12-20T08:35:44.473,BUY,4.308e-05,55.49827353
83172444,2017-12-20T08:35:47.363,BUY,4.308e-05,46.41086351
83172447,2017-12-20T08:35:49.067,BUY,4.307e-05,110.27738442
83172448,2017-12-20T08:35:49.067,BUY,4.308e-05,5.5640081
83172449,2017-12-20T08:35:49.067,BUY,4.308e-05,116.50061491
83172453,2017-12-20T08:35:49.427,BUY,4.308e-05,45.90051637
83172454,2017-12-20T08:35:49.427,BUY,4.308e-05,186.44149106
83172455,2017-12-20T08:35:49.427,BUY,4.308e-05,232.34200743
83172458,2017-12-20T08:35:50.88,BUY,4.308e-05,1009.03098886
83172463,2017-12-20T08:35:53.13,BUY,4.308e-05,94.86183322
83172467,2017-12-20T08:35:53.8,BUY,4.308e-05,13004.58195107
83172468,2017-12-20T08:35:53.817,BUY,4.308e-05,1362.06926122
83172469,2017-12-20T08:35:53.817,BUY,4.309e-05,1077.023681
83172470,2017-12-20T08:35:53.817,BUY,4.309e-05,76.73076923
83172484,2017-12-20T08:35:59.16,BUY,4.31e-05,232.34200743
83172488,2017-12-20T08:35:59.723,BUY,4.31e-05,122.3842239
83172493,2017-12-20T08:36:01.88,BUY,4.31e-05,81.35690638
83172494,2017-12-20T08:36:01.893,BUY,4.31e-05,926.50448573
83172497,2017-12-20T08:36:02.427,BUY,4.31e-05,232.34200743
83172500,2017-12-20T08:36:02.987,BUY,4.31e-05,20.39878985
83172501,2017-12-20T08:36:02.987,BUY,4.31e-05,235.8490566
83172502,2017-12-20T08:36:02.987,BUY,4.31e-05,471.6981132
83172503,2017-12-20T08:36:02.987,BUY,4.31e-05,235.8490566
83172504,2017-12-20T08:36:02.987,BUY,4.31e-05,112.06659338
83172509,2017-12-20T08:36:04.457,BUY,4.31e-05,5.85793492
83172510,2017-12-20T08:36:04.457,BUY,4.31e-05,226.48407251
83172514,2017-12-20T08:36:05.05,BUY,4.31e-05,55.0
83172518,2017-12-20T08:36:07.393,BUY,4.31e-05,232.34200743
83172526,2017-12-20T08:36:09.97,BUY,4.31e-05,232.01856148
83172533,2017-12-20T08:36:12.173,BUY,4.31e-05,433.40064159
83172534,2017-12-20T08:36:12.173,BUY,4.31e-05,117.9245283
83172535,2017-12-20T08:36:12.173,BUY,4.31e-05,23.58490566
83172536,2017-12-20T08:36:12.173,BUY,4.31e-05,155.36638617
83172539,2017-12-20T08:36:12.457,BUY,4.31e-05,1023.87889684
83172540,2017-12-20T08:36:12.457,BUY,4.31e-05,1179.24528301
83172541,2017-12-20T08:36:12.457,BUY,4.31e-05,235.8490566
83172542,2017-12-20T08:36:12.457,BUY,4.31e-05,1179.24528301
83172543,2017-12-20T08:36:12.457,BUY,4.31e-05,2358.49056603
83172544,2017-12-20T08:36:12.457,BUY,4.31e-05,20.0
83172545,2017-12-20T08:36:12.457,BUY,4.31e-05,4523.1487898
83172547,2017-12-20T08:36:12.97,BUY,4.31e-05,490.0
83172548,2017-12-20T08:36:13.38,SELL,4.309e-05,5497.39532695
83172551,2017-12-20T08:36:16.113,SELL,4.309e-05,212.75565359
83172553,2017-12-20T08:36:17.347,SELL,4.309e-05,25.0
83172556,2017-12-20T08:36:18.22,SELL,4.309e-05,1229.56899928
83172560,2017-12-20T08:36:22.44,BUY,4.31e-05,232.01856148
83172563,2017-12-20T08:36:24.097,BUY,4.31e-05,232.01856148
83172564,2017-12-20T08:36:24.347,SELL,4.309e-05,21.59241946
83172566,2017-12-20T08:36:26.643,BUY,4.31e-05,301.388029
83172569,2017-12-20T08:36:29.457,BUY,4.31e-05,232.01856148
83172573,2017-12-20T08:36:32.47,BUY,4.31e-05,2227.34019954
83172575,2017-12-20T08:36:32.567,BUY,4.31e-05,1105.09877436
83172577,2017-12-20T08:36:32.923,BUY,4.31e-05,50.151003
83172579,2017-12-20T08:36:34.08,BUY,4.31e-05,232.01856148
83172586,2017-12-20T08:36:36.69,SELL,4.309e-05,8020.41573807
83172587,2017-12-20T08:36:36.923,SELL,4.309e-05,2000.0
83172589,2017-12-20T08:36:37.52,BUY,4.31e-05,232.01856148
83172590,2017-12-20T08:36:39.893,SELL,4.309e-05,1671.59918012
83172592,2017-12-20T08:36:40.47,BUY,4.31e-05,232.01856148
83172597,2017-12-20T08:36:41.127,BUY,4.31e-05,4826.56969142
83172603,2017-12-20T08:36:45.36,BUY,4.31e-05,232.01856148
83172609,2017-12-20T08:36:48.3,BUY,4.31e-05,70.75491995
83172612,2017-12-20T08:36:48.66,BUY,4.31e-05,232.01856148
83172623,2017-12-20T08:36:52.16,BUY,4.31e-05,1421.65366357
83172625,2017-12-20T08:36:52.517,BUY,4.31e-05,1085.00026036
83172626,2017-12-20T08:36:53.783,SELL,4.309e-05,7323.910133
83172627,2017-12-20T08:36:56.643,SELL,4.309e-05,1733.0666
83172629,2017-12-20T08:36:56.83,BUY,4.31e-05,923.90278364
83172631,2017-12-20T08:36:57.08,BUY,4.31e-05,232.01856148
83172635,2017-12-20T08:36:59.533,BUY,4.31e-05,232.01856148
83172636,2017-12-20T08:36:59.61,SELL,4.309e-05,3853.09183246
83172638,2017-12-20T08:36:59.957,BUY,4.31e-05,232.01856148
83172640,2017-12-20T08:37:00.83,SELL,4.309e-05,6583.25729729
83172642,2017-12-20T08:37:02.987,SELL,4.309e-05,8202.43528363
83172644,2017-12-20T08:37:04.16,SELL,4.309e-05,8202.43528363
83172645,2017-12-20T08:37:04.423,SELL,4.309e-05,4654.42
83172647,2017-12-20T08:37:04.47,BUY,4.31e-05,232.01856148
83172649,2017-12-20T08:37:04.673,BUY,4.31e-05,232.01856148
83172651,2017-12-20T08:37:06.05,SELL,4.309e-05,1199.93810024
83172653,2017-12-20T08:37:06.237,BUY,4.31e-05,747.99632019
83172655,2017-12-20T08:37:06.33,BUY,4.31e-05,232.01856148
83172657,2017-12-20T08:37:07.44,BUY,4.31e-05,232.01856148
83172662,2017-12-20T08:37:08.643,SELL,4.309e-05,5335.04910019
83172664,2017-12-20T08:37:08.957,BUY,4.31e-05,2501.48843287
83172666,2017-12-20T08:37:09.86,SELL,4.309e-05,200.0
83172668,2017-12-20T08:37:10.83,BUY,4.31e-05,232.01856148
83172675,2017-12-20T08:37:13.347,BUY,4.31e-05,232.01856148
83172677,2017-12-20T08:37:14.5,BUY,4.31e-05,232.01856148
83172679,2017-12-20T08:37:16.41,SELL,4.309e-05,260.8135
83172681,2017-12-20T08:37:17.173,SELL,4.309e-05,2941.81
83172685,2017-12-20T08:37:18.767,SELL,4.309e-05,17.55883429
83172689,2017-12-20T08:37:19.923,BUY,4.31e-05,232.01856148
83172694,2017-12-20T08:37:23.533,BUY,4.31e-05,232.01856148
83172696,2017-12-20T08:37:24.05,BUY,4.31e-05,1305.05841125
83172698,2017-12-20T08:37:24.25,BUY,4.31e-05,232.01856148
83172700,2017-12-20T08:37:24.783,BUY,4.31e-05,16478.17694896
83172706,2017-12-20T08:37:28.75,BUY,4.31e-05,492.39950901
83172707,2017-12-20T08:37:28.893,SELL,4.309e-05,47.13646005
83172708,2017-12-20T08:37:29.33,SELL,4.309e-05,453.04859216
83172710,2017-12-20T08:37:29.5,BUY,4.31e-05,232.01856148
83172711,2017-12-20T08:37:30.407,SELL,4.309e-05,198.8538693
83172712,2017-12-20T08:37:31.877,SELL,4.309e-05,959.11412052
83172713,2017-12-20T08:37:32,SELL,4.309e-05,4654.42
83172715,2017-12-20T08:37:32.847,BUY,4.31e-05,232.01856148
83172716,2017-12-20T08:37:32.86,SELL,4.309e-05,2913.36972072
83172717,2017-12-20T08:37:32.86,SELL,4.309e-05,949.11812485
83172718,2017-12-20T08:37:32.86,SELL,4.309e-05,1393.13989035
83172719,2017-12-20T08:37:32.86,SELL,4.309e-05,771.00453411
83172720,2017-12-20T08:37:32.86,SELL,4.309e-05,1435.00214585
83172723,2017-12-20T08:37:34.11,BUY,4.31e-05,232.01856148
83172725,2017-12-20T08:37:36.55,SELL,4.309e-05,232.01856148
83172726,2017-12-20T08:37:36.83,SELL,4.309e-05,1103.59504102
83172727,2017-12-20T08:37:37.25,SELL,4.309e-05,1889.69808515
83172728,2017-12-20T08:37:37.627,SELL,4.309e-05,51.85493736
83172731,2017-12-20T08:37:38.5,SELL,4.309e-05,1786.9434
83172733,2017-12-20T08:37:39.58,BUY,4.31e-05,232.01856148
83172737,2017-12-20T08:37:40.72,BUY,4.31e-05,19.67220175
83172738,2017-12-20T08:37:40.783,SELL,4.309e-05,302.35188054
83172739,2017-12-20T08:37:40.783,SELL,4.309e-05,1063.64397662
83172740,2017-12-20T08:37:40.783,SELL,4.309e-05,289.14393061
83172741,2017-12-20T08:37:40.783,SELL,4.309e-05,3287.18960316
83172742,2017-12-20T08:37:40.783,SELL,4.309e-05,3053.17985121
83172744,2017-12-20T08:37:41.94,SELL,4.309e-05,485.5417965
83172745,2017-12-20T08:37:41.94,SELL,4.309e-05,3500.0
83172746,2017-12-20T08:37:41.94,SELL,4.309e-05,140.10766013
83172747,2017-12-20T08:37:41.94,SELL,4.309e-05,125.0
83172748,2017-12-20T08:37:41.94,SELL,4.309e-05,1171.70248411
83172750,2017-12-20T08:37:42.237,BUY,4.31e-05,20.55498458
83172751,2017-12-20T08:37:42.347,SELL,4.309e-05,1143.21977163
83172752,2017-12-20T08:37:42.347,SELL,4.309e-05,33.73790845
83172753,2017-12-20T08:37:42.347,SELL,4.309e-05,435.08315618
83172754,2017-12-20T08:37:42.347,SELL,4.309e-05,8032.15070862
83172761,2017-12-20T08:37:44.407,BUY,4.31e-05,2314.38515081
83172764,2017-12-20T08:37:44.517,BUY,4.31e-05,232.01856148
83172770,2017-12-20T08:37:47.47,BUY,4.31e-05,232.01856148
83172772,2017-12-20T08:37:47.673,BUY,4.31e-05,182.01482019
83172774,2017-12-20T08:37:48.237,BUY,4.31e-05,232.01856148
83172778,2017-12-20T08:37:48.673,BUY,4.31e-05,2132.4277974
83172781,2017-12-20T08:37:49.58,BUY,4.31e-05,232.01856148
83172784,2017-12-20T08:37:50.08,BUY,4.31e-05,98.23436943
83172786,2017-12-20T08:37:50.3,SELL,4.309e-05,256.4839
83172787,2017-12-20T08:37:50.313,SELL,4.309e-05,107.0
83172788,2017-12-20T08:37:50.39,SELL,4.309e-05,6.09954838
83172789,2017-12-20T08:37:50.39,SELL,4.308e-05,500.0
83172790,2017-12-20T08:37:50.39,SELL,4.308e-05,560.80961731
83172795,2017-12-20T08:37:54.127,BUY,4.31e-05,232.01856148
83172800,2017-12-20T08:37:57.58,SELL,4.308e-05,747.15481588
83172801,2017-12-20T08:37:57.69,SELL,4.308e-05,372.30639797
83172804,2017-12-20T08:37:59.157,BUY,4.309e-05,232.01856148
83172806,2017-12-20T08:37:59.517,BUY,4.309e-05,232.01856148
83172808,2017-12-20T08:37:59.877,BUY,4.309e-05,1180.99707457
83172809,2017-12-20T08:37:59.877,BUY,4.31e-05,4819.00292543
83172810,2017-12-20T08:38:01.563,SELL,4.308e-05,100.0
83172812,2017-12-20T08:38:02.627,SELL,4.309e-05,180.0
83172813,2017-12-20T08:38:02.703,SELL,4.309e-05,176.18029534
83172814,2017-12-20T08:38:02.703,SELL,4.308e-05,1250.73045037
83172817,2017-12-20T08:38:03.953,BUY,4.31e-05,64.72236327
83172819,2017-12-20T08:38:04.11,BUY,4.31e-05,2006.001003
83172820,2017-12-20T08:38:04.343,SELL,4.308e-05,1891.96826397
83172822,2017-12-20T08:38:04.47,BUY,4.31e-05,119.48499362
83172824,2017-12-20T08:38:05.517,SELL,4.308e-05,7534.9375904
83172826,2017-12-20T08:38:06.407,BUY,4.309e-05,60.0
83172827,2017-12-20T08:38:06.407,BUY,4.31e-05,1466.27893342
83172831,2017-12-20T08:38:07.627,SELL,4.308e-05,4654.42
83172833,2017-12-20T08:38:07.767,BUY,4.31e-05,232.01856148
83172836,2017-12-20T08:38:08.313,BUY,4.31e-05,10000.0
83172838,2017-12-20T08:38:08.423,BUY,4.31e-05,31014.5173143
83172839,2017-12-20T08:38:08.423,BUY,4.31e-05,15219.9833375
83172843,2017-12-20T08:38:10.093,BUY,4.31e-05,232.01856148
83172846,2017-12-20T08:38:10.423,BUY,4.31e-05,232.01856148
83172850,2017-12-20T08:38:11.517,SELL,4.309e-05,1444.7454
83172857,2017-12-20T08:38:14.89,BUY,4.31e-05,443.98137283
83172859,2017-12-20T08:38:15.627,BUY,4.31e-05,232.01856148
83172862,2017-12-20T08:38:18.69,SELL,4.309e-05,404.13776073
83172864,2017-12-20T08:38:18.737,BUY,4.31e-05,183.028058
83172866,2017-12-20T08:38:19.25,BUY,4.31e-05,9145.0
83172868,2017-12-20T08:38:19.64,BUY,4.31e-05,798.30596172
83172871,2017-12-20T08:38:21.593,SELL,4.309e-05,1200.31588081
83172874,2017-12-20T08:38:22.47,BUY,4.31e-05,232.01856148
83172880,2017-12-20T08:38:24.657,SELL,4.309e-05,2399.38161755
83172881,2017-12-20T08:38:24.657,SELL,4.309e-05,15.28425397
83172882,2017-12-20T08:38:24.657,SELL,4.309e-05,114.35352848
83172887,2017-12-20T08:38:25.657,BUY,4.31e-05,2739.85407947
83172891,2017-12-20T08:38:26.407,SELL,4.309e-05,200.0
83172892,2017-12-20T08:38:26.407,SELL,4.309e-05,6556.53069692
83172893,2017-12-20T08:38:26.407,SELL,4.309e-05,982.00009375
83172894,2017-12-20T08:38:26.407,SELL,4.309e-05,99.99994212
83172897,2017-12-20T08:38:27.03,BUY,4.309e-05,162.08359944
83172898,2017-12-20T08:38:27.03,BUY,4.31e-05,2602.36521959
83172900,2017-12-20T08:38:28.187,BUY,4.31e-05,232.01856148
83172906,2017-12-20T08:38:32.08,SELL,4.309e-05,232.01856148
83172908,2017-12-20T08:38:32.343,BUY,4.31e-05,4628.56
83172910,2017-12-20T08:38:33.64,BUY,4.31e-05,35067.2092413
83172914,2017-12-20T08:38:34.797,BUY,4.31e-05,1640.33333344
83172915,2017-12-20T08:38:34.877,SELL,4.309e-05,15.63172459
83172916,2017-12-20T08:38:36.483,SELL,4.309e-05,58.8512241
83172918,2017-12-20T08:38:36.483,BUY,4.31e-05,11734.38082811
83172920,2017-12-20T08:38:36.517,BUY,4.31e-05,4790.77726218
83172922,2017-12-20T08:38:37.03,BUY,4.31e-05,460.26504552
83172924,2017-12-20T08:38:37.157,BUY,4.31e-05,200.22858295
83172930,2017-12-20T08:38:40.47,BUY,4.31e-05,192.76305626
83172934,2017-12-20T08:38:42.83,BUY,4.31e-05,650.0
83172936,2017-12-20T08:38:43.36,BUY,4.31e-05,8342.87181373
83172937,2017-12-20T08:38:43.36,BUY,4.31e-05,5743.9013406
83172938,2017-12-20T08:38:43.377,BUY,4.31e-05,14.23193333
83172939,2017-12-20T08:38:43.377,BUY,4.31e-05,19.09170231
83172940,2017-12-20T08:38:43.377,BUY,4.31e-05,42.81937631
83172941,2017-12-20T08:38:43.377,BUY,4.31e-05,665.93074205
83172942,2017-12-20T08:38:43.377,BUY,4.31e-05,406.745163
83172943,2017-12-20T08:38:43.377,BUY,4.31e-05,604.24769663
83172944,2017-12-20T08:38:43.377,BUY,4.31e-05,50.0
83172945,2017-12-20T08:38:43.377,BUY,4.31e-05,714.79628306
83172946,2017-12-20T08:38:43.377,BUY,4.31e-05,199.98
83172947,2017-12-20T08:38:43.377,BUY,4.31e-05,12000.0
83172948,2017-12-20T08:38:43.377,BUY,4.31e-05,90.0
83172949,2017-12-20T08:38:43.377,BUY,4.31e-05,449.0
83172950,2017-12-20T08:38:43.377,BUY,4.31e-05,69.35837288
83172951,2017-12-20T08:38:43.377,BUY,4.31e-05,1591.0
83172952,2017-12-20T08:38:43.377,BUY,4.31e-05,110.0
83172958,2017-12-20T08:38:46.61,SELL,4.31e-05,1499.98
83172965,2017-12-20T08:38:49.187,BUY,4.311e-05,70.27841048
83172966,2017-12-20T08:38:49.187,BUY,4.311e-05,102.83184173
83172967,2017-12-20T08:38:49.187,BUY,4.311e-05,58.96215438
83172968,2017-12-20T08:38:49.203,SELL,4.31e-05,300.0
83172970,2017-12-20T08:38:49.533,BUY,4.311e-05,41.03784562
83172971,2017-12-20T08:38:49.533,BUY,4.313e-05,89.51320155
83172972,2017-12-20T08:38:49.533,BUY,4.313e-05,50.22434087
83172973,2017-12-20T08:38:49.533,BUY,4.314e-05,51.29701855
83172978,2017-12-20T08:38:51.517,SELL,4.31e-05,56.97670019
83172985,2017-12-20T08:38:54.843,BUY,4.312e-05,257.9305392
83172986,2017-12-20T08:38:54.843,BUY,4.314e-05,948.70298145
83172987,2017-12-20T08:38:54.843,BUY,4.314e-05,300.0
83172988,2017-12-20T08:38:54.843,BUY,4.315e-05,800.0
83172989,2017-12-20T08:38:54.843,BUY,4.315e-05,67.13717647
83172990,2017-12-20T08:38:54.843,BUY,4.315e-05,100.0
83172991,2017-12-20T08:38:54.843,BUY,4.315e-05,117.45227507
83172995,2017-12-20T08:38:56.843,SELL,4.31e-05,1745.30838029
83172997,2017-12-20T08:38:57.733,BUY,4.315e-05,6.96313071
83172998,2017-12-20T08:38:57.733,BUY,4.315e-05,225.10927588
83173011,2017-12-20T08:39:03.36,BUY,4.315e-05,1207.55042539
83173012,2017-12-20T08:39:03.36,BUY,4.315e-05,322.71498549
83173013,2017-12-20T08:39:03.36,BUY,4.316e-05,48.03434486
83173014,2017-12-20T08:39:03.36,BUY,4.317e-05,70.3125
83173015,2017-12-20T08:39:03.36,BUY,4.318e-05,2973.53774426
83173019,2017-12-20T08:39:04.563,SELL,4.314e-05,30.9330984
83173020,2017-12-20T08:39:04.563,SELL,4.31e-05,872.82100302
83173024,2017-12-20T08:39:07.063,SELL,4.315e-05,20.0
83173030,2017-12-20T08:39:09.61,SELL,4.315e-05,280.52143685
83173031,2017-12-20T08:39:09.61,SELL,4.315e-05,695.15023696
83173032,2017-12-20T08:39:09.61,SELL,4.31e-05,598.78281592
83173034,2017-12-20T08:39:10.17,SELL,4.31e-05,4010.05163624
83173038,2017-12-20T08:39:11.093,BUY,4.318e-05,391.43396943
83173040,2017-12-20T08:39:11.25,SELL,4.311e-05,100.60362173
83173052,2017-12-20T08:39:13.89,BUY,4.318e-05,854.38865883
83173055,2017-12-20T08:39:14.563,SELL,4.315e-05,37.75566966
83173057,2017-12-20T08:39:14.983,BUY,4.318e-05,1092.84084831
83173059,2017-12-20T08:39:16.797,SELL,4.315e-05,77.8562914
83173060,2017-12-20T08:39:16.797,SELL,4.311e-05,7.39637827
83173061,2017-12-20T08:39:16.797,SELL,4.31e-05,512.05578051
83173065,2017-12-20T08:39:20.123,SELL,4.31e-05,387.0147
83173070,2017-12-20T08:39:21.53,BUY,4.318e-05,491.18900214
83173078,2017-12-20T08:39:23.873,SELL,4.315e-05,2101.18740035
83173079,2017-12-20T08:39:23.873,SELL,4.315e-05,56.28096118
83173080,2017-12-20T08:39:23.873,SELL,4.314e-05,1450.0
83173087,2017-12-20T08:39:28.623,BUY,4.315e-05,392.76944289
83173090,2017-12-20T08:39:30.763,BUY,4.315e-05,53.16917729
83173092,2017-12-20T08:39:30.827,BUY,4.315e-05,357.02177868
83173094,2017-12-20T08:39:32.953,SELL,4.311e-05,101.05333098
83173096,2017-12-20T08:39:34.187,SELL,4.311e-05,25.939175
83173098,2017-12-20T08:39:34.657,BUY,4.314e-05,650.28799155
83173100,2017-12-20T08:39:35.047,SELL,4.311e-05,56.53710247
83173102,2017-12-20T08:39:35.75,BUY,4.314e-05,549.79549738
83173103,2017-12-20T08:39:35.75,BUY,4.315e-05,997.03960114
83173104,2017-12-20T08:39:35.75,BUY,4.318e-05,3078.51490148
83173105,2017-12-20T08:39:37.343,SELL,4.311e-05,1066.70064981
83173106,2017-12-20T08:39:37.343,SELL,4.311e-05,86.01026044
83173110,2017-12-20T08:39:39.873,BUY,4.311e-05,125.80069113
83173112,2017-12-20T08:39:40.013,BUY,4.311e-05,68.68473556
83173115,2017-12-20T08:39:40.217,BUY,4.311e-05,5000.0
83173117,2017-12-20T08:39:40.233,BUY,4.311e-05,31.50373869
83173120,2017-12-20T08:39:40.547,BUY,4.311e-05,833.29564878
83173122,2017-12-20T08:39:41.013,BUY,4.315e-05,300.0
83173125,2017-12-20T08:39:42.827,SELL,4.315e-05,324.16476188
83173126,2017-12-20T08:39:42.827,SELL,4.311e-05,420.1943914
83173137,2017-12-20T08:39:46.657,SELL,4.314e-05,21.61099704
83173138,2017-12-20T08:39:46.657,SELL,4.311e-05,495.63262643
83173142,2017-12-20T08:39:47.8,SELL,4.311e-05,320.0
83173144,2017-12-20T08:39:48.983,SELL,4.311e-05,1856.72189653
83173148,2017-12-20T08:39:51.217,SELL,4.311e-05,184.3317972
83173150,2017-12-20T08:39:53.28,SELL,4.311e-05,781.82363966
83173151,2017-12-20T08:39:53.28,SELL,4.311e-05,110.72712558
83173152,2017-12-20T08:39:53.28,SELL,4.311e-05,200.0
83173154,2017-12-20T08:39:53.95,BUY,4.311e-05,282.88924148
83173155,2017-12-20T08:39:55.763,SELL,4.31e-05,1076.88256244
83173157,2017-12-20T08:39:56.78,BUY,4.311e-05,1872.05770746
83173158,2017-12-20T08:39:57.233,SELL,4.311e-05,7541.96285477
83173162,2017-12-20T08:40:00.123,SELL,4.311e-05,95.0
83173166,2017-12-20T08:40:01.45,SELL,4.311e-05,466.80154807
83173174,2017-12-20T08:40:05.873,BUY,4.311e-05,46.00983198
83173175,2017-12-20T08:40:07.187,SELL,4.31e-05,6420.84267758
83173177,2017-12-20T08:40:07.967,BUY,4.311e-05,40.0
83173178,2017-12-20T08:40:08.03,SELL,4.31e-05,1405.30931991
83173179,2017-12-20T08:40:08.03,SELL,4.31e-05,17.86469401
83173180,2017-12-20T08:40:08.78,SELL,4.31e-05,340.41707594
83173183,2017-12-20T08:40:09.343,SELL,4.31e-05,288.82780727
83173184,2017-12-20T08:40:09.343,SELL,4.31e-05,891.40488167
83173185,2017-12-20T08:40:09.343,SELL,4.31e-05,558.68239211
83173186,2017-12-20T08:40:09.343,SELL,4.31e-05,231.44430104
83173187,2017-12-20T08:40:09.343,SELL,4.31e-05,277.7262181
83173188,2017-12-20T08:40:09.343,SELL,4.31e-05,234.10954698
83173189,2017-12-20T08:40:09.343,SELL,4.31e-05,1369.84435032
83173192,2017-12-20T08:40:11.577,SELL,4.31e-05,630.15564968
83173193,2017-12-20T08:40:11.577,SELL,4.31e-05,104.98097332
83173194,2017-12-20T08:40:11.577,SELL,4.31e-05,247.95119026
83173195,2017-12-20T08:40:11.577,SELL,4.31e-05,496.7656363
83173196,2017-12-20T08:40:11.577,SELL,4.31e-05,50.0
83173197,2017-12-20T08:40:11.577,SELL,4.31e-05,942.38317848
83173198,2017-12-20T08:40:11.623,SELL,4.31e-05,491.67651526
83173200,2017-12-20T08:40:14.623,SELL,4.309e-05,354.54467978
83173201,2017-12-20T08:40:14.623,SELL,4.309e-05,1003.23568287
83173202,2017-12-20T08:40:14.623,SELL,4.309e-05,30.2237677
83173203,2017-12-20T08:40:14.64,SELL,4.309e-05,50.0
83173204,2017-12-20T08:40:14.64,SELL,4.308e-05,2750.90796159
83173205,2017-12-20T08:40:14.64,SELL,4.308e-05,200.0
83173206,2017-12-20T08:40:14.64,SELL,4.308e-05,321.25998837
83173207,2017-12-20T08:40:14.64,SELL,4.306e-05,2963.9131433
83173210,2017-12-20T08:40:16.263,BUY,4.31e-05,10.72287474
83173211,2017-12-20T08:40:16.263,BUY,4.31e-05,396.09585003
83173213,2017-12-20T08:40:16.403,BUY,4.31e-05,23.13848295
83173214,2017-12-20T08:40:16.92,SELL,4.306e-05,1281.546846
83173216,2017-12-20T08:40:17.95,SELL,4.306e-05,5259.712816
