9257771,2017-12-20T07:00:59.89,BUY,3.872e-05,1506.08493441
9257773,2017-12-20T07:01:00.873,BUY,3.872e-05,284.09090909
9257776,2017-12-20T07:01:34.297,SELL,3.856e-05,53.05254791
9257778,2017-12-20T07:01:54.643,SELL,3.86e-05,874.19529907
9257780,2017-12-20T07:01:57.517,BUY,3.872e-05,51.65289256
9257782,2017-12-20T07:02:06.86,BUY,3.872e-05,780.32677503
9257784,2017-12-20T07:02:19.707,SELL,3.86e-05,621.04092049
9257788,2017-12-20T07:02:49.91,BUY,3.86e-05,31.94416668
9257789,2017-12-20T07:02:54.787,SELL,3.856e-05,250.68266799
9257790,2017-12-20T07:02:54.787,SELL,3.856e-05,79.21515231
9257795,2017-12-20T07:03:45.493,SELL,3.856e-05,45.0
9257808,2017-12-20T07:04:10.26,SELL,3.856e-05,135.78484769
9257812,2017-12-20T07:04:30.073,BUY,3.856e-05,53.08767998
9257813,2017-12-20T07:04:30.073,BUY,3.856e-05,128.44758972
9257815,2017-12-20T07:04:38.06,SELL,3.853e-05,38.17679405
9257821,2017-12-20T07:04:58.903,SELL,3.826e-05,39.89361702
9257823,2017-12-20T07:05:03.623,BUY,3.853e-05,539.11745624
9257825,2017-12-20T07:05:09.327,BUY,3.856e-05,138.50382512
9257826,2017-12-20T07:05:09.327,BUY,3.864e-05,26.455026
9257827,2017-12-20T07:05:09.327,BUY,3.865e-05,264.25
9257828,2017-12-20T07:05:09.327,BUY,3.872e-05,150.81980745
9257829,2017-12-20T07:05:09.327,BUY,3.872e-05,16.22879456
9257830,2017-12-20T07:05:09.327,BUY,3.872e-05,68.09010324
9257831,2017-12-20T07:05:09.327,BUY,3.872e-05,4488.02847669
9257840,2017-12-20T07:05:30.157,BUY,3.872e-05,68.26530558
9257841,2017-12-20T07:05:30.157,BUY,3.872e-05,166.07628723
9257842,2017-12-20T07:05:30.17,BUY,3.872e-05,3459.41482193
9257861,2017-12-20T07:06:00,BUY,3.872e-05,1749.24428905
9257862,2017-12-20T07:06:00,BUY,3.872e-05,1575.13649452
9257867,2017-12-20T07:06:10.94,SELL,3.826e-05,11.92151098
9257880,2017-12-20T07:06:43.63,BUY,3.826e-05,158.9146446
9257885,2017-12-20T07:06:47.037,BUY,3.826e-05,256.61696442
9257939,2017-12-20T07:08:00.883,SELL,3.826e-05,16.0
9257940,2017-12-20T07:08:00.883,SELL,3.826e-05,84.0
9257998,2017-12-20T07:08:54.09,SELL,3.827e-05,88.98776418
9258040,2017-12-20T07:09:44.187,BUY,3.837e-05,618.94858182
9258047,2017-12-20T07:09:48.093,BUY,3.837e-05,0.00669142
9258067,2017-12-20T07:09:56.11,SELL,3.837e-05,250.0
9258124,2017-12-20T07:11:01.1,BUY,3.876e-05,341.88182877
9258155,2017-12-20T07:12:07.323,BUY,3.875e-05,20.0
9258156,2017-12-20T07:12:17.79,SELL,3.827e-05,372.77818238
9258165,2017-12-20T07:12:35.683,SELL,3.827e-05,45.98953663
9258192,2017-12-20T07:13:19.373,SELL,3.827e-05,102.52833534
9258193,2017-12-20T07:13:19.373,SELL,3.827e-05,175.65550456
9258194,2017-12-20T07:13:19.373,SELL,3.827e-05,27.18966889
9258195,2017-12-20T07:13:19.373,SELL,3.827e-05,178.31935708
9258202,2017-12-20T07:13:36.703,BUY,3.86e-05,149.3501212
9258218,2017-12-20T07:14:06.61,BUY,3.859e-05,74.27338389
9258222,2017-12-20T07:14:40.83,BUY,3.859e-05,148.81775149
9258229,2017-12-20T07:14:56.193,BUY,3.859e-05,88.11399849
9258241,2017-12-20T07:15:18.867,SELL,3.827e-05,68.98776418
9258247,2017-12-20T07:15:48.307,SELL,3.827e-05,119.95755461
9258251,2017-12-20T07:16:03.633,BUY,3.827e-05,75.7773713
9258253,2017-12-20T07:16:11.98,BUY,3.827e-05,26.947786
9258258,2017-12-20T07:16:30.59,BUY,3.827e-05,52.26025607
9258260,2017-12-20T07:16:32.713,BUY,3.827e-05,24.34120074
9258278,2017-12-20T07:17:03.06,BUY,3.827e-05,25.03421779
9258292,2017-12-20T07:17:24.077,BUY,3.827e-05,47.33828588
9258293,2017-12-20T07:17:24.077,BUY,3.827e-05,155.0
9258307,2017-12-20T07:18:31.27,BUY,3.85e-05,104.52126695
9258308,2017-12-20T07:18:31.44,SELL,3.827e-05,297.66171412
9258309,2017-12-20T07:18:31.44,SELL,3.827e-05,2502.6380977
9258310,2017-12-20T07:18:31.44,SELL,3.826e-05,660.57309418
9258311,2017-12-20T07:18:31.44,SELL,3.826e-05,26.07161526
9258312,2017-12-20T07:18:31.44,SELL,3.826e-05,526.67729526
9258313,2017-12-20T07:18:31.44,SELL,3.817e-05,471.48818981
9258314,2017-12-20T07:18:31.44,SELL,3.792e-05,261.81265995
9258315,2017-12-20T07:18:31.44,SELL,3.792e-05,1054.85232067
9258316,2017-12-20T07:18:31.44,SELL,3.772e-05,260.0
9258317,2017-12-20T07:18:31.44,SELL,3.761e-05,331.52959133
9258318,2017-12-20T07:18:31.44,SELL,3.761e-05,278.12299002
9258324,2017-12-20T07:18:33.77,BUY,3.85e-05,5.62463004
9258325,2017-12-20T07:18:33.77,BUY,3.859e-05,98.89598365
9258353,2017-12-20T07:19:25.49,SELL,3.764e-05,39.8512221
9258354,2017-12-20T07:19:25.49,SELL,3.763e-05,230.09614391
9258400,2017-12-20T07:20:44.323,SELL,3.772e-05,158.8724474
9258401,2017-12-20T07:20:44.323,SELL,3.771e-05,398.37924642
9258406,2017-12-20T07:20:45.98,BUY,3.85e-05,202.10928558
9258411,2017-12-20T07:20:52.747,BUY,3.851e-05,183.19872709
9258423,2017-12-20T07:20:58.37,BUY,3.849e-05,158.8724474
9258424,2017-12-20T07:20:58.37,BUY,3.85e-05,24.16619075
9258429,2017-12-20T07:21:06.183,BUY,3.85e-05,1937.01313574
9258430,2017-12-20T07:21:06.183,BUY,3.85e-05,33.26656902
9258449,2017-12-20T07:21:21.92,BUY,3.85e-05,5000.0
9258454,2017-12-20T07:21:24.497,BUY,3.85e-05,415.95854519
9258456,2017-12-20T07:21:24.717,BUY,3.85e-05,259.02363023
9258474,2017-12-20T07:21:38.577,BUY,3.8e-05,142.2421
9258480,2017-12-20T07:21:45.067,BUY,3.8e-05,539.05882866
9258522,2017-12-20T07:22:23.973,BUY,3.858e-05,99.5818306
9258527,2017-12-20T07:22:35.397,SELL,3.858e-05,189.57827737
9258528,2017-12-20T07:22:36.223,SELL,3.858e-05,39.8512221
9258531,2017-12-20T07:22:45.053,BUY,3.859e-05,2446.08675294
9258532,2017-12-20T07:22:45.053,BUY,3.86e-05,50.0
9258533,2017-12-20T07:22:45.053,BUY,3.86e-05,2494.4026191
9258534,2017-12-20T07:22:45.053,BUY,3.876e-05,31.9919943
9258535,2017-12-20T07:22:45.053,BUY,3.876e-05,1335.36983276
9258536,2017-12-20T07:22:45.053,BUY,3.877e-05,752.13264817
9258538,2017-12-20T07:22:45.68,BUY,3.877e-05,95.84847274
9258543,2017-12-20T07:22:55.4,SELL,3.858e-05,29.12415527
9258551,2017-12-20T07:23:07.15,BUY,3.858e-05,182.80581594
9258576,2017-12-20T07:23:40,BUY,3.878e-05,132.69868135
9258583,2017-12-20T07:23:54.847,BUY,3.878e-05,67.30131865
9258584,2017-12-20T07:23:54.847,BUY,3.878e-05,127.70042356
9258591,2017-12-20T07:24:07.49,SELL,3.812e-05,125.0
9258603,2017-12-20T07:24:40.853,BUY,3.877e-05,198.4984504
9258648,2017-12-20T07:26:22.45,SELL,3.815e-05,164.45304127
9258651,2017-12-20T07:26:22.59,BUY,3.876e-05,123.54959692
9258652,2017-12-20T07:26:22.59,BUY,3.877e-05,15.86954489
9258653,2017-12-20T07:26:22.59,BUY,3.878e-05,53.05379245
9258674,2017-12-20T07:26:54.143,SELL,3.876e-05,100.0
9258699,2017-12-20T07:27:29.98,BUY,3.876e-05,33.47570742
9258700,2017-12-20T07:27:29.98,BUY,3.876e-05,50.0
9258708,2017-12-20T07:27:40.513,BUY,3.878e-05,25.72218242
