57263754,2017-12-25T23:58:07.547,BUY,0.0017115,1.7
57263755,2017-12-25T23:58:07.547,BUY,0.0017115,1.76809453
57263757,2017-12-25T23:58:08.06,SELL,0.0017115,66.20658071
57263760,2017-12-25T23:58:08.89,SELL,0.0017115,4.76190476
57263763,2017-12-25T23:58:09.92,SELL,0.0017115,1.0
57263764,2017-12-25T23:58:09.937,SELL,0.0017115,2.05839
57263765,2017-12-25T23:58:10,SELL,0.0017115,5.50766871
57263784,2017-12-25T23:58:15.97,SELL,0.0017115,0.58967131
57263785,2017-12-25T23:58:16.063,SELL,0.0017115,0.59920784
57263787,2017-12-25T23:58:16.233,SELL,0.0017115,0.59920784
57263788,2017-12-25T23:58:16.47,SELL,0.0017115,0.59920784
57263789,2017-12-25T23:58:16.487,SELL,0.0017115,0.59920784
57263790,2017-12-25T23:58:16.5,SELL,0.0017115,0.59921143
57263791,2017-12-25T23:58:16.61,SELL,0.0017115,0.59920784
57263792,2017-12-25T23:58:17.017,SELL,0.0017115,0.59920784
57263800,2017-12-25T23:58:18.83,SELL,0.0017115,0.5
57263806,2017-12-25T23:58:20.453,BUY,0.00171152,1.20361884
57263811,2017-12-25T23:58:21.127,SELL,0.0017115,0.58967131
57263828,2017-12-25T23:58:25.16,BUY,0.00171151,6.90357892
57263829,2017-12-25T23:58:25.16,BUY,0.00171152,29.72277789
57263830,2017-12-25T23:58:25.16,BUY,0.0017116,4.43245584
57263831,2017-12-25T23:58:25.16,BUY,0.00171163,3.40367604
57263832,2017-12-25T23:58:25.16,BUY,0.00171165,5.95332032
57263833,2017-12-25T23:58:25.16,BUY,0.0017117,8.00419099
57263835,2017-12-25T23:58:25.487,SELL,0.0017115,1.68960407
57263849,2017-12-25T23:58:28.863,BUY,0.0017116,2.2668673
57263857,2017-12-25T23:58:30.893,BUY,0.0017116,7.7331327
57263872,2017-12-25T23:58:34.223,SELL,0.0017116,26.41347087
57263878,2017-12-25T23:58:36.02,SELL,0.0017115,29.8204807
57263889,2017-12-25T23:58:38.207,SELL,0.0017115,6.13093453
57263902,2017-12-25T23:58:42.067,SELL,0.0017115,4.21756834
57263911,2017-12-25T23:58:46.583,BUY,0.0017116,42.13076803
57263912,2017-12-25T23:58:46.583,BUY,0.0017116,0.61818833
57263913,2017-12-25T23:58:46.583,BUY,0.0017117,15.67104364
57263916,2017-12-25T23:58:47.083,BUY,0.0017117,0.52378377
57263917,2017-12-25T23:58:47.083,BUY,0.0017117,9.27527338
57263918,2017-12-25T23:58:47.083,BUY,0.00171188,1.28094285
57263924,2017-12-25T23:58:48.177,BUY,0.00171188,2.15
57263935,2017-12-25T23:58:50.443,BUY,0.00171188,2.38
57263950,2017-12-25T23:58:53.723,BUY,0.00171188,1.78725791
57263952,2017-12-25T23:58:53.74,BUY,0.00171188,1.4744549
57263953,2017-12-25T23:58:53.74,BUY,0.00171194,4.77501336
57263954,2017-12-25T23:58:53.74,BUY,0.00171198,12.22471617
57263955,2017-12-25T23:58:53.74,BUY,0.001712,3.00574959
57263956,2017-12-25T23:58:53.74,BUY,0.001712,1.75090415
57263958,2017-12-25T23:58:53.913,BUY,0.001712,20.06792958
57263959,2017-12-25T23:58:54.163,SELL,0.001712,2.02250179
57263961,2017-12-25T23:58:54.397,BUY,0.0017121,0.79
57263970,2017-12-25T23:58:55.803,BUY,0.0017121,19.21
57263979,2017-12-25T23:58:58.24,SELL,0.0017121,7.0
57264008,2017-12-25T23:59:01.82,BUY,0.00171249,0.76903662
57264009,2017-12-25T23:59:01.82,BUY,0.0017127,1.95514718
57264010,2017-12-25T23:59:01.82,BUY,0.00171298,0.59253992
57264011,2017-12-25T23:59:01.82,BUY,0.00171299,0.59253641
57264012,2017-12-25T23:59:01.82,BUY,0.001713,7.734492
57264013,2017-12-25T23:59:01.82,BUY,0.00171359,8.8410555
57264014,2017-12-25T23:59:01.82,BUY,0.00171363,4.91984836
57264015,2017-12-25T23:59:01.82,BUY,0.0017138,2.99043062
57264016,2017-12-25T23:59:01.82,BUY,0.00171396,4.55614672
57264017,2017-12-25T23:59:01.82,BUY,0.001714,2.34232223
57264054,2017-12-25T23:59:07.257,BUY,0.00171436,12.14459187
57264055,2017-12-25T23:59:07.257,BUY,0.00171452,4.90994812
57264056,2017-12-25T23:59:07.257,BUY,0.00171456,2.5021197
57264065,2017-12-25T23:59:08.117,BUY,0.00171456,421.85799149
57264070,2017-12-25T23:59:08.29,BUY,0.00171456,75.63988881
57264079,2017-12-25T23:59:09.1,BUY,0.00171459,1.5962166
57264080,2017-12-25T23:59:09.1,BUY,0.00171469,17.34977551
57264081,2017-12-25T23:59:09.1,BUY,0.0017149,1.84533719
57264082,2017-12-25T23:59:09.1,BUY,0.001715,0.72949911
57264083,2017-12-25T23:59:09.1,BUY,0.001715,0.58918383
57264084,2017-12-25T23:59:09.1,BUY,0.001715,141.58678622
57264086,2017-12-25T23:59:09.29,BUY,0.001715,8.41321378
57264087,2017-12-25T23:59:09.29,BUY,0.001715,41.52349112
57264091,2017-12-25T23:59:09.587,BUY,0.001715,3.72293055
57264102,2017-12-25T23:59:11.557,BUY,0.001715,57.0263056
57264103,2017-12-25T23:59:11.557,BUY,0.00171507,144.93661986
57264107,2017-12-25T23:59:12.29,BUY,0.00171507,119.21404913
57264109,2017-12-25T23:59:12.337,BUY,0.00171507,48.80187461
57264116,2017-12-25T23:59:13.913,SELL,0.00171457,5.99179124
57264123,2017-12-25T23:59:16.307,SELL,0.00171457,6.1527074
57264124,2017-12-25T23:59:16.307,SELL,0.00171456,5.89438883
57264125,2017-12-25T23:59:16.37,SELL,0.00171456,24.90378779
57264127,2017-12-25T23:59:16.587,BUY,0.00171456,10.0
57264131,2017-12-25T23:59:17.76,SELL,0.001714,1.00667365
57264135,2017-12-25T23:59:19.697,SELL,0.00171457,20.50197415
57264143,2017-12-25T23:59:23.12,SELL,0.001714,201.96292546
57264150,2017-12-25T23:59:26.307,BUY,0.0017151,0.59139753
57264151,2017-12-25T23:59:26.307,BUY,0.00171512,1.23608628
57264152,2017-12-25T23:59:26.51,SELL,0.00171515,37.11706212
57264153,2017-12-25T23:59:27.103,SELL,0.00171515,363.05545407
57264154,2017-12-25T23:59:27.103,SELL,0.001714,58.80253742
57264155,2017-12-25T23:59:27.153,SELL,0.001714,165.52554464
57264159,2017-12-25T23:59:29.323,SELL,0.0017151,3.55029585
57264164,2017-12-25T23:59:30.747,SELL,0.0017151,3.84970415
57264165,2017-12-25T23:59:30.747,SELL,0.0017151,15.30413525
57264166,2017-12-25T23:59:30.963,SELL,0.0017151,95.57702579
57264167,2017-12-25T23:59:30.963,SELL,0.001714,14.42297421
57264171,2017-12-25T23:59:33.01,SELL,0.001714,44.47344111
57264172,2017-12-25T23:59:33.09,SELL,0.001714,147.1021
57264180,2017-12-25T23:59:36.84,BUY,0.0017151,12.66348581
57264193,2017-12-25T23:59:47.263,SELL,0.00171507,62.976403
57264194,2017-12-25T23:59:48.78,SELL,0.00171507,11.9047619
57264199,2017-12-25T23:59:49.81,SELL,0.0017151,16.86496302
57264201,2017-12-25T23:59:51.06,SELL,0.0017151,6.02368927
57264209,2017-12-25T23:59:54.577,BUY,0.00171515,1.4172754
57264227,2017-12-26T00:00:05.017,BUY,0.0017152,12.66348581
57264228,2017-12-26T00:00:05.017,BUY,0.0017152,3.09252462
57264229,2017-12-26T00:00:05.017,BUY,0.00171526,2.81277493
57264230,2017-12-26T00:00:05.017,BUY,0.00171534,1.55524318
57264231,2017-12-26T00:00:05.017,BUY,0.00171535,9.22724222
57264232,2017-12-26T00:00:05.017,BUY,0.00171538,2.42397334
57264233,2017-12-26T00:00:05.017,BUY,0.00171548,3.63411097
57264234,2017-12-26T00:00:05.017,BUY,0.00171601,0.59135556
57264235,2017-12-26T00:00:05.017,BUY,0.00171602,1.18271112
57264236,2017-12-26T00:00:05.017,BUY,0.00171602,9.56296454
57264237,2017-12-26T00:00:05.017,BUY,0.00171603,1.18271112
57264238,2017-12-26T00:00:05.017,BUY,0.00171625,11.65978287
57264241,2017-12-26T00:00:06.017,SELL,0.00171625,25.0
57264263,2017-12-26T00:00:09.407,BUY,0.00171636,0.42052908
57264266,2017-12-26T00:00:09.797,SELL,0.00171626,1.30164589
57264267,2017-12-26T00:00:09.797,SELL,0.00171515,18.65635726
57264268,2017-12-26T00:00:09.797,SELL,0.00171515,0.71948513
57264277,2017-12-26T00:00:11.58,BUY,0.00171515,146.03646049
57264281,2017-12-26T00:00:13.11,BUY,0.00171515,44.80217817
57264284,2017-12-26T00:00:13.267,BUY,0.00171515,38.48387306
57264286,2017-12-26T00:00:13.657,SELL,0.00171515,27.06405535
57264291,2017-12-26T00:00:14.36,BUY,0.00171515,38.48387306
57264295,2017-12-26T00:00:15.19,BUY,0.00171515,166.13143501
57264300,2017-12-26T00:00:16.957,BUY,0.00171636,1.07947092
57264301,2017-12-26T00:00:16.957,BUY,0.00171639,0.59136255
57264302,2017-12-26T00:00:16.957,BUY,0.00171645,3.47376143
57264303,2017-12-26T00:00:16.957,BUY,0.00171673,5.07353272
57264304,2017-12-26T00:00:16.957,BUY,0.0017168,3.72487445
57264305,2017-12-26T00:00:16.957,BUY,0.00171689,5.18329794
57264306,2017-12-26T00:00:16.957,BUY,0.00171743,10.18574302
57264307,2017-12-26T00:00:16.957,BUY,0.00171778,9.27300082
57264308,2017-12-26T00:00:16.957,BUY,0.001718,253.84663597
57264312,2017-12-26T00:00:18.003,SELL,0.00171625,27.06405535
57264353,2017-12-26T00:00:24.377,SELL,0.00171625,1.19835824
57264357,2017-12-26T00:00:24.643,BUY,0.001718,46.15336403
57264362,2017-12-26T00:00:25.52,SELL,0.00171625,1.17579277
57264367,2017-12-26T00:00:26.613,SELL,0.00171625,7.14285714
57264370,2017-12-26T00:00:27.52,BUY,0.00171818,0.64020896
57264371,2017-12-26T00:00:27.52,BUY,0.00171883,1.49354839
57264372,2017-12-26T00:00:27.52,BUY,0.001719,5.00176469
57264373,2017-12-26T00:00:27.52,BUY,0.001719,41.02140186
57264374,2017-12-26T00:00:27.52,BUY,0.00171907,9.05584698
57264375,2017-12-26T00:00:27.52,BUY,0.00171939,1.49664533
57264376,2017-12-26T00:00:27.52,BUY,0.00171944,12.95140449
57264384,2017-12-26T00:00:29.83,SELL,0.00171625,2.38095238
57264395,2017-12-26T00:00:41.113,SELL,0.001718,17.4185099
57264396,2017-12-26T00:00:41.13,SELL,0.00171515,29.07908929
57264397,2017-12-26T00:00:41.13,SELL,0.00171511,8.74579473
57264398,2017-12-26T00:00:41.13,SELL,0.0017151,10.0
57264399,2017-12-26T00:00:41.13,SELL,0.00171507,25.85554472
57264400,2017-12-26T00:00:41.13,SELL,0.00171507,15.0
57264401,2017-12-26T00:00:41.13,SELL,0.001714,177.3599212
57264417,2017-12-26T00:00:46.57,SELL,0.00171625,27.72182255
57264418,2017-12-26T00:00:46.57,SELL,0.001714,264.70985727
57264434,2017-12-26T00:00:49.6,BUY,0.001718,6.2348621
57264437,2017-12-26T00:00:49.787,SELL,0.001718,10.6657186
57264439,2017-12-26T00:00:50.353,SELL,0.001718,2.94750884
57264443,2017-12-26T00:00:51.367,SELL,0.001718,17.97537373
57264446,2017-12-26T00:00:52.553,SELL,0.001718,7.10059171
57264447,2017-12-26T00:00:53.053,SELL,0.001718,1.01100809
57264449,2017-12-26T00:00:53.49,SELL,0.001718,2.99256049
57264450,2017-12-26T00:00:53.54,SELL,0.001718,2.97619047
57264452,2017-12-26T00:00:54.6,SELL,0.001718,2.49999999
57264453,2017-12-26T00:00:54.693,SELL,0.001718,5.96061227
57264454,2017-12-26T00:00:54.79,SELL,0.001718,3.57142857
57264456,2017-12-26T00:00:55.18,SELL,0.001718,4.57561198
57264458,2017-12-26T00:00:55.71,SELL,0.001718,26.00461581
57264459,2017-12-26T00:00:55.71,SELL,0.001714,1.87802365
57264461,2017-12-26T00:00:56.133,SELL,0.001714,1.99434544
57264462,2017-12-26T00:00:56.147,SELL,0.001714,1.0143198
57264463,2017-12-26T00:00:56.273,SELL,0.001714,3.45238095
57264466,2017-12-26T00:00:56.74,SELL,0.001714,175.70518691
57264477,2017-12-26T00:00:58.74,BUY,0.001718,1.08411716
57264478,2017-12-26T00:00:58.74,BUY,0.00171944,0.09299742
57264483,2017-12-26T00:01:00.367,SELL,0.00171401,1.65680473
57264497,2017-12-26T00:01:04.07,SELL,0.001712,5.93204252
57264517,2017-12-26T00:01:11.73,BUY,0.001714,1.1673425
57264518,2017-12-26T00:01:12.023,SELL,0.00171201,9.38581733
57264523,2017-12-26T00:01:12.947,SELL,0.00171201,2.97691698
57264524,2017-12-26T00:01:13.07,SELL,0.00171201,0.7977425
57264525,2017-12-26T00:01:13.103,SELL,0.00171201,0.71428571
57264526,2017-12-26T00:01:13.217,SELL,0.00171201,17.74098166
57264527,2017-12-26T00:01:13.697,SELL,0.00171201,1.18694362
57264528,2017-12-26T00:01:14.103,SELL,0.00171201,175.56
57264529,2017-12-26T00:01:14.153,SELL,0.00171201,0.95238662
57264533,2017-12-26T00:01:14.713,BUY,0.001714,5.0
57264534,2017-12-26T00:01:14.917,SELL,0.00171625,13.50644982
57264536,2017-12-26T00:01:15.527,SELL,0.00171625,3.28055274
57264537,2017-12-26T00:01:15.65,SELL,0.00171625,2.74390971
57264539,2017-12-26T00:01:16.01,SELL,0.00171625,0.71428571
57264540,2017-12-26T00:01:16.027,SELL,0.00171625,5.95252267
57264542,2017-12-26T00:01:16.243,SELL,0.00171625,0.71428571
57264543,2017-12-26T00:01:16.323,SELL,0.00171625,2.38095238
57264544,2017-12-26T00:01:16.383,SELL,0.00171625,23.66863905
57264546,2017-12-26T00:01:17.137,SELL,0.00171625,8.87573964
57264549,2017-12-26T00:01:17.84,SELL,0.00171625,12.66
57264550,2017-12-26T00:01:17.87,SELL,0.00171625,12.26190476
57264551,2017-12-26T00:01:17.93,SELL,0.00171625,73.0577
57264553,2017-12-26T00:01:18.353,SELL,0.00171625,2.59455378
57264554,2017-12-26T00:01:18.353,SELL,0.00171625,1.7907404
57264558,2017-12-26T00:01:19.057,SELL,0.00171625,5.95238095
57264559,2017-12-26T00:01:19.073,SELL,0.00171625,5.94805789
57264560,2017-12-26T00:01:19.073,SELL,0.00171204,122.38561934
57264583,2017-12-26T00:01:23.043,SELL,0.00171201,1.48809523
57264587,2017-12-26T00:01:23.307,SELL,0.00171201,5.95238095
57264589,2017-12-26T00:01:23.557,SELL,0.00171201,2.02660817
57264595,2017-12-26T00:01:24.277,SELL,0.00171201,8.26891964
57264603,2017-12-26T00:01:25.497,SELL,0.00171201,13.69047619
57264606,2017-12-26T00:01:25.95,SELL,0.00171201,0.59216097
57264620,2017-12-26T00:01:30.26,SELL,0.001712,3.39371557
57264622,2017-12-26T00:01:30.45,SELL,0.001712,3.27380952
57264626,2017-12-26T00:01:30.653,SELL,0.001712,7.40043239
57264628,2017-12-26T00:01:30.683,BUY,0.00171201,12.0465
57264632,2017-12-26T00:01:31.027,BUY,0.00171201,2.367e-05
57264638,2017-12-26T00:01:31.357,SELL,0.00171211,7.71561251
57264639,2017-12-26T00:01:31.357,SELL,0.00171211,4.33088749
57264640,2017-12-26T00:01:31.357,SELL,0.0017117,7.35
57264643,2017-12-26T00:01:31.653,BUY,0.00171151,3.02196629
57264644,2017-12-26T00:01:31.67,SELL,0.00171212,0.71441328
57264646,2017-12-26T00:01:31.777,SELL,0.00171212,11.9047619
57264648,2017-12-26T00:01:31.92,SELL,0.00171212,11.9047619
57264649,2017-12-26T00:01:31.95,SELL,0.00171212,11.9047619
57264652,2017-12-26T00:01:32.37,SELL,0.00171212,47.90935549
57264653,2017-12-26T00:01:32.48,SELL,0.00171212,35.52965838
57264655,2017-12-26T00:01:32.56,SELL,0.00171212,2.96338274
57264656,2017-12-26T00:01:32.62,SELL,0.00171212,0.83333333
57264657,2017-12-26T00:01:32.67,SELL,0.00171212,126.55240479
57264658,2017-12-26T00:01:32.67,SELL,0.0017115,48.97759521
57264681,2017-12-26T00:01:36.45,SELL,0.00171151,1.71169074
57264699,2017-12-26T00:01:39.373,SELL,0.001712,0.59523809
57264706,2017-12-26T00:01:40.623,SELL,0.00171201,15.79
57264708,2017-12-26T00:01:40.78,SELL,0.00171201,2.95857988
57264711,2017-12-26T00:01:41.17,BUY,0.00171944,1.13678291
57264712,2017-12-26T00:01:41.67,SELL,0.00171201,8.75
57264713,2017-12-26T00:01:41.84,SELL,0.00171201,13.58545548
57264718,2017-12-26T00:01:43.217,SELL,0.00171201,74.15495039
57264721,2017-12-26T00:01:44.263,SELL,0.00171201,16.51709126
57264725,2017-12-26T00:01:44.503,SELL,0.00171201,0.76732612
57264726,2017-12-26T00:01:44.503,SELL,0.001712,2.18627981
57264728,2017-12-26T00:01:44.687,SELL,0.001712,1.19212245
57264729,2017-12-26T00:01:44.873,SELL,0.001712,21.02635965
57264730,2017-12-26T00:01:44.95,SELL,0.00171151,0.71428571
57264731,2017-12-26T00:01:44.967,SELL,0.00171151,2.38883443
57264734,2017-12-26T00:01:45.483,SELL,0.00171151,1.78571428
57264735,2017-12-26T00:01:45.733,SELL,0.00171151,13.0867575
57264736,2017-12-26T00:01:45.903,SELL,0.00171151,71.53999
57264740,2017-12-26T00:01:46.78,SELL,0.00171151,1.6075256
57264746,2017-12-26T00:01:47.983,BUY,0.00171428,0.87237705
57264764,2017-12-26T00:01:52.967,SELL,0.00171202,6.91623692
57264767,2017-12-26T00:01:53.64,SELL,0.00171202,175.53
57264774,2017-12-26T00:01:55.547,SELL,0.00171202,4.2578356
57264780,2017-12-26T00:01:57.42,SELL,0.00171202,1.96428571
57264782,2017-12-26T00:01:58.5,SELL,0.00171202,2.38147687
57264783,2017-12-26T00:01:58.75,SELL,0.00171202,2.78316415
57264789,2017-12-26T00:02:00.437,SELL,0.00171779,3.0127369
57264790,2017-12-26T00:02:00.437,SELL,0.00171202,14.09610075
57264791,2017-12-26T00:02:00.437,SELL,0.00171201,38.38556199
57264795,2017-12-26T00:02:01.03,SELL,0.00171201,3.30712337
57264798,2017-12-26T00:02:02.86,SELL,0.00171151,1.2
57264801,2017-12-26T00:02:04.47,SELL,0.00171151,175.77
57264810,2017-12-26T00:02:09.097,SELL,0.0017115,4.1896856
57264813,2017-12-26T00:02:09.953,SELL,0.0017115,2.03872915
57264816,2017-12-26T00:02:10.61,SELL,0.0017115,19.1193349
57264822,2017-12-26T00:02:12.423,SELL,0.0017115,23.44973759
57264823,2017-12-26T00:02:12.813,SELL,0.0017115,175.82
57264827,2017-12-26T00:02:16.097,SELL,0.0017115,4.78144941
57264828,2017-12-26T00:02:16.173,SELL,0.0017115,299.97001
57264829,2017-12-26T00:02:16.597,SELL,0.0017115,44.80217817
57264830,2017-12-26T00:02:17.377,SELL,0.0017115,14.70285378
57264831,2017-12-26T00:02:18.44,SELL,0.0017115,2.97682836
57264837,2017-12-26T00:02:22.347,SELL,0.0017115,109.05272912
57264838,2017-12-26T00:02:22.347,SELL,0.00171145,13.91341827
57264839,2017-12-26T00:02:22.347,SELL,0.0017114,20.0
57264840,2017-12-26T00:02:22.347,SELL,0.00170899,20.0
57264841,2017-12-26T00:02:22.347,SELL,0.00170826,0.58539098
57264842,2017-12-26T00:02:22.347,SELL,0.00170772,12.26846163
57264848,2017-12-26T00:02:23.69,SELL,0.0017115,2.69630606
57264851,2017-12-26T00:02:25.16,SELL,0.0017115,7.30369394
57264863,2017-12-26T00:02:28.66,BUY,0.00171151,1.19047619
57264864,2017-12-26T00:02:28.66,BUY,0.00171151,10.4688911
57264869,2017-12-26T00:02:29.49,SELL,0.00170772,0.83388752
57264898,2017-12-26T00:02:32.927,BUY,0.00170772,1.50295307
57264899,2017-12-26T00:02:32.927,BUY,0.00171151,23.27724503
57264900,2017-12-26T00:02:32.927,BUY,0.00171199,8.48353905
57264901,2017-12-26T00:02:32.927,BUY,0.00171201,22.87465356
57264916,2017-12-26T00:02:34.833,BUY,0.00170687,30.134957
57264920,2017-12-26T00:02:35.21,BUY,0.00170687,106.272899
57264936,2017-12-26T00:02:38.41,SELL,0.00170181,0.36740599
57264941,2017-12-26T00:02:39.507,BUY,0.00170687,39.362144
57264961,2017-12-26T00:02:42.71,SELL,0.00170018,1.0
57264983,2017-12-26T00:02:45.38,BUY,0.00170685,7.838946
57264993,2017-12-26T00:02:47.773,BUY,0.00170685,0.57258107
57265008,2017-12-26T00:02:54.883,BUY,0.00170172,100.0
57265011,2017-12-26T00:02:55.087,BUY,0.00170172,76.3
57265017,2017-12-26T00:02:56.04,SELL,0.00170192,6.0
57265018,2017-12-26T00:02:56.133,SELL,0.00170192,11.76998506
57265022,2017-12-26T00:02:59.637,SELL,0.00170192,5.95238095
57265044,2017-12-26T00:03:05.103,SELL,0.00170017,14.88112953
57265047,2017-12-26T00:03:05.807,SELL,0.00170017,2.47063038
57265053,2017-12-26T00:03:06.853,BUY,0.00170192,16.085107
57265056,2017-12-26T00:03:07.603,SELL,0.00170017,8.96802004
57265061,2017-12-26T00:03:08.82,BUY,0.00170192,7.009888
57265066,2017-12-26T00:03:11.277,SELL,0.00170016,2.0
57265068,2017-12-26T00:03:12.603,SELL,0.00170016,15.60149164
57265069,2017-12-26T00:03:12.603,SELL,0.00170016,35.57420269
57265070,2017-12-26T00:03:12.603,SELL,0.00170012,125.63430567
57265073,2017-12-26T00:03:13.323,SELL,0.00170017,2.61481994
57265075,2017-12-26T00:03:14.103,BUY,0.00170192,14.0
57265078,2017-12-26T00:03:16.323,BUY,0.00170192,10.0
57265098,2017-12-26T00:03:26.51,BUY,0.00170192,133.083633
57265109,2017-12-26T00:03:42.857,SELL,0.0017002,1.19433645
57265112,2017-12-26T00:03:55.983,SELL,0.0017002,8.80566355
57265113,2017-12-26T00:03:56,SELL,0.0017002,5.47610016
57265118,2017-12-26T00:04:02.343,BUY,0.0017002,1.0
57265120,2017-12-26T00:04:06.08,BUY,0.0017002,2.69274843
57265123,2017-12-26T00:04:06.86,BUY,0.00170192,1.746355
57265126,2017-12-26T00:04:22.613,BUY,0.00170192,88.39233085
57265127,2017-12-26T00:04:24.317,SELL,0.0017002,5.99179124
57265129,2017-12-26T00:04:34.303,SELL,0.0017002,0.72986409
57265133,2017-12-26T00:04:37.897,BUY,0.00170192,129.01214709
57265138,2017-12-26T00:04:46.257,BUY,0.00170192,42.69133195
57265141,2017-12-26T00:05:00.353,SELL,0.0017002,2.3195099
57265142,2017-12-26T00:05:00.353,SELL,0.00170011,0.92851198
57265147,2017-12-26T00:05:04.32,BUY,0.00170192,1.101283
57265150,2017-12-26T00:05:13.743,BUY,0.00170192,52.03525388
57265151,2017-12-26T00:05:13.743,BUY,0.00170192,14.71435984
57265152,2017-12-26T00:05:13.743,BUY,0.00170192,112.39436616
57265153,2017-12-26T00:05:13.743,BUY,0.00170192,10.0
57265155,2017-12-26T00:05:15.683,BUY,0.001702,23.394275
57265156,2017-12-26T00:05:16.777,SELL,0.00170192,36.06676019
57265163,2017-12-26T00:05:27.527,SELL,0.00170192,24.78925993
57265164,2017-12-26T00:05:27.527,SELL,0.00170011,15.60100466
57265180,2017-12-26T00:05:40.78,BUY,0.0017002,10.0
57265181,2017-12-26T00:05:40.78,BUY,0.001702,17.61737949
57265196,2017-12-26T00:05:52.17,SELL,0.00170012,30.66601512
57265206,2017-12-26T00:05:59.047,SELL,0.00170012,16.86741648
57265208,2017-12-26T00:06:01.047,SELL,0.00170012,203.54513484
57265213,2017-12-26T00:06:03.923,SELL,0.00170012,14.82937685
57265215,2017-12-26T00:06:04.61,SELL,0.00170013,74.97341256
57265222,2017-12-26T00:06:13.22,BUY,0.00170199,0.48282872
57265223,2017-12-26T00:06:13.22,BUY,0.001702,0.99120767
57265258,2017-12-26T00:06:39.083,SELL,0.00170021,646.56248374
57265284,2017-12-26T00:06:50.21,BUY,0.00170199,50.0
57265286,2017-12-26T00:06:50.443,BUY,0.00170199,8.81321276
57265367,2017-12-26T00:07:19.23,BUY,0.00170177,3.85874769
57265381,2017-12-26T00:07:24.76,BUY,0.00170177,2.13560488
57265382,2017-12-26T00:07:24.76,BUY,0.00170177,0.74702874
57265383,2017-12-26T00:07:24.76,BUY,0.00170199,48.05980065
57265384,2017-12-26T00:07:24.76,BUY,0.00170199,6.4248084
57265385,2017-12-26T00:07:24.76,BUY,0.001702,52.26577482
57265386,2017-12-26T00:07:24.76,BUY,0.00170959,9.3862911
57265387,2017-12-26T00:07:24.76,BUY,0.00171,202.25106741
57265391,2017-12-26T00:07:25.12,SELL,0.00170021,0.38937875
57265392,2017-12-26T00:07:25.12,SELL,0.00170011,10.38183496
57265417,2017-12-26T00:07:32.637,SELL,0.00170011,0.44811125
57265434,2017-12-26T00:07:37.873,SELL,0.00170011,110.56869842
57265443,2017-12-26T00:07:43.297,SELL,0.00170011,0.71948513
57265495,2017-12-26T00:08:25.91,BUY,0.00170192,3.06268406
57265501,2017-12-26T00:08:28.8,BUY,0.00170192,17.43929009
57265502,2017-12-26T00:08:28.8,BUY,0.001702,15.46030531
57265509,2017-12-26T00:08:32.287,BUY,0.001702,0.08327145
57265511,2017-12-26T00:08:32.8,SELL,0.001702,32.0
57265514,2017-12-26T00:08:33.77,BUY,0.00171,146.70947667
57265526,2017-12-26T00:08:39.443,SELL,0.001702,20.37557597
57265528,2017-12-26T00:08:39.553,SELL,0.001702,0.44883534
57265539,2017-12-26T00:08:46.053,SELL,0.001702,2.5
57265543,2017-12-26T00:08:50.57,SELL,0.001702,0.704938
57265571,2017-12-26T00:09:24.637,SELL,0.001702,9.16773299
57265572,2017-12-26T00:09:24.637,SELL,0.001702,30.0
57265574,2017-12-26T00:09:26.9,SELL,0.00170011,35.59463288
57265575,2017-12-26T00:09:26.9,SELL,0.00170001,41.13563852
57265576,2017-12-26T00:09:26.9,SELL,0.00170001,2.22828379
57265577,2017-12-26T00:09:26.9,SELL,0.00170001,1.9524931
57265578,2017-12-26T00:09:26.9,SELL,0.00170001,0.95848525
57265586,2017-12-26T00:09:35.763,SELL,0.00170001,13.73964158
57265587,2017-12-26T00:09:35.763,SELL,0.00170001,8.11081825
57265588,2017-12-26T00:09:35.763,SELL,0.0017,34.0794931
57265591,2017-12-26T00:09:39.637,SELL,0.0017,75.72054613
57265592,2017-12-26T00:09:40.23,SELL,0.0017,1.6195251
57265594,2017-12-26T00:09:40.81,SELL,0.0017,201.82938464
57265595,2017-12-26T00:09:41.31,SELL,0.0017,1.06546709
57265600,2017-12-26T00:09:43.043,SELL,0.00170001,5.92310374
57265601,2017-12-26T00:09:43.84,SELL,0.00170001,44.07689626
57265602,2017-12-26T00:09:43.84,SELL,0.0017,1.60035234
57265604,2017-12-26T00:09:44.64,SELL,0.0017,4.16852372
57265605,2017-12-26T00:09:44.64,SELL,0.0017,0.25147628
57265610,2017-12-26T00:09:49.17,SELL,0.0017,1.11122372
57265611,2017-12-26T00:09:49.17,SELL,0.00169675,23.95464213
57265618,2017-12-26T00:09:53.297,SELL,0.00169675,3.16669392
57265620,2017-12-26T00:09:54.907,SELL,0.00169675,147.28744288
57265631,2017-12-26T00:10:03.797,SELL,0.00169676,42.77201476
57265639,2017-12-26T00:10:07.843,SELL,0.00169677,2.0341371
57265641,2017-12-26T00:10:08.14,SELL,0.00169677,2.0341371
57265643,2017-12-26T00:10:08.517,SELL,0.00169677,14.8558264
57265648,2017-12-26T00:10:09.33,SELL,0.00169677,14.90900955
57265653,2017-12-26T00:10:12.83,BUY,0.0017,0.58676492
57265663,2017-12-26T00:10:23.813,SELL,0.00169678,69.61561562
57265666,2017-12-26T00:10:27.067,SELL,0.00169678,58.81684984
57265670,2017-12-26T00:10:29.643,SELL,0.00169679,1.21077245
57265681,2017-12-26T00:10:39.94,SELL,0.0016968,46.52727971
57265688,2017-12-26T00:10:44.003,SELL,0.0016968,20.78050327
57265697,2017-12-26T00:10:51.24,SELL,0.0016968,16.24994605
57265698,2017-12-26T00:10:51.27,SELL,0.0016968,3.35461787
57265704,2017-12-26T00:10:53.27,SELL,0.00169681,235.23058141
57265705,2017-12-26T00:10:53.287,SELL,0.00169681,63.0987742
57265709,2017-12-26T00:10:56.6,BUY,0.0017,10.0
57265711,2017-12-26T00:10:56.977,SELL,0.00169681,42.69133195
57265713,2017-12-26T00:10:57.227,BUY,0.0017,20.67672653
57265714,2017-12-26T00:10:57.227,BUY,0.001702,5.0
57265715,2017-12-26T00:10:57.227,BUY,0.00170998,9.69187447
57265716,2017-12-26T00:10:57.227,BUY,0.00170999,187.80235236
57265717,2017-12-26T00:10:57.227,BUY,0.00171,93.92992564
57265730,2017-12-26T00:11:00.837,SELL,0.00169683,110.52586996
57265745,2017-12-26T00:11:03.04,BUY,0.0017,1.0
57265746,2017-12-26T00:11:03.303,SELL,0.0017,80.90133629
57265755,2017-12-26T00:11:05.507,SELL,0.0017051,65.83302273
57265761,2017-12-26T00:11:07.367,SELL,0.0017051,9.1987351
57265775,2017-12-26T00:11:10.303,SELL,0.0017051,83.52283473
57265777,2017-12-26T00:11:10.383,BUY,0.00170993,4.89489032
57265783,2017-12-26T00:11:11.117,SELL,0.00170994,5.01191833
57265784,2017-12-26T00:11:11.117,SELL,0.0017051,17.39540744
57265786,2017-12-26T00:11:11.307,BUY,0.0017051,1.524861
57265789,2017-12-26T00:11:11.947,SELL,0.0017,14.82497775
57265791,2017-12-26T00:11:12.477,SELL,0.0017,2.98180265
57265794,2017-12-26T00:11:13.26,SELL,0.0017,14.82497775
57265824,2017-12-26T00:11:19.43,SELL,0.0017,11.66666667
57265842,2017-12-26T00:11:22.713,SELL,0.0017,176.48
57265857,2017-12-26T00:11:25.12,BUY,0.0017051,2.57217013
57265858,2017-12-26T00:11:25.12,BUY,0.00170994,425.726
57265859,2017-12-26T00:11:25.12,BUY,0.00170995,22.5
57265860,2017-12-26T00:11:25.12,BUY,0.00170995,22.5
57265861,2017-12-26T00:11:25.12,BUY,0.00170997,29.07314804
57265862,2017-12-26T00:11:25.12,BUY,0.00171,169.89619127
57265863,2017-12-26T00:11:25.133,BUY,0.00171201,27.51297407
57265866,2017-12-26T00:11:25.98,SELL,0.0017,69.13899759
57265899,2017-12-26T00:11:33.26,SELL,0.00170002,6.89314776
57265951,2017-12-26T00:11:46.31,SELL,0.00170513,2.5
57265981,2017-12-26T00:11:59.797,SELL,0.00170513,33.12130548
57265984,2017-12-26T00:12:00.513,BUY,0.00171155,0.44117496
57265985,2017-12-26T00:12:00.513,BUY,0.00171198,3.35559836
57266027,2017-12-26T00:12:09.047,SELL,0.00171025,89.48291238
57266037,2017-12-26T00:12:12.517,BUY,0.00171198,8.30340032
57266038,2017-12-26T00:12:12.517,BUY,0.00171199,166.58659968
57266053,2017-12-26T00:12:17.22,BUY,0.00171197,376.4414
57266054,2017-12-26T00:12:17.22,BUY,0.00171199,629.34119619
57266086,2017-12-26T00:12:23.407,SELL,0.00170513,1.19837978
57266209,2017-12-26T00:13:01.46,BUY,0.00170514,10.0645437
57266210,2017-12-26T00:13:01.46,BUY,0.00171196,118.01260692
57266251,2017-12-26T00:13:14.9,SELL,0.00170513,5.9919708
57266259,2017-12-26T00:13:18.6,SELL,0.00170513,3.10620018
57266297,2017-12-26T00:13:35.34,SELL,0.00170004,5.84999384
57266298,2017-12-26T00:13:35.34,SELL,0.00170002,14.80258322
57266311,2017-12-26T00:13:41.557,BUY,0.00170513,27.16324182
57266344,2017-12-26T00:13:51.92,BUY,0.00170682,175.39309545
57266347,2017-12-26T00:13:52.717,SELL,0.00170513,12.83675818
57266390,2017-12-26T00:14:03.437,SELL,0.0017,509.99856588
57266394,2017-12-26T00:14:04.59,SELL,0.00169689,7.76993857
57266395,2017-12-26T00:14:04.607,SELL,0.00169688,169.06006143
57266408,2017-12-26T00:14:10.06,SELL,0.00169688,20.71324295
57266425,2017-12-26T00:14:20.827,SELL,0.00169688,137.91269562
57266426,2017-12-26T00:14:20.827,SELL,0.00169686,867.86990057
57266434,2017-12-26T00:14:28.297,BUY,0.00169688,41.87
57266445,2017-12-26T00:14:31.517,BUY,0.00169688,0.00082531
57266446,2017-12-26T00:14:31.517,BUY,0.0017,26.09917469
57266451,2017-12-26T00:14:35.55,SELL,0.00169686,607.74043343
57266462,2017-12-26T00:14:47.987,SELL,0.001697,11.1491345
57266464,2017-12-26T00:14:54.207,SELL,0.00169688,0.44501433
57266466,2017-12-26T00:14:57.393,BUY,0.0017,102.3056364
57266468,2017-12-26T00:15:01.863,BUY,0.0017,14.89118462
57266472,2017-12-26T00:15:07.477,BUY,0.0017,20.0
57266475,2017-12-26T00:15:12.46,BUY,0.0017,5.0
57266476,2017-12-26T00:15:15.38,SELL,0.00169688,4.0
57266481,2017-12-26T00:15:17.413,SELL,0.00169688,14.48298435
57266482,2017-12-26T00:15:17.413,SELL,0.00169666,6.19296765
57266505,2017-12-26T00:15:28.977,BUY,0.00169999,8.00295902
57266506,2017-12-26T00:15:28.977,BUY,0.0017,472.99602898
57266562,2017-12-26T00:15:49.917,BUY,0.0017,1.37659199
57266581,2017-12-26T00:16:00.2,BUY,0.0017,3.79683119
57266595,2017-12-26T00:16:06.747,BUY,0.0017,62.52410737
57266600,2017-12-26T00:16:08.2,BUY,0.0017,1.2556927
57266601,2017-12-26T00:16:08.277,SELL,0.00169668,0.3807875
57266602,2017-12-26T00:16:08.73,SELL,0.00169668,100.0
57266648,2017-12-26T00:16:35.547,SELL,0.0016967,0.9
57266655,2017-12-26T00:16:39.843,SELL,0.0016967,7.0494642
57266659,2017-12-26T00:16:42.19,SELL,0.0016967,141.44893635
57266669,2017-12-26T00:16:46.14,SELL,0.0016967,94.10501409
57266680,2017-12-26T00:16:53.127,SELL,0.00169671,11.23128779
57266689,2017-12-26T00:16:58.457,BUY,0.0017,11.70261319
57266714,2017-12-26T00:17:16.863,BUY,0.0017,130.63757622
57266715,2017-12-26T00:17:16.863,BUY,0.0017,60.20331903
57266716,2017-12-26T00:17:16.863,BUY,0.0017,49.99999975
57266718,2017-12-26T00:17:17.113,BUY,0.0017,2.5e-07
57266753,2017-12-26T00:17:31.943,SELL,0.00170006,7.4
57266770,2017-12-26T00:17:38.663,BUY,0.00170513,6.888
57266771,2017-12-26T00:17:38.663,BUY,0.00171,83.112
57266800,2017-12-26T00:17:53.633,SELL,0.0017017,3.28280087
57266808,2017-12-26T00:17:58.383,BUY,0.00170997,0.70175438
57266810,2017-12-26T00:17:58.463,BUY,0.00170997,0.33824562
57266811,2017-12-26T00:17:58.463,BUY,0.00171,0.44175438
57266813,2017-12-26T00:17:58.463,BUY,0.00171,1.60577791
57266814,2017-12-26T00:17:58.463,BUY,0.0017119,1.27022209
57266831,2017-12-26T00:18:03.337,BUY,0.0017119,14.05255805
57266834,2017-12-26T00:18:04.853,BUY,0.0017119,1.8868533
57266843,2017-12-26T00:18:07.667,SELL,0.0017119,59.64721968
57266844,2017-12-26T00:18:08.18,SELL,0.00170171,59.64721968
57266857,2017-12-26T00:18:13.057,SELL,0.00170171,129.82797793
57266860,2017-12-26T00:18:13.213,BUY,0.0017119,2.29471348
57266875,2017-12-26T00:18:19.76,BUY,0.0017119,1.3
57266884,2017-12-26T00:18:22.417,BUY,0.0017119,1.04
57266929,2017-12-26T00:18:40.747,BUY,0.0017119,45.50798928
57266950,2017-12-26T00:18:48.373,BUY,0.0017119,6.20510086
57266951,2017-12-26T00:18:48.373,BUY,0.0017119,71.06944154
57266964,2017-12-26T00:18:50.577,SELL,0.0017119,734.39239236
57266965,2017-12-26T00:18:50.64,SELL,0.0017119,70.60587648
57266967,2017-12-26T00:18:50.81,SELL,0.0017119,6.90856583
57266970,2017-12-26T00:18:51.513,SELL,0.0017119,38.53674198
57266972,2017-12-26T00:18:52.077,SELL,0.0017119,5.0
57266980,2017-12-26T00:18:54.97,SELL,0.0017119,2.66395564
57266983,2017-12-26T00:18:56.017,SELL,0.0017119,212.69670056
57266984,2017-12-26T00:18:56.03,SELL,0.00170291,2.66395564
57267002,2017-12-26T00:19:00.47,SELL,0.00170294,56.98114949
57267011,2017-12-26T00:19:02.86,SELL,0.00170295,5.95238094
57267030,2017-12-26T00:19:06.627,SELL,0.00170298,3.13352718
57267082,2017-12-26T00:19:24.877,SELL,0.00170308,2.97619047
57267099,2017-12-26T00:19:29.393,BUY,0.00171192,29.056253
57267104,2017-12-26T00:19:31.677,BUY,0.00171192,34.81095793
57267105,2017-12-26T00:19:31.677,BUY,0.00171194,188.12738173
57267106,2017-12-26T00:19:31.677,BUY,0.00171197,35.32357183
57267107,2017-12-26T00:19:31.677,BUY,0.00171197,10.0
57267108,2017-12-26T00:19:31.677,BUY,0.00171199,26.65412581
57267131,2017-12-26T00:19:39.863,BUY,0.00171199,177.418078
57267188,2017-12-26T00:19:51.96,BUY,0.00171199,3.2e-07
57267214,2017-12-26T00:19:58.35,SELL,0.001712,0.58265519
57267215,2017-12-26T00:19:58.35,SELL,0.00171199,14.13318698
57267217,2017-12-26T00:19:58.787,SELL,0.00171199,7.29556143
57267220,2017-12-26T00:19:59.477,BUY,0.00171199,14.715842
57267221,2017-12-26T00:19:59.49,SELL,0.00170329,22.0114036
57267247,2017-12-26T00:20:03.71,BUY,0.00170683,0.56053827
57267248,2017-12-26T00:20:03.71,BUY,0.00171199,1.7e-07
57267249,2017-12-26T00:20:03.71,BUY,0.00171199,2.36886871
57267266,2017-12-26T00:20:08.133,BUY,0.00171199,2.6375865
57267267,2017-12-26T00:20:08.133,BUY,0.001712,5.9715753
57267268,2017-12-26T00:20:08.133,BUY,0.00171202,1.79704206
57267269,2017-12-26T00:20:08.133,BUY,0.00171296,0.38937875
57267270,2017-12-26T00:20:08.133,BUY,0.00171484,18.39488639
57267283,2017-12-26T00:20:10.837,SELL,0.00170502,207.16548485
57267285,2017-12-26T00:20:11.15,BUY,0.00171484,164.934
57267332,2017-12-26T00:20:26.48,BUY,0.00171484,4.40299083
57267333,2017-12-26T00:20:26.493,BUY,0.00171484,9.55585717
57267336,2017-12-26T00:20:26.917,SELL,0.00170683,30.23859802
57267337,2017-12-26T00:20:26.917,SELL,0.00170502,4.5
57267338,2017-12-26T00:20:26.93,SELL,0.001705,22.91571084
57267342,2017-12-26T00:20:27.743,BUY,0.00170172,2.48651381
57267344,2017-12-26T00:20:27.837,BUY,0.00171,22.16666667
57267345,2017-12-26T00:20:27.837,BUY,0.00171483,37.83333333
57267364,2017-12-26T00:20:33.18,BUY,0.00171483,70.61887977
57267394,2017-12-26T00:20:41.26,BUY,0.00171481,9.18498061
57267395,2017-12-26T00:20:41.26,BUY,0.00171483,76.99043046
57267396,2017-12-26T00:20:41.26,BUY,0.00171483,64.18358893
57267422,2017-12-26T00:20:49.59,BUY,0.00171483,9.79312871
57267468,2017-12-26T00:21:04.327,BUY,0.00171482,0.91632358
57267476,2017-12-26T00:21:06.187,SELL,0.00170236,31.66703206
57267488,2017-12-26T00:21:07.983,BUY,0.00171482,0.58043654
57267511,2017-12-26T00:21:13.967,SELL,0.00170173,27.27059157
57267588,2017-12-26T00:21:28.58,SELL,0.00170179,37.2414086
57267589,2017-12-26T00:21:28.58,SELL,0.00170178,161.02586262
57267600,2017-12-26T00:21:29.61,BUY,0.00170234,2.2363
57267607,2017-12-26T00:21:30.017,BUY,0.00170234,3.378e-05
57267617,2017-12-26T00:21:30.5,BUY,0.00171481,6.79122382
57267659,2017-12-26T00:21:40.267,BUY,0.00171481,9.89743069
57267667,2017-12-26T00:21:41.907,BUY,0.00171481,66.96149536
57267679,2017-12-26T00:21:43.58,SELL,0.00171481,223.52776655
57267682,2017-12-26T00:21:44,SELL,0.00171481,88.23529411
57267690,2017-12-26T00:21:46.017,SELL,0.00171481,20.05309648
57267693,2017-12-26T00:21:46.347,BUY,0.00171482,56.85830552
57267700,2017-12-26T00:21:47.16,SELL,0.00171481,20.52103408
57267703,2017-12-26T00:21:48.033,SELL,0.00171481,57.52482493
57267710,2017-12-26T00:21:51.847,SELL,0.00171481,1.71861712
57267740,2017-12-26T00:22:04.177,SELL,0.00171481,40.01033419
57267743,2017-12-26T00:22:04.893,BUY,0.00171485,3.0
57267744,2017-12-26T00:22:04.893,BUY,0.001717,11.13979934
57267745,2017-12-26T00:22:04.893,BUY,0.00171944,0.12437088
57267746,2017-12-26T00:22:04.893,BUY,0.00171945,11.88144482
57267747,2017-12-26T00:22:04.893,BUY,0.00171981,8.0
57267748,2017-12-26T00:22:04.893,BUY,0.00171982,5.0
57267749,2017-12-26T00:22:04.893,BUY,0.00171987,1.0
57267750,2017-12-26T00:22:04.893,BUY,0.0017199,20.0
57267751,2017-12-26T00:22:04.893,BUY,0.00171994,0.39404288
57267752,2017-12-26T00:22:04.893,BUY,0.00171995,109.96278887
57267783,2017-12-26T00:22:13.897,BUY,0.00171994,29.07078154
57267784,2017-12-26T00:22:13.897,BUY,0.00171995,126.14638922
57267793,2017-12-26T00:22:15.05,SELL,0.00171994,11.13380484
57267794,2017-12-26T00:22:15.05,SELL,0.00171485,16.17812969
57267824,2017-12-26T00:22:19.803,SELL,0.00171486,20.51174405
57267828,2017-12-26T00:22:20.77,SELL,0.00171486,1.78571428
57267878,2017-12-26T00:22:29.85,SELL,0.00171486,8.84825247
57267890,2017-12-26T00:22:32.553,BUY,0.00171995,26.36224864
57267894,2017-12-26T00:22:33.037,SELL,0.00171486,14.7828774
57267897,2017-12-26T00:22:34.053,SELL,0.00171487,4.04761904
57267901,2017-12-26T00:22:34.273,BUY,0.00171995,78.210371
57267921,2017-12-26T00:22:37.617,SELL,0.00171487,2.13314372
57267940,2017-12-26T00:22:41.79,BUY,0.00171995,42.0
57267978,2017-12-26T00:22:48.477,SELL,0.0017149,2.13631453
57267986,2017-12-26T00:22:49.617,BUY,0.00171995,117.31820227
57267987,2017-12-26T00:22:49.617,BUY,0.00171996,37.93488341
57267989,2017-12-26T00:22:50.603,SELL,0.0017149,2.32
57267993,2017-12-26T00:22:51.197,BUY,0.00171996,257.39803398
57268008,2017-12-26T00:22:54.057,SELL,0.0017149,0.37825373
57268016,2017-12-26T00:22:55.57,BUY,0.00171996,179.66708261
57268017,2017-12-26T00:22:55.57,BUY,0.00171998,0.5
57268018,2017-12-26T00:22:55.57,BUY,0.00171999,50.54078144
57268019,2017-12-26T00:22:55.57,BUY,0.00172,20.0
57268020,2017-12-26T00:22:55.587,BUY,0.00172,1.0
57268021,2017-12-26T00:22:55.587,BUY,0.00172,1.184268
57268022,2017-12-26T00:22:55.587,BUY,0.00172,5.0
57268023,2017-12-26T00:22:55.587,BUY,0.00172,1.5
57268024,2017-12-26T00:22:55.587,BUY,0.00172,1.0
57268025,2017-12-26T00:22:55.587,BUY,0.00172,5.0
57268026,2017-12-26T00:22:55.587,BUY,0.00172,4.53485538
57268027,2017-12-26T00:22:55.587,BUY,0.00172,25.43007285
57268028,2017-12-26T00:22:55.587,BUY,0.00172,3.33444709
57268029,2017-12-26T00:22:55.587,BUY,0.00172,144.75298024
57268074,2017-12-26T00:23:07.4,BUY,0.00172,14.88716
57268116,2017-12-26T00:23:15.997,BUY,0.00171996,1.0
57268117,2017-12-26T00:23:15.997,BUY,0.00172,18.66825844
57268122,2017-12-26T00:23:16.353,BUY,0.00172,121.69160132
57268123,2017-12-26T00:23:16.353,BUY,0.00172,0.6134908
57268124,2017-12-26T00:23:16.353,BUY,0.00172,7.0
57268125,2017-12-26T00:23:16.353,BUY,0.00172,87.29378278
57268131,2017-12-26T00:23:17.603,BUY,0.00172,12.70621722
57268132,2017-12-26T00:23:17.62,BUY,0.00172,7.58478968
57268134,2017-12-26T00:23:17.917,BUY,0.00172,20.29096631
57268136,2017-12-26T00:23:18.247,BUY,0.00172,20.66298544
57268138,2017-12-26T00:23:18.31,BUY,0.00172,50.0
57268141,2017-12-26T00:23:18.793,BUY,0.00172,100.0
57268144,2017-12-26T00:23:19.23,BUY,0.00172,18.53813734
57268147,2017-12-26T00:23:19.84,BUY,0.00172,59.83585008
57268150,2017-12-26T00:23:21.09,BUY,0.00172,625.16922229
57268156,2017-12-26T00:23:24.073,BUY,0.00172,30.0
57268159,2017-12-26T00:23:24.48,BUY,0.00172,11.76049411
57268162,2017-12-26T00:23:24.967,BUY,0.00172,194.59774594
57268172,2017-12-26T00:23:26.37,BUY,0.00172,23.30296932
57268176,2017-12-26T00:23:28.31,BUY,0.00172,25.13564924
57268178,2017-12-26T00:23:29.31,BUY,0.00172,199.60602497
57268182,2017-12-26T00:23:32.967,BUY,0.00172,15.06018674
57268184,2017-12-26T00:23:33.653,BUY,0.00172,5.32273386
57268192,2017-12-26T00:23:36.967,BUY,0.00172,104.97986627
57268194,2017-12-26T00:23:37.14,BUY,0.00172,216.17413652
57268195,2017-12-26T00:23:37.14,BUY,0.00172,0.53409028
57268196,2017-12-26T00:23:37.14,BUY,0.00172,1.0
57268197,2017-12-26T00:23:37.14,BUY,0.00172,10.0
57268198,2017-12-26T00:23:37.14,BUY,0.00172,1.3627
57268226,2017-12-26T00:23:48.17,BUY,0.00172003,4.61817567
57268227,2017-12-26T00:23:48.17,BUY,0.00172017,5.8373654
57268228,2017-12-26T00:23:48.17,BUY,0.00172017,2.0
57268229,2017-12-26T00:23:48.17,BUY,0.00172026,3.03801666
57268239,2017-12-26T00:23:53.077,BUY,0.00172026,2.07551936
57268240,2017-12-26T00:23:53.717,SELL,0.00171494,2.1
57268241,2017-12-26T00:23:53.717,SELL,0.00171493,27.36981388
57268251,2017-12-26T00:24:01.14,BUY,0.00172026,8.54627118
57268254,2017-12-26T00:24:02.11,BUY,0.00172077,3.46
57268255,2017-12-26T00:24:02.11,BUY,0.00172091,10.77868214
57268282,2017-12-26T00:24:16.627,SELL,0.00172026,1.77648291
57268308,2017-12-26T00:24:23.877,BUY,0.00172099,5.0
57268309,2017-12-26T00:24:23.877,BUY,0.00172132,0.63904445
57268310,2017-12-26T00:24:23.877,BUY,0.00172135,0.58860923
57268311,2017-12-26T00:24:23.877,BUY,0.0017214,129.94438544
57268312,2017-12-26T00:24:23.877,BUY,0.00172153,3.17571346
57268313,2017-12-26T00:24:23.877,BUY,0.00172177,10.30263049
57268318,2017-12-26T00:24:24.673,BUY,0.001722,0.6547619
57268319,2017-12-26T00:24:24.673,BUY,0.00172201,13.64688573
57268320,2017-12-26T00:24:24.673,BUY,0.00172207,0.51650141
57268321,2017-12-26T00:24:24.673,BUY,0.00172207,0.52965525
57268322,2017-12-26T00:24:24.673,BUY,0.00172222,5.88393943
57268323,2017-12-26T00:24:24.673,BUY,0.00172229,11.63010228
57268324,2017-12-26T00:24:24.673,BUY,0.00172244,98.129654
57268334,2017-12-26T00:24:26.69,BUY,0.00172244,71.5446
57268337,2017-12-26T00:24:26.767,BUY,0.00172244,74.325746
57268340,2017-12-26T00:24:27.033,BUY,0.0017225,25.0
57268341,2017-12-26T00:24:27.033,BUY,0.00172261,1.14562025
57268342,2017-12-26T00:24:27.033,BUY,0.00172263,0.81607216
57268343,2017-12-26T00:24:27.033,BUY,0.00172296,41.81539404
57268344,2017-12-26T00:24:27.033,BUY,0.00172299,100.0
57268345,2017-12-26T00:24:27.033,BUY,0.001723,124.75377544
57268346,2017-12-26T00:24:27.033,BUY,0.00172305,1.39971886
57268347,2017-12-26T00:24:27.033,BUY,0.00172312,1.17647058
57268348,2017-12-26T00:24:27.033,BUY,0.00172313,0.58823529
57268371,2017-12-26T00:24:30.33,BUY,0.00172316,0.36740599
57268372,2017-12-26T00:24:30.33,BUY,0.00172334,50.10316726
57268373,2017-12-26T00:24:30.33,BUY,0.00172366,5.0
57268374,2017-12-26T00:24:30.33,BUY,0.00172393,6.60913744
57268375,2017-12-26T00:24:30.33,BUY,0.001725,5.0
57268376,2017-12-26T00:24:30.33,BUY,0.001725,129.12159934
57268378,2017-12-26T00:24:30.377,BUY,0.001725,208.93059266
57268379,2017-12-26T00:24:30.377,BUY,0.00172507,133.4443036
57268391,2017-12-26T00:24:32.533,SELL,0.00172507,8.88241459
57268402,2017-12-26T00:24:34.113,BUY,0.00172532,2.04981495
57268403,2017-12-26T00:24:34.113,BUY,0.00172589,49.86920206
57268406,2017-12-26T00:24:34.52,BUY,0.00172589,0.13079794
57268407,2017-12-26T00:24:34.52,BUY,0.001726,3.19362416
57268408,2017-12-26T00:24:34.52,BUY,0.001726,3.04845942
57268409,2017-12-26T00:24:34.52,BUY,0.001726,20.0
57268412,2017-12-26T00:24:34.8,SELL,0.001726,0.8
57268416,2017-12-26T00:24:35.02,BUY,0.00172601,95.85550111
57268423,2017-12-26T00:24:35.69,BUY,0.00172625,1.04085807
57268424,2017-12-26T00:24:35.69,BUY,0.00172688,29.01818433
57268426,2017-12-26T00:24:35.88,BUY,0.00172688,27.32781704
57268428,2017-12-26T00:24:36.473,BUY,0.00172688,15.85399863
57268429,2017-12-26T00:24:36.473,BUY,0.001727,2.90329469
57268430,2017-12-26T00:24:36.473,BUY,0.001727,50.7099306
57268432,2017-12-26T00:24:36.487,BUY,0.00172782,1.28
57268433,2017-12-26T00:24:36.487,BUY,0.00172783,5.80207544
57268434,2017-12-26T00:24:36.487,BUY,0.00172793,128.3815075
57268435,2017-12-26T00:24:36.533,SELL,0.001727,29.70684204
57268442,2017-12-26T00:24:37.283,BUY,0.00172793,9.99160664
57268452,2017-12-26T00:24:38.817,SELL,0.00172601,5.81251158
57268453,2017-12-26T00:24:38.817,SELL,0.00172601,0.10114897
57268474,2017-12-26T00:24:42.3,BUY,0.00172793,36.87476198
57268485,2017-12-26T00:24:44.253,BUY,0.00172793,0.64488474
57268496,2017-12-26T00:24:45.817,BUY,0.00172793,12.36010933
57268500,2017-12-26T00:24:46.037,BUY,0.00172793,1.77507498
57268509,2017-12-26T00:24:47.99,BUY,0.00172793,267.88152274
57268511,2017-12-26T00:24:48.113,BUY,0.00172793,43.09053209
57268567,2017-12-26T00:24:55.24,BUY,0.00172988,1.0
57268568,2017-12-26T00:24:55.24,BUY,0.0017299,5.0
57268569,2017-12-26T00:24:55.24,BUY,0.0017299,1.0
57268570,2017-12-26T00:24:55.24,BUY,0.00172995,7.85890831
57268571,2017-12-26T00:24:55.24,BUY,0.00173,18.90042114
57268581,2017-12-26T00:24:58.88,BUY,0.00173,1.09957886
57268582,2017-12-26T00:24:58.88,BUY,0.00173,42.0
57268583,2017-12-26T00:24:58.88,BUY,0.00173,0.69512195
57268584,2017-12-26T00:24:58.88,BUY,0.00173,4.50864234
57268585,2017-12-26T00:24:58.88,BUY,0.00173,24.56852919
57268589,2017-12-26T00:24:59.037,BUY,0.00173,14.34193301
57268595,2017-12-26T00:24:59.46,BUY,0.00173,181.20433875
57268597,2017-12-26T00:24:59.553,BUY,0.00173,79.88519905
57268598,2017-12-26T00:24:59.553,BUY,0.00173,9.79213443
57268599,2017-12-26T00:24:59.553,BUY,0.00173,3.0
57268600,2017-12-26T00:24:59.553,BUY,0.00173,20.0
57268601,2017-12-26T00:24:59.553,BUY,0.00173,14.5381295
57268603,2017-12-26T00:24:59.553,BUY,0.00173,53.98887577
57268604,2017-12-26T00:24:59.567,BUY,0.00173,71.11302427
57268605,2017-12-26T00:24:59.567,BUY,0.00173,1.0
57268611,2017-12-26T00:25:00.363,SELL,0.0017297,25.02579764
57268614,2017-12-26T00:25:00.693,BUY,0.0017297,74.97420236
57268622,2017-12-26T00:25:01.897,BUY,0.00173003,1.35252403
57268623,2017-12-26T00:25:01.897,BUY,0.00173011,5.4118332
57268624,2017-12-26T00:25:01.897,BUY,0.00173036,0.58510919
57268625,2017-12-26T00:25:01.897,BUY,0.00173039,0.85239075
57268643,2017-12-26T00:25:06.083,SELL,0.00173011,25.0
57268645,2017-12-26T00:25:06.88,BUY,0.00173084,1.30164589
57268646,2017-12-26T00:25:06.88,BUY,0.00173217,3.44611228
57268647,2017-12-26T00:25:06.88,BUY,0.00173226,8.74579473
57268651,2017-12-26T00:25:07.82,BUY,0.0017325,5.0
57268652,2017-12-26T00:25:07.82,BUY,0.0017329,2.11334746
57268653,2017-12-26T00:25:07.82,BUY,0.001733,7.0
57268654,2017-12-26T00:25:07.82,BUY,0.00173303,2.96734144
57268655,2017-12-26T00:25:07.82,BUY,0.00173333,100.0
57268656,2017-12-26T00:25:07.82,BUY,0.00173333,1.0
57268657,2017-12-26T00:25:07.82,BUY,0.0017337,0.42052908
57268678,2017-12-26T00:25:12.477,BUY,0.00173405,5.83958271
57268679,2017-12-26T00:25:12.477,BUY,0.00173406,26.47546938
57268680,2017-12-26T00:25:12.477,BUY,0.00173406,1.06655158
57268681,2017-12-26T00:25:12.477,BUY,0.0017341,5.0
57268682,2017-12-26T00:25:12.477,BUY,0.00173478,0.76539246
57268683,2017-12-26T00:25:12.477,BUY,0.0017348,5.77876412
57268684,2017-12-26T00:25:12.477,BUY,0.001735,12.0
57268685,2017-12-26T00:25:12.477,BUY,0.001735,11.0
57268686,2017-12-26T00:25:12.477,BUY,0.00173501,5.0
57268687,2017-12-26T00:25:12.477,BUY,0.0017352,0.6371929
57268688,2017-12-26T00:25:12.477,BUY,0.0017357,1.0
57268689,2017-12-26T00:25:12.477,BUY,0.00173634,1.13377228
57268690,2017-12-26T00:25:12.477,BUY,0.00173697,12.6807418
57268691,2017-12-26T00:25:12.477,BUY,0.00173702,1.15427571
57268692,2017-12-26T00:25:12.477,BUY,0.00173716,1.0
57268693,2017-12-26T00:25:12.477,BUY,0.0017375,5.0
57268694,2017-12-26T00:25:12.477,BUY,0.001738,2.13504402
57268695,2017-12-26T00:25:12.477,BUY,0.0017388,9.485
57268696,2017-12-26T00:25:12.477,BUY,0.00173898,0.69319183
57268697,2017-12-26T00:25:12.477,BUY,0.001739,0.7
57268698,2017-12-26T00:25:12.477,BUY,0.001739,169.04346746
57268699,2017-12-26T00:25:12.477,BUY,0.0017392,2.0
57268700,2017-12-26T00:25:12.477,BUY,0.00173923,2.95677782
57268701,2017-12-26T00:25:12.477,BUY,0.00173933,10.0
57268702,2017-12-26T00:25:12.477,BUY,0.00173982,5.0
57268703,2017-12-26T00:25:12.477,BUY,0.0017399,1.0
57268704,2017-12-26T00:25:12.477,BUY,0.00174,2.0
57268705,2017-12-26T00:25:12.477,BUY,0.00174,2.42179249
57268706,2017-12-26T00:25:12.477,BUY,0.00174,20.0
57268707,2017-12-26T00:25:12.477,BUY,0.00174,1.36
57268708,2017-12-26T00:25:12.49,BUY,0.00174,3.95384187
57268709,2017-12-26T00:25:12.49,BUY,0.00174,2.0
57268710,2017-12-26T00:25:12.49,BUY,0.00174,70.78425592
57268721,2017-12-26T00:25:13.507,SELL,0.00173226,0.82986553
57268722,2017-12-26T00:25:13.507,SELL,0.00173013,57.48229346
57268723,2017-12-26T00:25:13.507,SELL,0.00173,100.0
57268733,2017-12-26T00:25:14.163,BUY,0.00173,192.68784101
57268745,2017-12-26T00:25:15.07,BUY,0.00173757,2.52101269
57268746,2017-12-26T00:25:15.07,BUY,0.00174,10.74560341
57268752,2017-12-26T00:25:15.54,SELL,0.001739,2.75
57268753,2017-12-26T00:25:15.57,SELL,0.001739,0.85991379
57268762,2017-12-26T00:25:16.007,SELL,0.001739,7.86219662
57268763,2017-12-26T00:25:16.007,SELL,0.001735,32.13780338
57268772,2017-12-26T00:25:16.663,BUY,0.00174,16.75965777
57268773,2017-12-26T00:25:16.663,BUY,0.00174,4.10147774
57268774,2017-12-26T00:25:16.663,BUY,0.00174,10.0
57268775,2017-12-26T00:25:16.663,BUY,0.00174,4.4827306
57268776,2017-12-26T00:25:16.663,BUY,0.00174,25.37684843
57268777,2017-12-26T00:25:16.663,BUY,0.00174,30.0
57268778,2017-12-26T00:25:16.663,BUY,0.00174,45.12938546
57268790,2017-12-26T00:25:17.367,BUY,0.00174,254.87061454
57268791,2017-12-26T00:25:17.367,BUY,0.00174,0.63737205
57268792,2017-12-26T00:25:17.367,BUY,0.00174,129.4305376
57268794,2017-12-26T00:25:17.413,BUY,0.00174,24.25736841
57268797,2017-12-26T00:25:17.49,BUY,0.00174,18.55048779
57268813,2017-12-26T00:25:18.32,BUY,0.00174,58.32875432
57268814,2017-12-26T00:25:18.32,BUY,0.00174,0.57615303
57268815,2017-12-26T00:25:18.32,BUY,0.00174,10.0
57268816,2017-12-26T00:25:18.32,BUY,0.00174,4.0
57268817,2017-12-26T00:25:18.32,BUY,0.00174,1.51496736
57268818,2017-12-26T00:25:18.32,BUY,0.00174,0.65819241
57268819,2017-12-26T00:25:18.32,BUY,0.00174,0.69194123
57268820,2017-12-26T00:25:18.32,BUY,0.00174,25.0
57268849,2017-12-26T00:25:20.023,SELL,0.00174,13.648076
57268856,2017-12-26T00:25:20.227,BUY,0.001741,2.77688308
57268857,2017-12-26T00:25:20.227,BUY,0.00174172,6.67602778
57268858,2017-12-26T00:25:20.227,BUY,0.001742,10.08463755
57268859,2017-12-26T00:25:20.227,BUY,0.001742,4.97346008
57268867,2017-12-26T00:25:20.867,SELL,0.00174171,24.33371638
57268870,2017-12-26T00:25:21.21,SELL,0.00174171,64.248033
57268874,2017-12-26T00:25:21.6,SELL,0.00174171,3.09756179
57268884,2017-12-26T00:25:23.337,SELL,0.00174,24.333716
57268890,2017-12-26T00:25:24.507,BUY,0.00174161,16.79
57268891,2017-12-26T00:25:24.507,BUY,0.00174171,1.18694362
57268892,2017-12-26T00:25:24.507,BUY,0.00174172,1.2255956
57268893,2017-12-26T00:25:24.507,BUY,0.00174199,57.74051167
57268897,2017-12-26T00:25:24.883,BUY,0.00174199,35.94370579
57268906,2017-12-26T00:25:26.96,SELL,0.00174,100.0
57268908,2017-12-26T00:25:27.163,BUY,0.001742,7.3794811
57268909,2017-12-26T00:25:27.163,BUY,0.001742,6.20231062
57268910,2017-12-26T00:25:27.163,BUY,0.00174222,1.8535265
57268911,2017-12-26T00:25:27.163,BUY,0.00174238,1.0
57268912,2017-12-26T00:25:27.163,BUY,0.00174263,35.90266165
57268925,2017-12-26T00:25:29.07,BUY,0.00174263,135.19733835
57268926,2017-12-26T00:25:29.07,BUY,0.00174264,6.86888858
57268927,2017-12-26T00:25:29.07,BUY,0.0017427,8.0
57268928,2017-12-26T00:25:29.07,BUY,0.0017427,1.75602043
57268931,2017-12-26T00:25:30.603,SELL,0.0017427,17.9
57268935,2017-12-26T00:25:32.633,SELL,0.0017427,1.63690476
57268946,2017-12-26T00:25:34.557,SELL,0.0017427,2.55201894
57268949,2017-12-26T00:25:35.07,BUY,0.001743,2.92980662
57268950,2017-12-26T00:25:35.07,BUY,0.001743,2.92193079
57268951,2017-12-26T00:25:35.07,BUY,0.001743,3.91858639
57268952,2017-12-26T00:25:35.07,BUY,0.001743,1.44628088
57268954,2017-12-26T00:25:35.103,BUY,0.001743,1.46781632
57268955,2017-12-26T00:25:35.103,BUY,0.001743,2.89855535
57268956,2017-12-26T00:25:35.103,BUY,0.001743,2.90630549
57268957,2017-12-26T00:25:35.103,BUY,0.001743,4.03055742
57268958,2017-12-26T00:25:35.103,BUY,0.001743,4.01980927
57268959,2017-12-26T00:25:35.103,BUY,0.001743,3.80641556
57268960,2017-12-26T00:25:35.103,BUY,0.001743,7.70968391
57268961,2017-12-26T00:25:35.103,BUY,0.001743,16.18373024
57268962,2017-12-26T00:25:35.103,BUY,0.001743,11.06981447
57268963,2017-12-26T00:25:35.103,BUY,0.001743,19.91849269
57268985,2017-12-26T00:25:42.12,BUY,0.00174299,2.0
57268986,2017-12-26T00:25:42.12,BUY,0.001743,34.86436
57268987,2017-12-26T00:25:42.12,BUY,0.001743,6.0
57268988,2017-12-26T00:25:42.12,BUY,0.001743,0.8
57268989,2017-12-26T00:25:42.12,BUY,0.001743,3.0
57268990,2017-12-26T00:25:42.12,BUY,0.0017432,8.0
57268991,2017-12-26T00:25:42.12,BUY,0.00174324,1.27677283
57268992,2017-12-26T00:25:42.12,BUY,0.00174325,24.49535544
57268993,2017-12-26T00:25:42.12,BUY,0.00174359,12.97800801
57268994,2017-12-26T00:25:42.12,BUY,0.00174368,4.71053918
57268995,2017-12-26T00:25:42.12,BUY,0.0017438,1.0
57268996,2017-12-26T00:25:42.12,BUY,0.00174387,12.0
57268997,2017-12-26T00:25:42.12,BUY,0.001744,27.52074354
57269017,2017-12-26T00:25:46.527,BUY,0.001744,3.40565319
57269018,2017-12-26T00:25:46.527,BUY,0.001744,1.0
57269019,2017-12-26T00:25:46.527,BUY,0.001744,23.12004407
57269022,2017-12-26T00:25:46.68,SELL,0.00174387,41.42011834
57269026,2017-12-26T00:25:46.917,BUY,0.001744,3.99069699
57269034,2017-12-26T00:25:47.87,SELL,0.00174387,13.27
57269036,2017-12-26T00:25:48.027,SELL,0.00174387,56.43491711
57269037,2017-12-26T00:25:48.027,SELL,0.001743,13.26508289
57269039,2017-12-26T00:25:48.137,SELL,0.001743,15.0
57269051,2017-12-26T00:25:50.51,SELL,0.001743,5.7883701
57269053,2017-12-26T00:25:50.65,SELL,0.001743,1.96838651
57269055,2017-12-26T00:25:50.87,SELL,0.001743,0.6547619
57269059,2017-12-26T00:25:51.15,SELL,0.001743,0.70588235
57269060,2017-12-26T00:25:51.743,SELL,0.001743,46.391432
57269061,2017-12-26T00:25:51.743,SELL,0.0017427,9.108568
57269068,2017-12-26T00:25:52.76,BUY,0.001744,1.1673425
57269069,2017-12-26T00:25:53.027,SELL,0.0017427,1.13120824
57269085,2017-12-26T00:25:55.667,SELL,0.0017427,0.70837834
57269092,2017-12-26T00:25:56.777,BUY,0.001744,2.07462087
57269093,2017-12-26T00:25:56.777,BUY,0.001744,4.0
57269094,2017-12-26T00:25:56.777,BUY,0.001744,4.5
57269095,2017-12-26T00:25:56.777,BUY,0.001744,2.05839
57269096,2017-12-26T00:25:56.777,BUY,0.00174409,1.0
57269097,2017-12-26T00:25:56.777,BUY,0.0017441,1.0
57269098,2017-12-26T00:25:56.777,BUY,0.0017441,20.0
57269099,2017-12-26T00:25:56.777,BUY,0.0017441,2.0
57269100,2017-12-26T00:25:56.777,BUY,0.0017441,1.0
57269101,2017-12-26T00:25:56.777,BUY,0.0017441,3.0
57269102,2017-12-26T00:25:56.777,BUY,0.0017441,0.40271364
57269103,2017-12-26T00:25:56.777,BUY,0.0017441,12.94094026
57269104,2017-12-26T00:25:56.777,BUY,0.0017441,1.0
57269105,2017-12-26T00:25:56.777,BUY,0.0017441,3.05799652
57269106,2017-12-26T00:25:56.777,BUY,0.0017441,1.22465299
57269107,2017-12-26T00:25:56.777,BUY,0.0017441,1.0
57269108,2017-12-26T00:25:56.777,BUY,0.0017441,1.0
57269109,2017-12-26T00:25:56.777,BUY,0.0017441,1.7
57269111,2017-12-26T00:25:56.777,BUY,0.0017441,4.09270022
57269112,2017-12-26T00:25:56.777,BUY,0.00174444,11.09406533
57269113,2017-12-26T00:25:56.777,BUY,0.00174444,0.75
57269114,2017-12-26T00:25:56.777,BUY,0.00174455,1.0
57269115,2017-12-26T00:25:56.777,BUY,0.00174495,12.52800986
57269116,2017-12-26T00:25:56.793,BUY,0.00174495,6.67509837
57269117,2017-12-26T00:25:56.793,BUY,0.001745,20.73702314
57269118,2017-12-26T00:25:56.793,BUY,0.001745,25.0
57269119,2017-12-26T00:25:56.793,BUY,0.001745,6.97682086
57269120,2017-12-26T00:25:56.793,BUY,0.0017456,7.06998774
57269124,2017-12-26T00:25:57.48,SELL,0.001743,0.85464621
57269141,2017-12-26T00:26:02.027,SELL,0.001743,8.89346416
57269144,2017-12-26T00:26:02.933,SELL,0.001743,5.91366055
57269148,2017-12-26T00:26:03.387,SELL,0.001743,45.09
57269151,2017-12-26T00:26:03.793,BUY,0.0017441,1.0
57269152,2017-12-26T00:26:03.793,BUY,0.0017446,0.1673425
57269154,2017-12-26T00:26:04.12,SELL,0.001743,8.72036131
57269155,2017-12-26T00:26:04.12,SELL,0.0017427,45.63963869
57269159,2017-12-26T00:26:04.463,SELL,0.0017427,13.78
57269162,2017-12-26T00:26:04.667,BUY,0.0017429,10.48
57269163,2017-12-26T00:26:04.667,BUY,0.00174409,4.52
57269172,2017-12-26T00:26:05.607,BUY,0.00174409,10.48
57269173,2017-12-26T00:26:05.62,BUY,0.00174459,1.48153945
57269180,2017-12-26T00:26:07.323,SELL,0.00174301,0.50280795
57269181,2017-12-26T00:26:07.323,SELL,0.00174301,0.38289722
57269182,2017-12-26T00:26:07.323,SELL,0.00174271,49.25332061
57269183,2017-12-26T00:26:07.323,SELL,0.0017427,24.86097422
57269199,2017-12-26T00:26:10.37,SELL,0.001743,0.98111004
57269214,2017-12-26T00:26:12.183,SELL,0.0017427,1.0
57269216,2017-12-26T00:26:12.903,BUY,0.001743,2.01469583
57269217,2017-12-26T00:26:12.903,BUY,0.00174409,7.13551691
57269219,2017-12-26T00:26:12.933,BUY,0.00174409,7.86448309
57269220,2017-12-26T00:26:12.933,BUY,0.00174459,1.78768073
57269221,2017-12-26T00:26:12.933,BUY,0.0017446,9.8326575
57269222,2017-12-26T00:26:12.933,BUY,0.001745,1.0
57269223,2017-12-26T00:26:12.933,BUY,0.0017456,2.93001226
57269224,2017-12-26T00:26:12.933,BUY,0.001746,4.03580984
57269226,2017-12-26T00:26:13.247,BUY,0.001746,5.40558862
57269227,2017-12-26T00:26:13.247,BUY,0.00174625,0.36748297
57269228,2017-12-26T00:26:13.247,BUY,0.00174688,15.0
57269229,2017-12-26T00:26:13.247,BUY,0.00174708,3.02352414
57269244,2017-12-26T00:26:15.59,BUY,0.00174747,10.0
57269245,2017-12-26T00:26:15.59,BUY,0.001748,11.59883721
57269246,2017-12-26T00:26:15.59,BUY,0.0017488,3.0
57269247,2017-12-26T00:26:15.59,BUY,0.0017489,13.0
57269248,2017-12-26T00:26:15.59,BUY,0.001749,1.4346897
57269249,2017-12-26T00:26:15.59,BUY,0.001749,2.0
57269250,2017-12-26T00:26:15.59,BUY,0.001749,20.0
57269251,2017-12-26T00:26:15.59,BUY,0.001749,5.00379558
57269256,2017-12-26T00:26:16.53,BUY,0.00174698,8.27999999
57269258,2017-12-26T00:26:16.653,BUY,0.001749,0.99620442
57269259,2017-12-26T00:26:16.67,BUY,0.0017491,68.78096492
57269261,2017-12-26T00:26:16.683,BUY,0.0017491,6.21903508
57269262,2017-12-26T00:26:16.683,BUY,0.00174932,0.54163386
57269263,2017-12-26T00:26:16.683,BUY,0.0017495,3.0
57269264,2017-12-26T00:26:16.683,BUY,0.00174952,1.93554568
57269265,2017-12-26T00:26:16.683,BUY,0.00174961,5.95301652
57269266,2017-12-26T00:26:16.683,BUY,0.00174976,5.60982531
57269269,2017-12-26T00:26:17.607,BUY,0.00174976,0.01806517
57269270,2017-12-26T00:26:17.607,BUY,0.00174982,25.0
57269271,2017-12-26T00:26:17.607,BUY,0.00174986,0.58278828
57269272,2017-12-26T00:26:17.607,BUY,0.00174988,1.0
57269273,2017-12-26T00:26:17.607,BUY,0.0017499,172.0
57269274,2017-12-26T00:26:17.607,BUY,0.00174997,338.25985079
57269277,2017-12-26T00:26:17.92,SELL,0.0017488,15.95915874
57269282,2017-12-26T00:26:18.48,BUY,0.0017488,2.6e-07
57269283,2017-12-26T00:26:18.48,BUY,0.0017488,15.959
57269284,2017-12-26T00:26:18.48,BUY,0.00174997,520.90170398
57269293,2017-12-26T00:26:19.653,SELL,0.00174625,10.0
57269302,2017-12-26T00:26:20.513,BUY,0.00174747,1.0
57269303,2017-12-26T00:26:20.513,BUY,0.00174997,128.95032642
57269306,2017-12-26T00:26:20.747,BUY,0.00174997,475.82337669
57269309,2017-12-26T00:26:21.06,BUY,0.00174997,212.7362565
57269313,2017-12-26T00:26:21.34,SELL,0.00174708,33.11
57269316,2017-12-26T00:26:21.59,BUY,0.00174997,18.67367102
57269318,2017-12-26T00:26:21.717,SELL,0.00174708,0.64158908
57269322,2017-12-26T00:26:21.857,BUY,0.00174997,152.14347559
57269328,2017-12-26T00:26:22.53,SELL,0.00174708,1.0
57269356,2017-12-26T00:26:26.187,SELL,0.00174709,8.58570537
57269357,2017-12-26T00:26:26.187,SELL,0.00174708,50.64597392
57269377,2017-12-26T00:26:27.467,SELL,0.00174708,7.34
57269380,2017-12-26T00:26:27.56,BUY,0.00174996,2.85769183
57269397,2017-12-26T00:26:28.843,BUY,0.00174996,31.73541607
57269398,2017-12-26T00:26:28.843,BUY,0.00174997,185.67154351
57269415,2017-12-26T00:26:30.56,BUY,0.00174997,40.0671372
57269422,2017-12-26T00:26:31.547,SELL,0.00174709,1.18343195
57269425,2017-12-26T00:26:32.11,SELL,0.00174709,1.50132109
57269426,2017-12-26T00:26:32.11,SELL,0.00174708,0.24676704
57269429,2017-12-26T00:26:32.7,BUY,0.00174997,28.5006667
57269436,2017-12-26T00:26:34.31,SELL,0.00174708,76.56830078
57269437,2017-12-26T00:26:34.31,SELL,0.00174708,30.23448259
57269438,2017-12-26T00:26:34.31,SELL,0.00174708,30.67729056
57269439,2017-12-26T00:26:34.31,SELL,0.00174708,25.0
57269440,2017-12-26T00:26:34.31,SELL,0.00174625,143.44905451
57269447,2017-12-26T00:26:36.06,BUY,0.00174708,1.05891171
57269448,2017-12-26T00:26:36.06,BUY,0.00174996,10.04155426
57269450,2017-12-26T00:26:36.453,SELL,0.00174625,149.60872837
57269451,2017-12-26T00:26:36.453,SELL,0.00174625,40.33180327
57269452,2017-12-26T00:26:36.453,SELL,0.00174558,12.81517437
57269459,2017-12-26T00:26:37.763,BUY,0.00174625,2.73013159
57269463,2017-12-26T00:26:38.077,SELL,0.00174708,3.0
57269476,2017-12-26T00:26:41.17,SELL,0.00174708,0.87977571
57269492,2017-12-26T00:26:42.797,BUY,0.00174996,4.95844574
57269493,2017-12-26T00:26:42.797,BUY,0.00174996,15.93019773
57269503,2017-12-26T00:26:44.267,SELL,0.00174996,1.49709563
57269517,2017-12-26T00:26:45.58,SELL,0.00174996,69.35339469
57269518,2017-12-26T00:26:45.58,SELL,0.00174708,29.07485037
57269536,2017-12-26T00:26:48,SELL,0.00174708,9.6667052
57269537,2017-12-26T00:26:48,SELL,0.00174708,1.31075967
57269549,2017-12-26T00:26:50.563,BUY,0.00174997,398.2719916
57269550,2017-12-26T00:26:50.563,BUY,0.00174997,5.93019773
57269551,2017-12-26T00:26:50.563,BUY,0.00174998,2.0
57269552,2017-12-26T00:26:50.563,BUY,0.00174999,9.51233952
57269553,2017-12-26T00:26:50.563,BUY,0.00174999,25.0
57269554,2017-12-26T00:26:50.563,BUY,0.00174999,5.0
57269555,2017-12-26T00:26:50.563,BUY,0.00174999,143.62296891
57269566,2017-12-26T00:26:52.47,BUY,0.00174999,8.78948343
57269597,2017-12-26T00:26:57.237,SELL,0.00174708,4.73728778
57269610,2017-12-26T00:26:58.75,SELL,0.00174708,16.82290548
57269616,2017-12-26T00:27:00.08,SELL,0.00174708,0.71659759
57269630,2017-12-26T00:27:02.5,SELL,0.00174708,0.88495575
57269635,2017-12-26T00:27:03.36,SELL,0.00174708,0.89304851
57269647,2017-12-26T00:27:06.487,SELL,0.00174708,1.18495698
57269652,2017-12-26T00:27:06.97,SELL,0.00174709,0.96596378
57269657,2017-12-26T00:27:07.503,BUY,0.00174998,15.0
57269658,2017-12-26T00:27:07.503,BUY,0.00174999,47.16398614
57269735,2017-12-26T00:27:18.317,SELL,0.00174709,0.88704908
57269822,2017-12-26T00:27:28.973,SELL,0.00174709,0.04517307
57269823,2017-12-26T00:27:28.973,SELL,0.00174709,9.95482693
57269828,2017-12-26T00:27:29.707,SELL,0.00174709,8.89202341
57269964,2017-12-26T00:27:51.117,BUY,0.00174713,0.80260883
57269970,2017-12-26T00:27:54.303,SELL,0.00174709,40.44487533
57269971,2017-12-26T00:27:54.303,SELL,0.00174709,40.62385032
57269976,2017-12-26T00:27:55.63,SELL,0.00174709,0.44946048
57269980,2017-12-26T00:27:56.1,BUY,0.00174713,0.38200428
57269985,2017-12-26T00:27:56.553,SELL,0.0017472,1.08611457
57269986,2017-12-26T00:27:56.553,SELL,0.00174709,1.78987666
57269991,2017-12-26T00:27:57.913,SELL,0.00174301,1.46483231
57270012,2017-12-26T00:28:00.553,BUY,0.001747,20.0
57270013,2017-12-26T00:28:00.553,BUY,0.00174709,37.0618222
57270046,2017-12-26T00:28:06.243,SELL,0.00174709,0.76657271
57270076,2017-12-26T00:28:09.6,BUY,0.00174998,13.54840845
57270080,2017-12-26T00:28:12.727,SELL,0.00174564,2.35168233
57270082,2017-12-26T00:28:13.103,SELL,0.00174564,26.55051176
57270083,2017-12-26T00:28:13.163,SELL,0.00174564,4.14201183
57270085,2017-12-26T00:28:13.243,BUY,0.00174998,2.38178928
57270086,2017-12-26T00:28:13.243,BUY,0.00174998,18.11081825
57270087,2017-12-26T00:28:13.243,BUY,0.00174999,106.18067147
57270089,2017-12-26T00:28:13.913,SELL,0.00174564,4.78168614
57270093,2017-12-26T00:28:15.493,SELL,0.00174564,1.1764775
57270094,2017-12-26T00:28:15.51,SELL,0.00174564,42.0048581
57270105,2017-12-26T00:28:16.477,BUY,0.00174999,194.24289005
57270106,2017-12-26T00:28:16.477,BUY,0.00174999,15.93019773
57270107,2017-12-26T00:28:16.477,BUY,0.00175,39.22185354
57270108,2017-12-26T00:28:16.477,BUY,0.00175,50.0
57270109,2017-12-26T00:28:16.477,BUY,0.00175,1.0
57270110,2017-12-26T00:28:16.477,BUY,0.00175,20.0
57270111,2017-12-26T00:28:16.477,BUY,0.00175,3.0
57270112,2017-12-26T00:28:16.477,BUY,0.00175,2.0
57270113,2017-12-26T00:28:16.477,BUY,0.00175,6.58842023
57270114,2017-12-26T00:28:16.477,BUY,0.00175,50.0
57270115,2017-12-26T00:28:16.477,BUY,0.00175,1.0
57270116,2017-12-26T00:28:16.477,BUY,0.00175,1.0
57270117,2017-12-26T00:28:16.477,BUY,0.00175,1.0
57270118,2017-12-26T00:28:16.477,BUY,0.00175,50.0
57270119,2017-12-26T00:28:16.477,BUY,0.00175,11.42567397
57270120,2017-12-26T00:28:16.493,BUY,0.00175,3.91641308
57270121,2017-12-26T00:28:16.493,BUY,0.00175,0.7
57270122,2017-12-26T00:28:16.493,BUY,0.00175,7.0
57270123,2017-12-26T00:28:16.493,BUY,0.00175,5.0
57270124,2017-12-26T00:28:16.493,BUY,0.00175,44.72126196
57270125,2017-12-26T00:28:16.493,BUY,0.00175,50.0
57270126,2017-12-26T00:28:16.493,BUY,0.00175,1.0
57270127,2017-12-26T00:28:16.493,BUY,0.00175,7.88510824
57270128,2017-12-26T00:28:16.493,BUY,0.00175,5.0
57270129,2017-12-26T00:28:16.493,BUY,0.00175,2.19546904
57270130,2017-12-26T00:28:16.493,BUY,0.00175,5.0
57270131,2017-12-26T00:28:16.493,BUY,0.00175,10.96769269
57270132,2017-12-26T00:28:16.493,BUY,0.00175,10.0
57270133,2017-12-26T00:28:16.493,BUY,0.00175,4.457115
57270134,2017-12-26T00:28:16.493,BUY,0.00175,2.90136583
57270135,2017-12-26T00:28:16.493,BUY,0.00175,36.79848516
57270136,2017-12-26T00:28:16.493,BUY,0.00175,30.1575499
57270137,2017-12-26T00:28:16.493,BUY,0.00175,7.0
57270138,2017-12-26T00:28:16.493,BUY,0.00175,300.0
57270139,2017-12-26T00:28:16.493,BUY,0.00175,5.0
57270140,2017-12-26T00:28:16.493,BUY,0.00175,7.0
57270141,2017-12-26T00:28:16.493,BUY,0.00175,36.0
57270142,2017-12-26T00:28:16.493,BUY,0.00175,0.68793103
57270143,2017-12-26T00:28:16.493,BUY,0.00175,30.0
57270144,2017-12-26T00:28:16.493,BUY,0.00175,6.10837389
57270145,2017-12-26T00:28:16.493,BUY,0.00175,5.99322933
57270146,2017-12-26T00:28:16.493,BUY,0.00175,30.0
57270147,2017-12-26T00:28:16.493,BUY,0.00175,0.74493096
57270148,2017-12-26T00:28:16.493,BUY,0.00175,250.0
57270149,2017-12-26T00:28:16.493,BUY,0.00175,0.5846155
57270150,2017-12-26T00:28:16.493,BUY,0.00175,100.82504332
57270151,2017-12-26T00:28:16.493,BUY,0.00175,3.11028655
57270152,2017-12-26T00:28:16.493,BUY,0.00175,30.92524616
57270153,2017-12-26T00:28:16.493,BUY,0.00175,0.61623525
57270154,2017-12-26T00:28:16.493,BUY,0.00175,337.95144216
57270155,2017-12-26T00:28:16.493,BUY,0.00175,10.0
57270156,2017-12-26T00:28:16.493,BUY,0.00175,5.0
57270157,2017-12-26T00:28:16.493,BUY,0.00175,17.9
57270158,2017-12-26T00:28:16.493,BUY,0.00175,15.82046351
57270159,2017-12-26T00:28:16.51,BUY,0.00175,30.0
57270160,2017-12-26T00:28:16.51,BUY,0.00175,2.0
57270161,2017-12-26T00:28:16.51,BUY,0.00175,1.0
57270162,2017-12-26T00:28:16.51,BUY,0.00175,18.78547411
57270163,2017-12-26T00:28:16.51,BUY,0.00175,30.73179231
57270164,2017-12-26T00:28:16.51,BUY,0.00175,42.1054395
57270169,2017-12-26T00:28:17.01,SELL,0.00174713,1.0569583
57270170,2017-12-26T00:28:17.087,SELL,0.00174713,1.17028186
57270172,2017-12-26T00:28:17.383,SELL,0.00174713,40.20856474
57270173,2017-12-26T00:28:17.383,SELL,0.00174564,115.53807234
57270174,2017-12-26T00:28:17.383,SELL,0.00174563,71.27630273
57270175,2017-12-26T00:28:17.383,SELL,0.00174271,100.69443302
57270181,2017-12-26T00:28:17.947,BUY,0.00175,23.76658058
57270182,2017-12-26T00:28:17.947,BUY,0.00175,20.0
57270183,2017-12-26T00:28:17.947,BUY,0.00175,5.02444249
57270184,2017-12-26T00:28:17.947,BUY,0.00175,94.9
57270185,2017-12-26T00:28:17.947,BUY,0.00175,29.85990819
57270186,2017-12-26T00:28:17.947,BUY,0.00175,0.72224782
57270187,2017-12-26T00:28:17.947,BUY,0.00175,7.26607148
57270188,2017-12-26T00:28:17.947,BUY,0.00175001,43.42532144
57270191,2017-12-26T00:28:18.477,SELL,0.00175,15.39
57270201,2017-12-26T00:28:19.4,BUY,0.00175,5.61
57270202,2017-12-26T00:28:19.4,BUY,0.00175,23.64199688
57270203,2017-12-26T00:28:19.4,BUY,0.00175,10.58883842
57270204,2017-12-26T00:28:19.4,BUY,0.00175,18.0
57270205,2017-12-26T00:28:19.4,BUY,0.00175,66.77913679
57270206,2017-12-26T00:28:19.4,BUY,0.00175001,82.46491663
57270207,2017-12-26T00:28:19.447,SELL,0.00174271,100.0
57270219,2017-12-26T00:28:20.9,SELL,0.00174564,1.14745351
57270234,2017-12-26T00:28:23.4,SELL,0.00174564,7.61904761
57270240,2017-12-26T00:28:24.197,SELL,0.00174564,69.91853703
57270241,2017-12-26T00:28:24.197,SELL,0.00174273,106.65591853
57270244,2017-12-26T00:28:24.48,SELL,0.00174273,10.64575434
57270246,2017-12-26T00:28:24.667,SELL,0.00174565,2.95677782
57270257,2017-12-26T00:28:25.9,BUY,0.00175001,14.20460991
57270259,2017-12-26T00:28:26.103,SELL,0.00174565,4.43524541
57270271,2017-12-26T00:28:28.917,BUY,0.00175,1.62322449
57270273,2017-12-26T00:28:28.947,SELL,0.00174564,0.70463887
57270274,2017-12-26T00:28:29.15,SELL,0.00174564,0.38087122
57270275,2017-12-26T00:28:29.15,SELL,0.00174276,8.5477002
57270281,2017-12-26T00:28:30.34,BUY,0.00174564,1.18504427
57270282,2017-12-26T00:28:30.34,BUY,0.00175,1.08145238
57270283,2017-12-26T00:28:30.34,BUY,0.00175001,87.58408312
57270289,2017-12-26T00:28:31.23,BUY,0.00175001,22.83127906
57270292,2017-12-26T00:28:32.197,BUY,0.00175052,0.48717502
57270294,2017-12-26T00:28:32.713,BUY,0.00175,18.52518638
57270298,2017-12-26T00:28:32.993,SELL,0.00174276,2.07221982
57270299,2017-12-26T00:28:33.137,SELL,0.00174276,29.51576436
57270301,2017-12-26T00:28:33.51,BUY,0.00175,24.92784615
57270303,2017-12-26T00:28:33.637,BUY,0.00175,16.2759168
57270304,2017-12-26T00:28:33.637,BUY,0.00175052,3.8131128
57270305,2017-12-26T00:28:33.637,BUY,0.00175059,1.71986009
57270315,2017-12-26T00:28:35.073,BUY,0.00175081,1.1673425
57270316,2017-12-26T00:28:35.073,SELL,0.00175059,0.88824145
57270319,2017-12-26T00:28:35.557,SELL,0.00175059,1.61921557
57270320,2017-12-26T00:28:35.557,SELL,0.00174277,16.23792728
57270321,2017-12-26T00:28:35.603,SELL,0.00174277,0.47085412
57270330,2017-12-26T00:28:36.073,BUY,0.00175081,3.8326575
57270331,2017-12-26T00:28:36.09,BUY,0.001752,7.77484522
57270332,2017-12-26T00:28:36.09,BUY,0.001752,0.5
57270333,2017-12-26T00:28:36.09,BUY,0.00175258,1.2556927
57270342,2017-12-26T00:28:37.057,SELL,0.00175258,5.91491979
57270346,2017-12-26T00:28:37.433,SELL,0.00175258,0.88767901
57270347,2017-12-26T00:28:37.48,SELL,0.00175258,1.18357902
57270352,2017-12-26T00:28:37.887,SELL,0.00175258,2.87978895
57270353,2017-12-26T00:28:37.887,SELL,0.001752,0.48717502
57270354,2017-12-26T00:28:37.887,SELL,0.00175,2.51542357
57270357,2017-12-26T00:28:38.183,BUY,0.00175311,12.63616063
57270358,2017-12-26T00:28:38.183,BUY,0.00175315,7.28478757
57270359,2017-12-26T00:28:38.23,SELL,0.00175,0.79735867
57270366,2017-12-26T00:28:38.51,SELL,0.00175311,10.42870263
57270368,2017-12-26T00:28:38.543,BUY,0.00175315,292.71521243
57270370,2017-12-26T00:28:38.667,SELL,0.00175315,1.76841975
57270375,2017-12-26T00:28:39.01,SELL,0.00175315,0.71428571
57270378,2017-12-26T00:28:39.103,SELL,0.00175315,2.12359311
57270380,2017-12-26T00:28:39.137,SELL,0.00175315,2.95857988
57270384,2017-12-26T00:28:39.463,SELL,0.00175315,0.9241
57270385,2017-12-26T00:28:39.497,SELL,0.00175315,19.76210555
57270392,2017-12-26T00:28:39.84,BUY,0.0017535,2.0
57270393,2017-12-26T00:28:39.84,BUY,0.0017549,5.0
57270394,2017-12-26T00:28:39.84,BUY,0.001755,7.52471554
57270395,2017-12-26T00:28:39.84,BUY,0.00175546,4.0
57270396,2017-12-26T00:28:39.84,BUY,0.0017555,6.0
57270397,2017-12-26T00:28:39.84,BUY,0.00175555,50.0
57270398,2017-12-26T00:28:39.84,BUY,0.00175622,0.62634522
57270399,2017-12-26T00:28:39.84,BUY,0.00175688,1.75512914
57270400,2017-12-26T00:28:39.84,BUY,0.00175715,10.0
57270401,2017-12-26T00:28:39.84,BUY,0.00175746,15.0
57270404,2017-12-26T00:28:40.057,SELL,0.00175746,1e-07
57270405,2017-12-26T00:28:40.057,SELL,0.00175555,1.6999999
57270408,2017-12-26T00:28:40.12,SELL,0.00175555,2.0
57270415,2017-12-26T00:28:40.637,BUY,0.0017567,3.14529861
57270416,2017-12-26T00:28:40.637,BUY,0.00175796,0.83307382
57270417,2017-12-26T00:28:40.637,BUY,0.00175796,0.97759407
57270418,2017-12-26T00:28:40.637,BUY,0.001759,2.61332033
57270419,2017-12-26T00:28:40.637,BUY,0.00175902,0.92781046
57270424,2017-12-26T00:28:41.183,BUY,0.0017592,0.5
57270425,2017-12-26T00:28:41.183,BUY,0.00175975,4.5
57270426,2017-12-26T00:28:41.183,BUY,0.00175995,2.00935969
57270427,2017-12-26T00:28:41.183,BUY,0.00175998,1.04825712
57270428,2017-12-26T00:28:41.183,BUY,0.00175999,26.83875519
57270432,2017-12-26T00:28:41.65,SELL,0.00175902,0.51810419
57270443,2017-12-26T00:28:42.56,SELL,0.00175902,15.10025218
57270444,2017-12-26T00:28:42.56,SELL,0.00175902,24.10695884
57270445,2017-12-26T00:28:42.56,SELL,0.00175555,7.57315746
57270447,2017-12-26T00:28:42.823,SELL,0.00175555,0.89285714
57270450,2017-12-26T00:28:43.107,SELL,0.00175555,0.9439695
57270470,2017-12-26T00:28:44.81,BUY,0.00175892,7.34
57270471,2017-12-26T00:28:44.81,BUY,0.00175999,3.16124481
57270472,2017-12-26T00:28:44.81,BUY,0.00176,4.98668329
57270473,2017-12-26T00:28:44.81,BUY,0.00176,46.3669234
57270480,2017-12-26T00:28:45.277,SELL,0.00175892,4.76592424
57270487,2017-12-26T00:28:47.37,SELL,0.00175892,1.13
57270490,2017-12-26T00:28:48.793,SELL,0.00175892,1.13
57270495,2017-12-26T00:28:49.637,BUY,0.00176,63.27168837
57270497,2017-12-26T00:28:50.183,SELL,0.00175892,29.40303794
57270498,2017-12-26T00:28:50.183,SELL,0.00175555,20.59696206
57270499,2017-12-26T00:28:50.183,SELL,0.00175555,1.13
57270517,2017-12-26T00:28:52.247,BUY,0.00176,63.27168837
57270519,2017-12-26T00:28:52.277,BUY,0.00176,27.08969986
57270520,2017-12-26T00:28:52.277,BUY,0.00176,1.5
57270521,2017-12-26T00:28:52.277,BUY,0.00176,1.68707864
57270522,2017-12-26T00:28:52.277,BUY,0.00176,20.0
57270523,2017-12-26T00:28:52.277,BUY,0.00176,12.99490987
57270526,2017-12-26T00:28:52.403,BUY,0.00176,1.1673425
57270534,2017-12-26T00:28:53.387,SELL,0.00175555,15.163
57270545,2017-12-26T00:28:54.433,SELL,0.00175555,5.394e-05
57270546,2017-12-26T00:28:55.09,SELL,0.00175,50.0
57270560,2017-12-26T00:28:57.45,BUY,0.00175555,1.75994606
57270561,2017-12-26T00:28:57.45,BUY,0.00175892,5.0
57270562,2017-12-26T00:28:57.45,BUY,0.00175999,6.47
57270563,2017-12-26T00:28:57.45,BUY,0.00176,5.83774763
57270564,2017-12-26T00:28:57.45,BUY,0.00176,14.98069743
57270565,2017-12-26T00:28:57.45,BUY,0.00176,29.42358286
57270572,2017-12-26T00:28:57.95,BUY,0.00176,5.96628
57270575,2017-12-26T00:28:58.107,BUY,0.00176,226.18038
57270588,2017-12-26T00:28:59.747,BUY,0.00176,14.16949877
57270599,2017-12-26T00:29:01.45,SELL,0.00175001,17.97063598
57270602,2017-12-26T00:29:01.577,BUY,0.00176,74.26025837
57270603,2017-12-26T00:29:01.577,BUY,0.00176,20.0
57270604,2017-12-26T00:29:01.577,BUY,0.00176,34.96889452
57270607,2017-12-26T00:29:01.793,SELL,0.00175555,1.01401729
57270609,2017-12-26T00:29:02.077,SELL,0.00175555,5.96636
57270618,2017-12-26T00:29:03.09,BUY,0.00176,30.0
57270623,2017-12-26T00:29:03.793,SELL,0.00175555,5.88235294
57270627,2017-12-26T00:29:04.403,SELL,0.00175555,7.34
57270638,2017-12-26T00:29:04.857,BUY,0.00176,235.03110548
57270639,2017-12-26T00:29:04.857,BUY,0.00176,10.0
57270640,2017-12-26T00:29:04.857,BUY,0.00176,1.0
57270641,2017-12-26T00:29:04.857,BUY,0.00176,14.32393269
57270650,2017-12-26T00:29:05.467,SELL,0.00176,2.73196457
57270651,2017-12-26T00:29:05.543,SELL,0.00176,5.93019773
57270653,2017-12-26T00:29:05.733,SELL,0.00176,2.36825122
57270656,2017-12-26T00:29:05.967,BUY,0.00176016,5.0
57270657,2017-12-26T00:29:05.967,BUY,0.00176122,234.64
57270658,2017-12-26T00:29:06.043,SELL,0.00176,1.05941555
57270659,2017-12-26T00:29:06.233,SELL,0.00176,0.71444306
57270666,2017-12-26T00:29:06.623,SELL,0.00176016,0.88757396
57270672,2017-12-26T00:29:07.28,SELL,0.00176016,0.88980637
57270681,2017-12-26T00:29:08.827,BUY,0.00176122,126.01988321
57270683,2017-12-26T00:29:08.967,SELL,0.00176122,0.92093289
57270684,2017-12-26T00:29:09.59,SELL,0.00176122,0.52367397
57270814,2017-12-26T00:29:21.72,BUY,0.001768,7.19217812
57270824,2017-12-26T00:29:23.14,BUY,0.0017666,5.93019773
57270827,2017-12-26T00:29:23.547,BUY,0.001768,26.8588163
57270828,2017-12-26T00:29:23.547,BUY,0.001769,20.04843588
57270829,2017-12-26T00:29:23.593,SELL,0.0017666,6.88497663
57270830,2017-12-26T00:29:23.593,SELL,0.00176579,14.12852246
57270831,2017-12-26T00:29:23.593,SELL,0.00176579,8.48250091
57270833,2017-12-26T00:29:23.873,SELL,0.00176579,5.6474338
57270834,2017-12-26T00:29:23.873,SELL,0.00176579,14.09431193
57270835,2017-12-26T00:29:23.873,SELL,0.0017613,1.56841343
57270836,2017-12-26T00:29:23.873,SELL,0.0017613,0.50800084
57270846,2017-12-26T00:29:26.11,BUY,0.001769,19.72797638
57270847,2017-12-26T00:29:26.123,SELL,0.0017666,12.81517436
57270848,2017-12-26T00:29:26.14,SELL,0.0017613,1.34482564
57270850,2017-12-26T00:29:26.203,BUY,0.001769,61.67191405
57270862,2017-12-26T00:29:27.767,SELL,0.0017666,1.13
57270864,2017-12-26T00:29:27.843,SELL,0.0017666,3.38092298
57270869,2017-12-26T00:29:28.267,BUY,0.00176899,14.05892916
57270872,2017-12-26T00:29:28.47,BUY,0.00176899,343.71977359
57270875,2017-12-26T00:29:28.86,BUY,0.00176899,3.30609725
57270878,2017-12-26T00:29:29.047,SELL,0.00176899,0.6
57270880,2017-12-26T00:29:29.127,SELL,0.00176899,51.245
57270883,2017-12-26T00:29:29.39,SELL,0.00176899,1.13
57270889,2017-12-26T00:29:30.157,SELL,0.00176899,29.8
57270895,2017-12-26T00:29:30.25,BUY,0.001769,21.44718346
57270896,2017-12-26T00:29:30.267,BUY,0.00176915,0.50280795
57270897,2017-12-26T00:29:30.267,BUY,0.00176915,0.38289722
57270898,2017-12-26T00:29:30.267,BUY,0.00176988,0.41569556
57270901,2017-12-26T00:29:30.297,BUY,0.00176988,0.58430444
57270905,2017-12-26T00:29:30.733,BUY,0.00177,20.0
57270906,2017-12-26T00:29:30.733,BUY,0.00177,25.68147106
57270907,2017-12-26T00:29:30.733,BUY,0.00177,5.0
57270908,2017-12-26T00:29:30.733,BUY,0.00177,36.48769908
57270909,2017-12-26T00:29:30.733,BUY,0.00177,47.10562986
57270910,2017-12-26T00:29:30.797,SELL,0.00176988,1.13
57270919,2017-12-26T00:29:32.173,SELL,0.00176988,12.37783752
57270920,2017-12-26T00:29:32.173,SELL,0.00176988,135.34216248
57270921,2017-12-26T00:29:32.203,SELL,0.00176988,1.13
57270923,2017-12-26T00:29:32.297,SELL,0.00176988,9.9
57270925,2017-12-26T00:29:32.377,BUY,0.00177,27.34933731
57270930,2017-12-26T00:29:32.813,BUY,0.00177,139.3566
57270932,2017-12-26T00:29:32.907,BUY,0.00177,86.18843283
57270933,2017-12-26T00:29:32.907,BUY,0.00177,2.0
57270934,2017-12-26T00:29:32.907,BUY,0.00177,4.0
57270935,2017-12-26T00:29:32.907,BUY,0.00177,6.3219515
57270936,2017-12-26T00:29:32.907,BUY,0.00177,0.5
57270937,2017-12-26T00:29:32.907,BUY,0.00177,1.15923666
57270938,2017-12-26T00:29:32.907,BUY,0.00177,2.0
57270939,2017-12-26T00:29:32.907,BUY,0.00177,1.0
57270940,2017-12-26T00:29:32.907,BUY,0.00177,11.4320763
57270941,2017-12-26T00:29:32.907,BUY,0.00177,2.95118343
57270943,2017-12-26T00:29:33.08,BUY,0.001772,15.0
57270944,2017-12-26T00:29:33.08,BUY,0.001772,0.7
57270945,2017-12-26T00:29:33.08,BUY,0.00177346,6.54831817
57270948,2017-12-26T00:29:33.377,BUY,0.001775,10.0
57270949,2017-12-26T00:29:33.377,BUY,0.001775,3.0
57270950,2017-12-26T00:29:33.377,BUY,0.001775,1.04613629
57270951,2017-12-26T00:29:33.377,BUY,0.00177501,0.8
57270952,2017-12-26T00:29:33.377,BUY,0.001776,6.0
57270953,2017-12-26T00:29:33.377,BUY,0.001776,3.5
57270954,2017-12-26T00:29:33.377,BUY,0.0017762,2.5
57270955,2017-12-26T00:29:33.377,BUY,0.00177621,6.75647042
57270956,2017-12-26T00:29:33.377,BUY,0.0017766,1.0
57270957,2017-12-26T00:29:33.377,BUY,0.0017766,1.0
57270958,2017-12-26T00:29:33.377,BUY,0.00177666,10.0
57270959,2017-12-26T00:29:33.377,BUY,0.0017767,1.01105255
57270960,2017-12-26T00:29:33.377,BUY,0.0017767,20.0
57270961,2017-12-26T00:29:33.377,BUY,0.0017767,1.0
57270962,2017-12-26T00:29:33.377,BUY,0.0017767,0.91573468
57270966,2017-12-26T00:29:33.58,SELL,0.00177666,1.13
57270975,2017-12-26T00:29:34.19,BUY,0.0017767,0.5374294
57270981,2017-12-26T00:29:34.877,SELL,0.00177666,98.376211
57270983,2017-12-26T00:29:34.97,SELL,0.00177666,1.12
57270986,2017-12-26T00:29:35.377,SELL,0.00177666,2.05839055
57270988,2017-12-26T00:29:35.44,SELL,0.00177666,112.57
57270991,2017-12-26T00:29:35.487,BUY,0.0017767,2.54683592
57270992,2017-12-26T00:29:35.487,BUY,0.0017767,14.43770042
57270993,2017-12-26T00:29:35.487,BUY,0.0017767,6.94106113
57270994,2017-12-26T00:29:35.487,BUY,0.0017767,1.2073955
57270995,2017-12-26T00:29:35.487,BUY,0.0017767,1.50512363
57270996,2017-12-26T00:29:35.487,BUY,0.0017767,50.0
57270997,2017-12-26T00:29:35.487,BUY,0.0017767,2.04635011
57270998,2017-12-26T00:29:35.487,BUY,0.001777,200.0
57270999,2017-12-26T00:29:35.487,BUY,0.001777,1.25981595
57271000,2017-12-26T00:29:35.487,BUY,0.001777,0.58913859
57271001,2017-12-26T00:29:35.487,BUY,0.00177729,84.74756681
57271005,2017-12-26T00:29:35.843,BUY,0.00177729,28.06817358
57271008,2017-12-26T00:29:36.343,SELL,0.00177666,1.12
57271016,2017-12-26T00:29:36.72,BUY,0.00177729,223.77622
57271019,2017-12-26T00:29:36.813,BUY,0.00177729,23.85247676
57271022,2017-12-26T00:29:36.97,SELL,0.00177666,1.69
57271029,2017-12-26T00:29:37.703,SELL,0.001777,24.73572961
57271030,2017-12-26T00:29:37.703,SELL,0.00177666,23.56502171
57271031,2017-12-26T00:29:37.75,SELL,0.00177666,1.12
57271037,2017-12-26T00:29:38.36,BUY,0.00177729,53.20556285
57271038,2017-12-26T00:29:38.36,BUY,0.0017773,8.0
57271044,2017-12-26T00:29:38.783,BUY,0.0017777,350.30601581
57271047,2017-12-26T00:29:39.033,SELL,0.0017773,1.929
57271052,2017-12-26T00:29:39.173,SELL,0.0017773,1.12
57271053,2017-12-26T00:29:39.25,SELL,0.0017773,1.929
57271058,2017-12-26T00:29:39.487,SELL,0.0017773,1.929
57271059,2017-12-26T00:29:39.517,SELL,0.0017773,37.27573032
57271062,2017-12-26T00:29:39.547,BUY,0.0017773,3.85799968
57271063,2017-12-26T00:29:39.547,BUY,0.00177769,86.67316804
57271075,2017-12-26T00:29:41.627,BUY,0.00177769,10.11630336
57271080,2017-12-26T00:29:42.017,SELL,0.0017773,7.25339074
57271081,2017-12-26T00:29:42.017,SELL,0.00177666,1.92897767
57271082,2017-12-26T00:29:42.017,SELL,0.00177666,2.74563159
57271083,2017-12-26T00:29:42.017,SELL,0.00177666,7.25436841
57271092,2017-12-26T00:29:42.5,BUY,0.00177666,80.36563159
57271093,2017-12-26T00:29:42.5,BUY,0.00177769,137.02483307
57271100,2017-12-26T00:29:43.517,SELL,0.00177346,5.89020818
57271101,2017-12-26T00:29:43.517,SELL,0.00177346,22.45449861
57271102,2017-12-26T00:29:43.703,SELL,0.00177,2.96080486
57271103,2017-12-26T00:29:44.157,SELL,0.00177,17.03919514
57271104,2017-12-26T00:29:44.157,SELL,0.00177,11.30080486
57271109,2017-12-26T00:29:44.657,BUY,0.00177235,59.55125452
57271115,2017-12-26T00:29:45.347,BUY,0.00177235,81.37403869
57271116,2017-12-26T00:29:45.347,BUY,0.00177346,24.74463361
57271117,2017-12-26T00:29:45.347,BUY,0.00177666,4.23757543
57271118,2017-12-26T00:29:45.347,BUY,0.00177666,1.69
57271119,2017-12-26T00:29:45.347,BUY,0.0017777,149.59398419
57271120,2017-12-26T00:29:45.347,BUY,0.00177776,38.35976808
57271122,2017-12-26T00:29:45.44,SELL,0.00177,1.12
57271128,2017-12-26T00:29:45.69,BUY,0.00177776,5.36463936
57271146,2017-12-26T00:29:48.05,SELL,0.00177,112.994
57271148,2017-12-26T00:29:48.22,SELL,0.00177,12.9
57271173,2017-12-26T00:29:52.8,SELL,0.00177666,115.60691276
57271177,2017-12-26T00:29:53.16,BUY,0.00177133,1.12
57271178,2017-12-26T00:29:53.16,BUY,0.00177234,53.66308724
57271179,2017-12-26T00:29:53.16,BUY,0.00177768,293.2009
57271180,2017-12-26T00:29:53.16,BUY,0.00177769,5.93019773
57271181,2017-12-26T00:29:53.16,BUY,0.00177777,24.12778718
57271194,2017-12-26T00:29:55.11,SELL,0.00177001,62.06695001
57271195,2017-12-26T00:29:55.11,SELL,0.00177,37.93304999
57271202,2017-12-26T00:29:55.55,SELL,0.00177,4.71445156
57271223,2017-12-26T00:29:58.05,BUY,0.00177666,0.5
57271224,2017-12-26T00:29:58.05,BUY,0.00177666,2.42831082
57271260,2017-12-26T00:30:03.13,SELL,0.00177768,36.30840061
57271261,2017-12-26T00:30:03.13,SELL,0.00177001,5.44786594
57271280,2017-12-26T00:30:04.613,SELL,0.00177001,10.0
57271286,2017-12-26T00:30:04.957,BUY,0.00177666,80.0
57271288,2017-12-26T00:30:05.347,SELL,0.00177776,3.93485145
57271297,2017-12-26T00:30:06.33,BUY,0.00177777,0.5835114
57271303,2017-12-26T00:30:07.643,SELL,0.00177776,3.65743043
57271307,2017-12-26T00:30:08.533,SELL,0.00177776,21.13362452
57271311,2017-12-26T00:30:09.207,SELL,0.00177776,23.39550689
57271317,2017-12-26T00:30:09.8,SELL,0.00177776,4.23757543
57271320,2017-12-26T00:30:10.44,SELL,0.00177776,50.0
57271327,2017-12-26T00:30:10.94,BUY,0.00177777,2.0
57271330,2017-12-26T00:30:11.05,SELL,0.00177776,0.85907285
57271333,2017-12-26T00:30:11.05,BUY,0.00177777,23.57721721
57271334,2017-12-26T00:30:11.13,SELL,0.00177776,0.4692956
57271335,2017-12-26T00:30:11.363,SELL,0.00177776,4.71145295
57271341,2017-12-26T00:30:11.817,SELL,0.00177776,1.18432194
57271348,2017-12-26T00:30:12.77,BUY,0.00177777,23.57721721
57271353,2017-12-26T00:30:13.253,BUY,0.00177777,26.134267
57271354,2017-12-26T00:30:13.253,BUY,0.00177777,0.38021947
57271356,2017-12-26T00:30:13.613,BUY,0.00177777,4.61978053
57271357,2017-12-26T00:30:13.613,BUY,0.00177777,18.95743668
57271364,2017-12-26T00:30:14.583,BUY,0.00177777,6.3261551
57271365,2017-12-26T00:30:14.583,BUY,0.00177777,5.93019773
57271366,2017-12-26T00:30:14.583,BUY,0.0017778,12.01807229
57271367,2017-12-26T00:30:14.583,BUY,0.0017787,5.9
57271368,2017-12-26T00:30:14.583,BUY,0.00177901,1.0
57271369,2017-12-26T00:30:14.583,BUY,0.0017792,0.5
57271370,2017-12-26T00:30:14.583,BUY,0.00177989,189.2416339
57271379,2017-12-26T00:30:15.677,BUY,0.00177989,64.19564735
57271386,2017-12-26T00:30:16.613,SELL,0.0017787,25.362115
57271387,2017-12-26T00:30:16.613,SELL,0.0017787,129.800701
57271388,2017-12-26T00:30:16.63,SELL,0.0017787,11.43538462
57271395,2017-12-26T00:30:17.223,SELL,0.00177777,100.0
57271399,2017-12-26T00:30:17.27,BUY,0.00177989,450.44344756
57271408,2017-12-26T00:30:18.113,SELL,0.00177777,7.06253507
57271410,2017-12-26T00:30:18.19,BUY,0.00177869,0.56577159
57271411,2017-12-26T00:30:18.19,BUY,0.00177989,378.28412613
57271423,2017-12-26T00:30:19.567,BUY,0.00177988,1766.338
57271424,2017-12-26T00:30:19.567,BUY,0.0017799,10.0
57271425,2017-12-26T00:30:19.567,BUY,0.00177995,500.0
57271426,2017-12-26T00:30:19.567,BUY,0.00177999,24.53623188
57271427,2017-12-26T00:30:19.567,BUY,0.00178,7.7387338
57271428,2017-12-26T00:30:19.583,BUY,0.00178,6.11255226
57271429,2017-12-26T00:30:19.583,BUY,0.00178,20.0
57271430,2017-12-26T00:30:19.583,BUY,0.00178,100.0
57271431,2017-12-26T00:30:19.583,BUY,0.00178,2.0
57271432,2017-12-26T00:30:19.583,BUY,0.00178,25.0
57271433,2017-12-26T00:30:19.583,BUY,0.00178,10.0
57271434,2017-12-26T00:30:19.583,BUY,0.00178,3.51193718
57271435,2017-12-26T00:30:19.583,BUY,0.00178,1.85536303
57271436,2017-12-26T00:30:19.583,BUY,0.00178,1.85536303
57271437,2017-12-26T00:30:19.583,BUY,0.00178,1.85536303
57271438,2017-12-26T00:30:19.583,BUY,0.00178,1.85536303
57271439,2017-12-26T00:30:19.583,BUY,0.00178,1.85536303
57271440,2017-12-26T00:30:19.583,BUY,0.00178,1.85536303
57271441,2017-12-26T00:30:19.583,BUY,0.00178,1.85536303
57271442,2017-12-26T00:30:19.583,BUY,0.00178,2.0780066
57271443,2017-12-26T00:30:19.583,BUY,0.00178,2.0780066
57271444,2017-12-26T00:30:19.583,BUY,0.00178,2.0780066
57271445,2017-12-26T00:30:19.583,BUY,0.00178,2.91944966
57271446,2017-12-26T00:30:19.583,BUY,0.00178,2.0780066
57271447,2017-12-26T00:30:19.583,BUY,0.00178,300.0
57271448,2017-12-26T00:30:19.583,BUY,0.00178,4.5291894
57271449,2017-12-26T00:30:19.583,BUY,0.00178,2.96875
57271450,2017-12-26T00:30:19.583,BUY,0.00178,24.90534407
57271451,2017-12-26T00:30:19.583,BUY,0.00178,12.67433865
57271452,2017-12-26T00:30:19.583,BUY,0.00178,58.67612543
57271453,2017-12-26T00:30:19.583,BUY,0.00178,0.56320225
57271454,2017-12-26T00:30:19.583,BUY,0.00178,5.0
57271455,2017-12-26T00:30:19.583,BUY,0.00178,10.0
57271456,2017-12-26T00:30:19.583,BUY,0.00178,8.0
57271457,2017-12-26T00:30:19.583,BUY,0.00178055,1.24
57271458,2017-12-26T00:30:19.583,BUY,0.00178056,0.93
57271459,2017-12-26T00:30:19.583,BUY,0.00178056,0.97288726
57271460,2017-12-26T00:30:19.583,BUY,0.00178076,3.40616017
57271461,2017-12-26T00:30:19.583,BUY,0.00178077,4.0
57271462,2017-12-26T00:30:19.583,BUY,0.001781,63.62910601
57271469,2017-12-26T00:30:20.13,SELL,0.001781,178.76780083
57271520,2017-12-26T00:30:25.553,BUY,0.00178108,1.20189237
57271551,2017-12-26T00:30:29.507,SELL,0.00177777,1.17732827
57271625,2017-12-26T00:30:37.007,SELL,0.00177779,100.0
57271627,2017-12-26T00:30:37.02,BUY,0.00177988,2.70925214
57271628,2017-12-26T00:30:37.02,BUY,0.00178108,0.16608039
57271629,2017-12-26T00:30:37.27,SELL,0.00178108,21.70223471
57271630,2017-12-26T00:30:37.27,SELL,0.00177779,78.29776529
57271632,2017-12-26T00:30:37.287,BUY,0.00178185,13.29281323
57271637,2017-12-26T00:30:37.82,SELL,0.00177988,0.46133726
57271643,2017-12-26T00:30:38.397,SELL,0.00177779,100.0
57271647,2017-12-26T00:30:38.6,SELL,0.00177779,100.0
57271648,2017-12-26T00:30:38.833,SELL,0.00177779,100.0
57271664,2017-12-26T00:30:40.443,SELL,0.00177779,24.09995002
57271668,2017-12-26T00:30:40.71,BUY,0.00178183,47.00197703
57271672,2017-12-26T00:30:40.913,BUY,0.00178183,1.1673425
57271683,2017-12-26T00:30:43.257,SELL,0.00177779,100.0
57271688,2017-12-26T00:30:43.46,SELL,0.00177779,100.0
57271689,2017-12-26T00:30:43.68,SELL,0.00177779,100.0
57271691,2017-12-26T00:30:43.913,SELL,0.00177779,100.0
57271692,2017-12-26T00:30:44.1,SELL,0.00177779,100.0
57271693,2017-12-26T00:30:44.18,SELL,0.00177779,49.3738873
57271695,2017-12-26T00:30:44.32,SELL,0.00177777,31.76013666
57271696,2017-12-26T00:30:44.32,SELL,0.00177777,1.0
57271697,2017-12-26T00:30:44.32,SELL,0.00177776,51.25269755
57271698,2017-12-26T00:30:44.32,SELL,0.00177776,15.98716579
57271700,2017-12-26T00:30:44.38,BUY,0.00177779,10.441771
57271701,2017-12-26T00:30:44.38,BUY,0.0017818,158.5094969
57271703,2017-12-26T00:30:44.507,SELL,0.00177779,3.42569403
57271704,2017-12-26T00:30:44.507,SELL,0.00177776,24.05033622
57271707,2017-12-26T00:30:45.79,BUY,0.0017771,216.9861
57271708,2017-12-26T00:30:46.337,SELL,0.001781,389.085478
57271712,2017-12-26T00:30:47.24,SELL,0.001781,2.157019
57271714,2017-12-26T00:30:47.49,SELL,0.001781,8.28475185
57271724,2017-12-26T00:30:48.943,BUY,0.00178108,1.1673425
57271731,2017-12-26T00:30:49.18,SELL,0.00177778,0.6821167
57271749,2017-12-26T00:30:50.867,SELL,0.001781,2.36864389
57271751,2017-12-26T00:30:51.053,BUY,0.00178106,223.46369
57271754,2017-12-26T00:30:51.443,BUY,0.00178106,22.95569682
57271759,2017-12-26T00:30:51.82,SELL,0.001781,0.89285714
57271760,2017-12-26T00:30:51.837,SELL,0.001781,11.3915519
57271763,2017-12-26T00:30:52.227,SELL,0.00177778,4.73653049
57271767,2017-12-26T00:30:52.837,SELL,0.00177778,1.77294486
57271776,2017-12-26T00:30:53.477,SELL,0.00177778,1.1844061
57271793,2017-12-26T00:30:54.51,BUY,0.00178105,45.76497193
57271797,2017-12-26T00:30:54.68,BUY,0.00178104,223.46369
57271828,2017-12-26T00:30:57.273,BUY,0.00178105,79.23502807
57271829,2017-12-26T00:30:57.303,SELL,0.00178106,10.996801
57271839,2017-12-26T00:30:58.07,SELL,0.00178106,0.67202422
57271840,2017-12-26T00:30:58.07,SELL,0.001781,60.75996421
57271852,2017-12-26T00:30:59.32,BUY,0.00177999,14.10771033
57271856,2017-12-26T00:30:59.633,SELL,0.0017778,1.37140136
57271857,2017-12-26T00:30:59.633,SELL,0.00177778,42.44905464
57271861,2017-12-26T00:31:00.04,SELL,0.00177778,17.611532
57271871,2017-12-26T00:31:00.853,BUY,0.00177999,22.44832675
57271874,2017-12-26T00:31:01.103,BUY,0.00177999,63.70629189
57271887,2017-12-26T00:31:03.01,BUY,0.00177999,24.73767103
57271888,2017-12-26T00:31:03.01,BUY,0.00178,55.26232897
57271889,2017-12-26T00:31:03.163,SELL,0.00177778,100.0
57271893,2017-12-26T00:31:03.477,BUY,0.00178,260.0490235
57271898,2017-12-26T00:31:04.307,SELL,0.00177779,2.79815696
57271906,2017-12-26T00:31:04.773,BUY,0.00178,1.12292049
57271907,2017-12-26T00:31:04.837,SELL,0.00177779,4.23757543
57271912,2017-12-26T00:31:05.587,BUY,0.00178,13.95796012
57271920,2017-12-26T00:31:06.4,SELL,0.0017778,0.4930176
57271921,2017-12-26T00:31:06.4,SELL,0.00177779,2.48386393
57271931,2017-12-26T00:31:07.603,BUY,0.00178,80.93554315
57271939,2017-12-26T00:31:08.337,SELL,0.0017778,0.81045977
57271940,2017-12-26T00:31:08.353,SELL,0.0017778,0.53352681
57271941,2017-12-26T00:31:08.37,SELL,0.0017778,0.04598351
57271943,2017-12-26T00:31:08.4,BUY,0.0017778,0.35924638
57271944,2017-12-26T00:31:08.417,SELL,0.00177999,0.53326359
57271953,2017-12-26T00:31:09.807,BUY,0.00178,469.83626439
57271960,2017-12-26T00:31:10.587,SELL,0.00177999,28.544256
57271964,2017-12-26T00:31:11.213,BUY,0.00178,13.95865459
57271965,2017-12-26T00:31:11.337,SELL,0.00177999,13.802901
57271967,2017-12-26T00:31:11.463,SELL,0.00177999,100.0
57271968,2017-12-26T00:31:11.68,SELL,0.00177999,12.29444415
57271974,2017-12-26T00:31:12.54,SELL,0.00177779,28.544256
57271977,2017-12-26T00:31:12.68,BUY,0.00177947,2.24159963
57271978,2017-12-26T00:31:12.853,SELL,0.00177779,169.18
57271984,2017-12-26T00:31:13.65,SELL,0.00177779,6.88
57271987,2017-12-26T00:31:13.993,SELL,0.00177779,2.29471348
57271990,2017-12-26T00:31:14.243,SELL,0.00177779,0.42466746
57272000,2017-12-26T00:31:15.26,BUY,0.00177947,131.26
57272005,2017-12-26T00:31:15.697,SELL,0.00177779,0.91632358
57272013,2017-12-26T00:31:16.93,SELL,0.00177999,5.37019464
57272017,2017-12-26T00:31:17.51,BUY,0.00177999,13.9592816
57272020,2017-12-26T00:31:17.76,SELL,0.0017778,0.7
57272024,2017-12-26T00:31:19.43,SELL,0.0017778,0.87237705
57272034,2017-12-26T00:31:20.23,BUY,0.00177999,1.0
57272054,2017-12-26T00:31:24.48,SELL,0.00177999,3.72293055
57272060,2017-12-26T00:31:25.167,SELL,0.00177999,58.31279988
57272076,2017-12-26T00:31:27.887,BUY,0.00178,10.87241669
57272088,2017-12-26T00:31:29.917,SELL,0.00177999,6.81318
57272092,2017-12-26T00:31:30.48,BUY,0.00178,32.57289967
57272093,2017-12-26T00:31:30.48,BUY,0.00178,5.93019773
57272094,2017-12-26T00:31:30.48,BUY,0.00178,62.780734
57272098,2017-12-26T00:31:30.7,BUY,0.001781,0.67
57272099,2017-12-26T00:31:30.7,BUY,0.00178108,23.76748868
57272123,2017-12-26T00:31:34.37,BUY,0.00178108,3.21310801
57272198,2017-12-26T00:31:43.62,BUY,0.00178108,80.94847921
57272206,2017-12-26T00:31:44.357,BUY,0.00178108,1.36322504
57272207,2017-12-26T00:31:44.357,BUY,0.00178108,5.93019773
57272240,2017-12-26T00:31:49.857,SELL,0.00178108,7.8
57272260,2017-12-26T00:31:52.433,SELL,0.00178109,75.81
57272271,2017-12-26T00:31:54.467,BUY,0.00178134,10.13
57272272,2017-12-26T00:31:54.467,BUY,0.00178187,5.93019773
57272273,2017-12-26T00:31:54.467,BUY,0.00178188,20.0
57272274,2017-12-26T00:31:54.467,BUY,0.00178197,3.0
57272275,2017-12-26T00:31:54.467,BUY,0.00178298,22.92297264
57272290,2017-12-26T00:31:56.78,SELL,0.00178197,20.0
57272295,2017-12-26T00:31:57.483,SELL,0.00178197,7.20074574
57272305,2017-12-26T00:32:00.873,BUY,0.00178298,20.71437996
57272314,2017-12-26T00:32:02.78,BUY,0.00178298,0.70503315
57272319,2017-12-26T00:32:03.623,BUY,0.00178298,5.65761425
57272320,2017-12-26T00:32:03.623,BUY,0.00178299,30.0
57272321,2017-12-26T00:32:03.623,BUY,0.001784,0.95328295
57272322,2017-12-26T00:32:03.623,BUY,0.00178446,50.0
57272323,2017-12-26T00:32:03.623,BUY,0.00178447,3.99666256
57272324,2017-12-26T00:32:03.623,BUY,0.00178472,0.70214394
57272325,2017-12-26T00:32:03.623,BUY,0.00178498,1.18
57272326,2017-12-26T00:32:03.623,BUY,0.00178499,13.29566858
57272327,2017-12-26T00:32:03.623,BUY,0.00178499,4.01999999
57272328,2017-12-26T00:32:03.623,BUY,0.001785,6.05042017
57272329,2017-12-26T00:32:03.623,BUY,0.001785,155.0
57272330,2017-12-26T00:32:03.623,BUY,0.001785,1.55329331
57272331,2017-12-26T00:32:03.623,BUY,0.001785,7.55637571
57272332,2017-12-26T00:32:03.623,BUY,0.001785,11.1338007
57272333,2017-12-26T00:32:03.623,BUY,0.001785,99.01465416
57272337,2017-12-26T00:32:04.31,SELL,0.00178245,0.47476472
57272345,2017-12-26T00:32:06.107,SELL,0.00178197,5.31566171
57272347,2017-12-26T00:32:06.14,BUY,0.00178245,20.24410297
57272348,2017-12-26T00:32:06.14,BUY,0.001785,147.11819157
57272359,2017-12-26T00:32:07.42,SELL,0.00178298,260.0490235
57272361,2017-12-26T00:32:07.513,BUY,0.001785,155.12035597
57272373,2017-12-26T00:32:09.873,BUY,0.001785,118.92626417
57272379,2017-12-26T00:32:10.763,BUY,0.001785,48.77497198
57272384,2017-12-26T00:32:11.483,BUY,0.001785,154.86008691
57272393,2017-12-26T00:32:13.373,BUY,0.001785,225.3890875
57272398,2017-12-26T00:32:13.937,BUY,0.001785,50.79638774
57272399,2017-12-26T00:32:14.093,SELL,0.001785,5.93019773
57272434,2017-12-26T00:32:21.61,SELL,0.001785,8.43
57272437,2017-12-26T00:32:21.657,SELL,0.001785,13.54
57272448,2017-12-26T00:32:23.017,SELL,0.001785,9.976
57272457,2017-12-26T00:32:24.28,SELL,0.001785,52.09543206
57272458,2017-12-26T00:32:24.28,SELL,0.001785,15.45056794
57272459,2017-12-26T00:32:24.313,SELL,0.001785,29.41
57272464,2017-12-26T00:32:24.407,BUY,0.0017866,3.30909983
57272465,2017-12-26T00:32:24.407,BUY,0.001787,10.16147791
57272468,2017-12-26T00:32:25.11,BUY,0.001787,31.64136983
57272469,2017-12-26T00:32:25.127,BUY,0.00178765,200.0
57272470,2017-12-26T00:32:25.127,BUY,0.001788,20.90197238
57272472,2017-12-26T00:32:25.14,BUY,0.00178888,30.0
57272473,2017-12-26T00:32:25.14,BUY,0.00178888,28.8790047
57272474,2017-12-26T00:32:25.14,BUY,0.0017889,51.95710654
57272480,2017-12-26T00:32:25.593,SELL,0.0017889,5.0
57272484,2017-12-26T00:32:25.97,SELL,0.0017889,1.48812046
57272489,2017-12-26T00:32:26.907,SELL,0.0017889,5.0
57272492,2017-12-26T00:32:27.343,SELL,0.0017889,1.11
57272493,2017-12-26T00:32:27.36,SELL,0.0017889,5.88
57272495,2017-12-26T00:32:28.313,SELL,0.0017889,111.8
57272504,2017-12-26T00:32:30.953,BUY,0.001789,10.0
57272505,2017-12-26T00:32:30.953,BUY,0.00178922,15.0
57272506,2017-12-26T00:32:30.953,BUY,0.00178988,1.0
57272507,2017-12-26T00:32:30.953,BUY,0.0017899,0.59779652
57272508,2017-12-26T00:32:31.283,SELL,0.0017899,6.39799769
57272509,2017-12-26T00:32:31.297,SELL,0.0017889,81.55656247
57272514,2017-12-26T00:32:31.83,BUY,0.0017889,23.84543984
57272515,2017-12-26T00:32:31.83,BUY,0.0017889,21.576
57272516,2017-12-26T00:32:31.83,BUY,0.0017889,1.18524301
57272517,2017-12-26T00:32:31.83,BUY,0.0017889,1.18525699
57272518,2017-12-26T00:32:31.83,BUY,0.00178998,33.442906
57272527,2017-12-26T00:32:33.987,SELL,0.001787,1.0
57272528,2017-12-26T00:32:33.987,SELL,0.0017866,5.0
57272538,2017-12-26T00:32:36.237,BUY,0.00178998,17.48508937
57272539,2017-12-26T00:32:36.237,BUY,0.00178999,5.0
57272540,2017-12-26T00:32:36.237,BUY,0.00178999,5.93019773
57272541,2017-12-26T00:32:36.25,BUY,0.00179,106.2955595
57272542,2017-12-26T00:32:36.25,BUY,0.00179,26.66386952
57272543,2017-12-26T00:32:36.267,BUY,0.00179,100.0
57272544,2017-12-26T00:32:36.267,BUY,0.00179,20.0
57272545,2017-12-26T00:32:36.267,BUY,0.00179,2.0
57272546,2017-12-26T00:32:36.267,BUY,0.00179,1.0
57272547,2017-12-26T00:32:36.267,BUY,0.00179,4.0
57272548,2017-12-26T00:32:36.267,BUY,0.00179,0.69009434
57272549,2017-12-26T00:32:36.267,BUY,0.00179,43.51229983
57272553,2017-12-26T00:32:36.627,SELL,0.001785,0.59161799
57272558,2017-12-26T00:32:37.55,SELL,0.001785,0.59406087
57272575,2017-12-26T00:32:41.533,BUY,0.00179,5.95434121
57272576,2017-12-26T00:32:41.533,BUY,0.00179,300.0
57272577,2017-12-26T00:32:41.533,BUY,0.00179,1.0
57272578,2017-12-26T00:32:41.533,BUY,0.00179,67.03990756
57272579,2017-12-26T00:32:41.533,BUY,0.00179,0.56005937
57272580,2017-12-26T00:32:41.533,BUY,0.00179,60.0
57272581,2017-12-26T00:32:41.533,BUY,0.00179,0.9
57272582,2017-12-26T00:32:41.533,BUY,0.00179,0.75
57272583,2017-12-26T00:32:41.533,BUY,0.00179,10.0
57272584,2017-12-26T00:32:41.533,BUY,0.00179,100.0
57272585,2017-12-26T00:32:41.533,BUY,0.00179,1.2
57272586,2017-12-26T00:32:41.533,BUY,0.00179,9.8616387
57272588,2017-12-26T00:32:41.61,BUY,0.00179,5.0
57272591,2017-12-26T00:32:41.86,SELL,0.0017866,0.59190699
57272623,2017-12-26T00:32:45.393,SELL,0.0017866,0.60232255
57272627,2017-12-26T00:32:46.41,SELL,0.0017866,0.60232255
57272628,2017-12-26T00:32:46.893,SELL,0.0017866,0.60232255
57272634,2017-12-26T00:32:48.893,BUY,0.00178999,0.83798882
57272659,2017-12-26T00:32:54.783,SELL,0.0017866,24.43748868
57272670,2017-12-26T00:32:56.613,BUY,0.00178999,29.05264283
57272680,2017-12-26T00:32:57.63,SELL,0.0017866,22.95569682
57272688,2017-12-26T00:32:59.83,BUY,0.00178999,1.7275378
57272707,2017-12-26T00:33:02.927,SELL,0.0017866,11.27605051
57272717,2017-12-26T00:33:04.503,BUY,0.00178999,18.38183055
57272718,2017-12-26T00:33:04.52,BUY,0.00178999,5.93019773
57272719,2017-12-26T00:33:04.52,BUY,0.00178999,5.93019773
57272720,2017-12-26T00:33:04.52,BUY,0.00179,15.81089707
57272734,2017-12-26T00:33:06.753,BUY,0.00178999,2.0
57272745,2017-12-26T00:33:07.787,SELL,0.0017866,0.66195004
57272749,2017-12-26T00:33:08.393,SELL,0.00178665,0.66195004
57272755,2017-12-26T00:33:09.097,SELL,0.00178665,7.77544449
57272756,2017-12-26T00:33:09.097,SELL,0.0017866,9.18365255
57272757,2017-12-26T00:33:09.097,SELL,0.0017866,0.10149459
57272774,2017-12-26T00:33:10.44,BUY,0.00178999,6.40851955
57272795,2017-12-26T00:33:13.55,BUY,0.00178999,15.65563263
57272805,2017-12-26T00:33:14.99,BUY,0.00178999,94.86211199
57272806,2017-12-26T00:33:14.99,BUY,0.00178999,5.93019773
57272807,2017-12-26T00:33:14.99,BUY,0.00179,11.11344227
