9568616,2017-12-25T12:54:38.237,SELL,6.318e-05,520.31166476
9568624,2017-12-25T12:54:39.8,BUY,6.361e-05,62.67627702
9568630,2017-12-25T12:54:52.77,BUY,6.361e-05,12.20733733
9568633,2017-12-25T12:54:56.613,BUY,6.361e-05,40.74843801
9568666,2017-12-25T12:55:10.817,BUY,6.361e-05,58.81656493
9568670,2017-12-25T12:55:14.02,BUY,6.361e-05,125.76638893
9568671,2017-12-25T12:55:16.27,SELL,6.329e-05,1351.46913109
9568672,2017-12-25T12:55:17.927,SELL,6.329e-05,161.73847914
9568687,2017-12-25T12:55:27.223,SELL,6.329e-05,788.15803014
9568708,2017-12-25T12:55:37.82,SELL,6.329e-05,400.0
9568712,2017-12-25T12:55:38.71,BUY,6.339e-05,603.23763209
9568722,2017-12-25T12:55:42.383,BUY,6.339e-05,1e-08
9568723,2017-12-25T12:55:42.383,BUY,6.339e-05,518.46873583
9568727,2017-12-25T12:55:43.023,BUY,6.339e-05,562.42265007
9568730,2017-12-25T12:55:43.24,BUY,6.359e-05,29.67828832
9568735,2017-12-25T12:55:48.133,SELL,6.329e-05,171.45641257
9568736,2017-12-25T12:55:48.133,SELL,6.318e-05,79.13946802
9568737,2017-12-25T12:55:48.133,SELL,6.314e-05,466.58184723
9568738,2017-12-25T12:55:48.947,SELL,6.314e-05,110.36776245
9568740,2017-12-25T12:55:49.273,BUY,6.314e-05,32.44672653
9568743,2017-12-25T12:55:50.07,BUY,6.314e-05,198.85954638
9568745,2017-12-25T12:55:50.65,BUY,6.314e-05,0.49839485
9568764,2017-12-25T12:55:59.023,SELL,6.322e-05,186.96838637
9568766,2017-12-25T12:55:59.353,BUY,6.314e-05,186.96955492
9568768,2017-12-25T12:55:59.46,BUY,6.314e-05,186.96838637
9568773,2017-12-25T12:56:16.057,SELL,6.314e-05,15.75077194
9568775,2017-12-25T12:56:16.777,BUY,6.314e-05,184.1337184
9568777,2017-12-25T12:56:19.527,BUY,6.379e-05,31.34304967
9568778,2017-12-25T12:56:21.387,SELL,6.314e-05,253.78162943
9568779,2017-12-25T12:56:21.387,SELL,6.312e-05,289.00815135
9568780,2017-12-25T12:56:21.387,SELL,6.311e-05,1656.09316907
9568783,2017-12-25T12:56:28.84,SELL,6.3e-05,377.15517241
9568784,2017-12-25T12:56:29.027,SELL,6.3e-05,1000.0
9568785,2017-12-25T12:56:37.827,SELL,6.3e-05,189.35901027
9568786,2017-12-25T12:56:38.047,SELL,6.3e-05,209.65043517
9568787,2017-12-25T12:56:38.17,SELL,6.3e-05,932.90223881
9568793,2017-12-25T12:57:16.737,SELL,6.285e-05,197.93304415
9568794,2017-12-25T12:57:16.737,SELL,6.268e-05,500.0
9568795,2017-12-25T12:57:16.737,SELL,6.229e-05,38.98547252
9568796,2017-12-25T12:57:16.737,SELL,6.224e-05,100.10222727
9568798,2017-12-25T12:57:17.203,BUY,6.224e-05,22.99985625
9568800,2017-12-25T12:57:17.36,BUY,6.224e-05,23.0
9568804,2017-12-25T12:57:18.143,SELL,6.22e-05,22.99985625
9568805,2017-12-25T12:57:18.143,SELL,6.21e-05,916.10960521
9568806,2017-12-25T12:57:18.143,SELL,6.209e-05,538.5672411
9568807,2017-12-25T12:57:18.143,SELL,6.208e-05,60.0
9568808,2017-12-25T12:57:18.143,SELL,6.2e-05,965.51628871
9568810,2017-12-25T12:57:18.5,BUY,6.2e-05,1848.92205992
9568812,2017-12-25T12:57:18.94,BUY,6.2e-05,47.63416957
9568816,2017-12-25T12:57:25.97,SELL,6.199e-05,43.46620041
9568819,2017-12-25T12:57:27.423,BUY,6.199e-05,2814.35049527
9568820,2017-12-25T12:57:27.44,BUY,6.2e-05,198.53990001
9568821,2017-12-25T12:57:27.44,BUY,6.2e-05,4700.0
9568822,2017-12-25T12:57:27.44,BUY,6.2e-05,351.62623375
9568824,2017-12-25T12:57:28.113,BUY,6.2e-05,176.08686173
9568829,2017-12-25T12:57:30.707,SELL,6.2e-05,550.99249375
9568836,2017-12-25T12:57:38.003,SELL,6.2e-05,1000.0
9568847,2017-12-25T12:57:42.537,BUY,6.284e-05,229.81866746
9568848,2017-12-25T12:57:42.537,BUY,6.285e-05,238.20005328
9568849,2017-12-25T12:57:42.787,SELL,6.2e-05,247.507603
9568855,2017-12-25T12:57:46.207,BUY,6.285e-05,90.03108775
9568860,2017-12-25T12:57:49.287,BUY,6.285e-05,187.04839942
9568868,2017-12-25T12:57:55.583,BUY,6.297e-05,15.88057805
9568876,2017-12-25T12:58:02.193,BUY,6.297e-05,427.5133727
9568877,2017-12-25T12:58:02.193,BUY,6.297e-05,296.34766322
9568882,2017-12-25T12:58:13.083,BUY,6.32e-05,31.1187179
9568890,2017-12-25T12:58:17.537,BUY,6.32e-05,10.56478611
9568927,2017-12-25T12:58:48.947,SELL,6.298e-05,23.81708479
9568928,2017-12-25T12:58:48.947,SELL,6.298e-05,31.75611305
9568929,2017-12-25T12:58:48.947,SELL,6.297e-05,35.84297441
9568930,2017-12-25T12:58:48.947,SELL,6.291e-05,22.14182731
9568931,2017-12-25T12:58:48.947,SELL,6.234e-05,2362.99800044
9568933,2017-12-25T12:58:50.307,BUY,6.32e-05,200.0
9568937,2017-12-25T12:58:54.87,SELL,6.234e-05,1174.73415196
9568941,2017-12-25T12:58:59.213,BUY,6.32e-05,14.24050632
9568943,2017-12-25T12:59:00.54,BUY,6.32e-05,29.55818294
9568946,2017-12-25T12:59:04.62,BUY,6.32e-05,1041.27004747
9568948,2017-12-25T12:59:05.12,BUY,6.32e-05,102.84810126
9568956,2017-12-25T12:59:21.107,BUY,6.319e-05,94.86818796
9568961,2017-12-25T12:59:23.137,SELL,6.319e-05,50.0
9568969,2017-12-25T12:59:32.857,BUY,6.32e-05,80.0
9568970,2017-12-25T12:59:32.933,SELL,6.319e-05,824.84663635
9568975,2017-12-25T12:59:42.497,BUY,6.32e-05,272.28688359
9568980,2017-12-25T12:59:50.373,BUY,6.361e-05,23.75746738
9568987,2017-12-25T13:00:05.047,SELL,6.321e-05,39.75063254
9568990,2017-12-25T13:00:05.517,BUY,6.36e-05,26.72955974
9568994,2017-12-25T13:00:10.047,BUY,6.36e-05,23.54758726
9569001,2017-12-25T13:00:22.55,BUY,6.36e-05,199.13007522
9569002,2017-12-25T13:00:24.11,SELL,6.361e-05,75.99999999
9569006,2017-12-25T13:00:30.69,SELL,6.361e-05,2584.10871666
9569007,2017-12-25T13:00:30.69,SELL,6.361e-05,35.0
9569010,2017-12-25T13:00:35.783,SELL,6.39e-05,277.39632042
9569017,2017-12-25T13:00:59.677,SELL,6.32e-05,29.80364405
9569019,2017-12-25T13:01:02.74,BUY,6.36e-05,109.93408497
9569020,2017-12-25T13:01:11.49,SELL,6.32e-05,1000.0
9569022,2017-12-25T13:01:12.943,BUY,6.36e-05,157.74094637
9569023,2017-12-25T13:01:16.223,SELL,6.32e-05,754.87149767
9569025,2017-12-25T13:01:17.287,BUY,6.32e-05,279.97098448
9569027,2017-12-25T13:01:17.973,BUY,6.32e-05,152.00630499
9569030,2017-12-25T13:01:22.02,SELL,6.319e-05,89.02651667
9569035,2017-12-25T13:01:32.85,SELL,6.237e-05,70.93435802
9569038,2017-12-25T13:01:41.6,SELL,6.237e-05,125.35094283
9569042,2017-12-25T13:01:47.32,BUY,6.237e-05,1224.61986767
9569045,2017-12-25T13:01:52.633,BUY,6.237e-05,79.96682975
9569046,2017-12-25T13:01:53.243,SELL,6.235e-05,1055.05786456
9569047,2017-12-25T13:01:53.243,SELL,6.235e-05,224.97277255
9569049,2017-12-25T13:01:53.9,BUY,6.235e-05,299.5209538
9569050,2017-12-25T13:01:53.9,BUY,6.237e-05,2145.4412584
9569051,2017-12-25T13:01:53.9,BUY,6.237e-05,703.51211937
9569052,2017-12-25T13:01:53.9,BUY,6.237e-05,63.91532331
9569054,2017-12-25T13:01:57.133,BUY,6.237e-05,22.23455531
9569057,2017-12-25T13:02:00.12,BUY,6.237e-05,23.40093603
9569059,2017-12-25T13:02:01.917,BUY,6.237e-05,181.96969283
9569060,2017-12-25T13:02:01.917,BUY,6.237e-05,22.88757148
9569064,2017-12-25T13:02:08.713,BUY,6.237e-05,40.50598095
9569066,2017-12-25T13:02:09.807,BUY,6.237e-05,312.42680691
9569075,2017-12-25T13:02:20.01,BUY,6.415e-05,385.41411286
9569088,2017-12-25T13:02:26.777,BUY,6.414e-05,307.19164675
9569120,2017-12-25T13:02:40.45,SELL,6.233e-05,17.15169738
9569124,2017-12-25T13:02:41.323,SELL,6.233e-05,622.98948664
9569125,2017-12-25T13:02:41.323,SELL,6.233e-05,362.84131224
9569163,2017-12-25T13:03:05.17,BUY,6.404e-05,31.22560499
9569167,2017-12-25T13:03:07.28,BUY,6.35e-05,122.08559016
9569175,2017-12-25T13:03:17.703,BUY,6.347e-05,80.0
9569177,2017-12-25T13:03:18.11,BUY,6.347e-05,392.74732283
9569184,2017-12-25T13:03:27.547,BUY,6.344e-05,50.40163805
9569193,2017-12-25T13:03:36.843,BUY,6.341e-05,385.41411286
9569194,2017-12-25T13:03:36.843,BUY,6.342e-05,116.99222314
9569195,2017-12-25T13:03:36.843,BUY,6.343e-05,538.75191206
9569196,2017-12-25T13:03:36.843,BUY,6.343e-05,1958.84175194
9569208,2017-12-25T13:03:46.313,BUY,6.341e-05,375.18186246
9569219,2017-12-25T13:03:56.987,BUY,6.339e-05,262.0
9569236,2017-12-25T13:04:18.05,BUY,6.3e-05,18.67413632
9569240,2017-12-25T13:04:22.177,BUY,6.3e-05,372.08333333
9569244,2017-12-25T13:04:25.363,SELL,6.248e-05,351.92205146
9569245,2017-12-25T13:04:25.363,SELL,6.246e-05,26.79212517
9569248,2017-12-25T13:04:33.083,SELL,6.248e-05,307.19164675
9569254,2017-12-25T13:04:37.35,SELL,6.248e-05,94.86818796
9569279,2017-12-25T13:05:02.867,BUY,6.3e-05,15.87301587
9569295,2017-12-25T13:05:30.137,BUY,6.3e-05,35.99580586
9569296,2017-12-25T13:05:30.137,BUY,6.3e-05,77.67903727
9569317,2017-12-25T13:05:48.06,BUY,6.29e-05,1984.12698412
9569319,2017-12-25T13:05:48.667,BUY,6.29e-05,507.84945191
9569328,2017-12-25T13:05:54.59,BUY,6.29e-05,749.76844677
9569336,2017-12-25T13:06:00.09,BUY,6.344e-05,793.48374532
9569341,2017-12-25T13:06:04.53,SELL,6.293e-05,992.57995549
9569342,2017-12-25T13:06:04.53,SELL,6.292e-05,635.16463133
9569343,2017-12-25T13:06:04.53,SELL,6.29e-05,1888.47521276
9569346,2017-12-25T13:06:07.67,BUY,6.29e-05,66.05544031
9569348,2017-12-25T13:06:08.92,BUY,6.29e-05,1359.24831678
9569350,2017-12-25T13:06:09.263,BUY,6.29e-05,32.09638355
9569372,2017-12-25T13:06:31.06,BUY,6.342e-05,11.57173281
9569380,2017-12-25T13:06:36.86,BUY,6.342e-05,31.53579312
9569385,2017-12-25T13:06:44.923,BUY,6.34e-05,30.15120665
9569390,2017-12-25T13:06:52.39,SELL,6.3e-05,64.14225833
9569391,2017-12-25T13:06:52.39,SELL,6.3e-05,80.04619403
9569399,2017-12-25T13:06:58.11,BUY,6.3e-05,90.05201282
9569408,2017-12-25T13:07:09.3,BUY,6.3e-05,26.75137552
9569410,2017-12-25T13:07:10.487,BUY,6.3e-05,8509.44984163
9569431,2017-12-25T13:07:32.973,BUY,6.339e-05,1767.78661267
9569432,2017-12-25T13:07:33.567,SELL,6.339e-05,246.55667038
9569436,2017-12-25T13:07:38.583,SELL,6.339e-05,96.63036724
9569441,2017-12-25T13:07:40.613,BUY,6.34e-05,1528.58466435
9569449,2017-12-25T13:07:54.537,BUY,6.338e-05,470.65946239
9569450,2017-12-25T13:07:54.537,BUY,6.34e-05,439.45703748
9569455,2017-12-25T13:07:58.99,BUY,6.342e-05,52.58478745
9569456,2017-12-25T13:07:58.99,BUY,6.345e-05,1026.24563845
9569462,2017-12-25T13:08:05.18,BUY,6.345e-05,947.09310254
9569471,2017-12-25T13:08:14.43,SELL,6.34e-05,207.53094582
9569481,2017-12-25T13:08:19.57,BUY,6.345e-05,600.0
9569483,2017-12-25T13:08:19.587,BUY,6.345e-05,19.85611228
9569486,2017-12-25T13:08:20.82,BUY,6.345e-05,1490.51147173
9569505,2017-12-25T13:08:42.18,BUY,6.397e-05,23.44849148
9569519,2017-12-25T13:08:56.883,BUY,6.397e-05,161.95169415
9569524,2017-12-25T13:09:00.98,SELL,6.37e-05,65.63512725
9569525,2017-12-25T13:09:00.98,SELL,6.346e-05,382.45225777
9569528,2017-12-25T13:09:01.603,BUY,6.397e-05,38.228331
9569535,2017-12-25T13:09:09.167,BUY,6.397e-05,176.37148337
9569536,2017-12-25T13:09:09.167,BUY,6.397e-05,91.38713321
9569550,2017-12-25T13:09:21.463,BUY,6.397e-05,54.61286679
9569558,2017-12-25T13:09:32.03,SELL,6.397e-05,31.0
9569568,2017-12-25T13:09:41.653,SELL,6.397e-05,4.95514806
9569569,2017-12-25T13:09:41.653,SELL,6.397e-05,443.98977207
9569580,2017-12-25T13:09:54.39,BUY,6.4e-05,71.64436734
9569581,2017-12-25T13:09:54.39,BUY,6.424e-05,362.84131224
9569582,2017-12-25T13:09:54.39,BUY,6.425e-05,865.51432042
9569583,2017-12-25T13:09:54.483,SELL,6.397e-05,212.59134041
9569595,2017-12-25T13:10:05.17,SELL,6.353e-05,187.04839942
9569630,2017-12-25T13:10:59.987,SELL,6.355e-05,52.58478746
9569631,2017-12-25T13:11:00.41,SELL,6.355e-05,377.90892318
9569632,2017-12-25T13:11:00.41,SELL,6.354e-05,342.86003593
9569633,2017-12-25T13:11:00.41,SELL,6.353e-05,175.3700584
9569634,2017-12-25T13:11:00.41,SELL,6.353e-05,559.81359367
9569635,2017-12-25T13:11:00.41,SELL,6.353e-05,1623.54117853
9569636,2017-12-25T13:11:00.41,SELL,6.351e-05,3532.76091773
9569637,2017-12-25T13:11:00.41,SELL,6.346e-05,138.93897465
9569639,2017-12-25T13:11:02.44,BUY,6.346e-05,1038.97522106
9569640,2017-12-25T13:11:02.44,BUY,6.396e-05,200.0
9569641,2017-12-25T13:11:05.16,SELL,6.396e-05,199.19270577
9569643,2017-12-25T13:11:05.677,BUY,6.395e-05,100.06253908
9569648,2017-12-25T13:11:14.863,BUY,6.395e-05,35.95997498
9569650,2017-12-25T13:11:15.333,BUY,6.395e-05,46.91164972
9569652,2017-12-25T13:11:19.363,BUY,6.395e-05,400.0
9569654,2017-12-25T13:11:22.193,BUY,6.395e-05,100.0
9569656,2017-12-25T13:11:23.363,BUY,6.395e-05,46.91164972
9569668,2017-12-25T13:11:46.977,BUY,6.395e-05,39.08692933
9569670,2017-12-25T13:11:53.163,BUY,6.395e-05,232.25857192
9569671,2017-12-25T13:11:53.163,BUY,6.395e-05,106.14167233
9569673,2017-12-25T13:11:53.46,BUY,6.395e-05,31.03997975
9569677,2017-12-25T13:11:57.633,BUY,6.395e-05,656.83765566
9569687,2017-12-25T13:12:15.133,BUY,6.426e-05,338.39812925
9569692,2017-12-25T13:12:25.417,BUY,6.426e-05,22.93811824
9569693,2017-12-25T13:12:25.417,BUY,6.426e-05,100.00196829
9569699,2017-12-25T13:12:53.4,SELL,6.426e-05,38.228331
9569704,2017-12-25T13:13:06.357,SELL,6.426e-05,112.36670229
9569709,2017-12-25T13:13:19.67,SELL,6.426e-05,114.47388334
9569711,2017-12-25T13:13:20.373,BUY,6.471e-05,320.0
9569712,2017-12-25T13:13:20.373,BUY,6.472e-05,145.85368577
9569713,2017-12-25T13:13:20.373,BUY,6.473e-05,152.63184445
9569716,2017-12-25T13:13:27.187,SELL,6.473e-05,184.544
9569723,2017-12-25T13:13:53.67,BUY,6.474e-05,153.54144
9569724,2017-12-25T13:13:53.67,BUY,6.475e-05,203.50912594
9569725,2017-12-25T13:13:53.67,BUY,6.475e-05,752.11655045
9569726,2017-12-25T13:13:53.67,BUY,6.48e-05,374.81598545
9569727,2017-12-25T13:13:53.67,BUY,6.48e-05,1148.72333832
9569731,2017-12-25T13:13:56.437,SELL,6.48e-05,102.0
9569737,2017-12-25T13:14:04.673,SELL,6.48e-05,31.11373157
9569743,2017-12-25T13:14:13.517,BUY,6.5e-05,396.52815805
9569745,2017-12-25T13:14:16.64,SELL,6.5e-05,295.23622775
9569750,2017-12-25T13:14:20.657,BUY,6.5e-05,78.32817955
9569753,2017-12-25T13:14:24.5,BUY,6.5e-05,537.27968605
9569756,2017-12-25T13:14:27.847,BUY,6.5e-05,501.59340111
9569762,2017-12-25T13:14:33.83,BUY,6.5e-05,244.04790361
9569763,2017-12-25T13:14:33.83,BUY,6.502e-05,210.80896959
9569775,2017-12-25T13:14:44.363,BUY,6.502e-05,148.24687904
9569777,2017-12-25T13:14:45.173,BUY,6.502e-05,818.40893118
9569778,2017-12-25T13:14:45.173,BUY,6.502e-05,20.34417903
9569779,2017-12-25T13:14:46.05,SELL,6.503e-05,343.42165004
9569793,2017-12-25T13:15:03.287,BUY,6.524e-05,20.0
9569794,2017-12-25T13:15:03.287,BUY,6.525e-05,2472.91124517
9569799,2017-12-25T13:15:06.3,SELL,6.525e-05,80.0
9569805,2017-12-25T13:15:11.27,BUY,6.533e-05,20.34417903
9569806,2017-12-25T13:15:11.27,BUY,6.533e-05,146.21994082
9569809,2017-12-25T13:15:14.66,SELL,6.533e-05,178.0
9569813,2017-12-25T13:15:19.083,BUY,6.555e-05,21.99112904
9569819,2017-12-25T13:15:24.147,SELL,6.555e-05,28.92114112
9569824,2017-12-25T13:15:33.21,SELL,6.555e-05,62.24856617
9569826,2017-12-25T13:15:33.38,BUY,6.556e-05,954.15320758
9569827,2017-12-25T13:15:34.68,SELL,6.555e-05,31.54208512
9569828,2017-12-25T13:15:35.32,SELL,6.555e-05,42.58739614
9569830,2017-12-25T13:15:35.46,BUY,6.556e-05,2112.45111847
9569831,2017-12-25T13:15:38.63,SELL,6.555e-05,62.70968241
9569832,2017-12-25T13:15:38.63,SELL,6.555e-05,876.84221939
9569833,2017-12-25T13:15:38.63,SELL,6.555e-05,196.65953346
9569838,2017-12-25T13:15:40.74,BUY,6.555e-05,42.58739614
9569839,2017-12-25T13:15:40.74,BUY,6.556e-05,489.81740637
9569842,2017-12-25T13:15:41.35,BUY,6.556e-05,109.58920575
9569846,2017-12-25T13:15:46.693,BUY,6.556e-05,130.60918478
9569847,2017-12-25T13:15:47.397,SELL,6.533e-05,35.95997498
9569848,2017-12-25T13:15:47.913,SELL,6.533e-05,26.4717326
9569849,2017-12-25T13:16:00.163,SELL,6.505e-05,26.79755765
9569855,2017-12-25T13:16:10.413,SELL,6.483e-05,23.15329477
9569865,2017-12-25T13:16:23.447,SELL,6.48e-05,26.72955974
9569867,2017-12-25T13:16:25.603,SELL,6.48e-05,125.76638893
9569870,2017-12-25T13:16:28.37,SELL,6.48e-05,46.80187206
9569871,2017-12-25T13:16:29.243,SELL,6.48e-05,384.04628819
9569886,2017-12-25T13:16:39.353,SELL,6.474e-05,62.67627702
9569887,2017-12-25T13:16:40.057,SELL,6.474e-05,50.40163805
9569888,2017-12-25T13:16:40.62,SELL,6.474e-05,551.99115329
9569892,2017-12-25T13:16:43.713,SELL,6.474e-05,14.24050632
9569895,2017-12-25T13:16:45.103,SELL,6.474e-05,78.32817955
9569896,2017-12-25T13:16:46.353,SELL,6.474e-05,59.11636588
9569897,2017-12-25T13:16:46.65,SELL,6.474e-05,46.91164972
9569898,2017-12-25T13:16:47.463,SELL,6.474e-05,113.67484313
9569900,2017-12-25T13:16:52.76,BUY,6.5e-05,230.59185242
9569901,2017-12-25T13:16:54.463,SELL,6.474e-05,31.53579312
9569913,2017-12-25T13:17:04.107,SELL,6.474e-05,37.34827264
9569917,2017-12-25T13:17:06.433,SELL,6.475e-05,347.39467932
9569918,2017-12-25T13:17:06.433,SELL,6.474e-05,257.59524591
9569919,2017-12-25T13:17:06.433,SELL,6.474e-05,81.88164127
9569920,2017-12-25T13:17:06.433,SELL,6.473e-05,2528.81992044
9569929,2017-12-25T13:17:16.48,SELL,6.473e-05,474.09269164
9569930,2017-12-25T13:17:16.48,SELL,6.473e-05,79.0
9569959,2017-12-25T13:17:52.687,SELL,6.426e-05,70.48314476
9569960,2017-12-25T13:17:52.687,SELL,6.361e-05,19.82795689
9569961,2017-12-25T13:17:52.687,SELL,6.361e-05,19.82795689
9569962,2017-12-25T13:17:52.687,SELL,6.346e-05,550.33403668
9569963,2017-12-25T13:17:52.687,SELL,6.346e-05,2367.29502315
9569964,2017-12-25T13:17:55,SELL,6.346e-05,36.52618453
9570027,2017-12-25T13:19:08.69,SELL,6.38e-05,175.49573995
9570029,2017-12-25T13:19:14.427,SELL,6.38e-05,397.47152839
9570030,2017-12-25T13:19:14.427,SELL,6.354e-05,720.46551543
9570034,2017-12-25T13:19:16.113,BUY,6.4e-05,20.0
9570043,2017-12-25T13:19:34.74,BUY,6.38e-05,496.875
9570051,2017-12-25T13:19:46.273,SELL,6.361e-05,19.82795689
9570052,2017-12-25T13:19:46.273,SELL,6.361e-05,43.67214333
9570053,2017-12-25T13:19:46.273,SELL,6.355e-05,1357.44583628
9570058,2017-12-25T13:20:01.197,SELL,6.361e-05,218.56308764
9570059,2017-12-25T13:20:01.197,SELL,6.361e-05,92.66936166
9570068,2017-12-25T13:20:08.913,BUY,6.38e-05,44.35736677
9570071,2017-12-25T13:20:14.96,BUY,6.38e-05,46.12852664
9570077,2017-12-25T13:20:20.837,BUY,6.38e-05,15.67398119
9570086,2017-12-25T13:20:31.4,BUY,6.38e-05,103.15246366
9570087,2017-12-25T13:20:32.713,SELL,6.368e-05,876.84221939
9570089,2017-12-25T13:20:33.04,BUY,6.38e-05,563.28653288
9570090,2017-12-25T13:20:33.167,SELL,6.368e-05,151.28146717
9570106,2017-12-25T13:20:46.323,SELL,6.369e-05,178.67133614
9570107,2017-12-25T13:20:46.323,SELL,6.367e-05,6683.61419366
9570108,2017-12-25T13:20:46.323,SELL,6.367e-05,200.0
9570109,2017-12-25T13:20:46.323,SELL,6.367e-05,255.9743275
9570115,2017-12-25T13:20:59.463,SELL,6.361e-05,57.80748129
9570124,2017-12-25T13:21:13.637,BUY,6.38e-05,36.3506594
9570126,2017-12-25T13:21:20.013,SELL,6.361e-05,68.08616628
9570127,2017-12-25T13:21:20.013,SELL,6.361e-05,19.82795689
9570128,2017-12-25T13:21:20.013,SELL,6.35e-05,64.79784789
9570129,2017-12-25T13:21:20.013,SELL,6.35e-05,494.28570306
9570130,2017-12-25T13:21:20.013,SELL,6.252e-05,307.15553346
9570136,2017-12-25T13:21:32.64,BUY,6.294e-05,112.88472231
9570137,2017-12-25T13:21:32.64,BUY,6.38e-05,111.67546946
9570138,2017-12-25T13:21:32.64,BUY,6.38e-05,88.13573299
9570147,2017-12-25T13:21:43,BUY,6.379e-05,1331.94074448
9570148,2017-12-25T13:21:43,BUY,6.38e-05,242.18250848
9570149,2017-12-25T13:21:43,BUY,6.38e-05,3000.0
9570150,2017-12-25T13:21:43,BUY,6.433e-05,19.82795689
9570167,2017-12-25T13:21:43.797,BUY,6.468e-05,4284.15533244
9570168,2017-12-25T13:21:43.797,BUY,6.469e-05,808.44522596
9570174,2017-12-25T13:21:45.577,SELL,6.255e-05,23.98081535
9570175,2017-12-25T13:21:45.577,SELL,6.255e-05,91.41648105
9570199,2017-12-25T13:22:00.907,SELL,6.261e-05,115.3972964
9570209,2017-12-25T13:22:13.67,SELL,6.264e-05,952.30006107
9570210,2017-12-25T13:22:14.67,SELL,6.264e-05,113.46110038
9570233,2017-12-25T13:22:46.063,SELL,6.269e-05,27.62200676
9570266,2017-12-25T13:23:08.113,SELL,6.277e-05,67.0
9570279,2017-12-25T13:23:13.41,SELL,6.361e-05,19.8615404
9570280,2017-12-25T13:23:13.41,SELL,6.277e-05,80.1384596
9570283,2017-12-25T13:23:17.003,SELL,6.278e-05,1131.09671983
9570291,2017-12-25T13:23:23.19,SELL,6.279e-05,20.71650507
9570306,2017-12-25T13:23:42.693,SELL,6.281e-05,86.26734344
9570331,2017-12-25T13:24:09.553,SELL,6.3e-05,1343.90620462
9570336,2017-12-25T13:24:12.897,BUY,6.392e-05,16.0
9570353,2017-12-25T13:24:41.587,BUY,6.388e-05,1191.25245906
9570354,2017-12-25T13:24:41.587,BUY,6.388e-05,67.0
9570355,2017-12-25T13:24:41.587,BUY,6.388e-05,24.04043276
9570356,2017-12-25T13:24:41.587,BUY,6.389e-05,99.3972964
9570363,2017-12-25T13:24:50.76,SELL,6.389e-05,1507.28242776
9570368,2017-12-25T13:24:54.243,BUY,6.39e-05,95.52347612
9570374,2017-12-25T13:25:01.93,BUY,6.39e-05,814.9722702
9570375,2017-12-25T13:25:01.93,BUY,6.39e-05,145.52155326
9570376,2017-12-25T13:25:01.93,BUY,6.393e-05,7758.54109305
9570377,2017-12-25T13:25:02.29,SELL,6.393e-05,20.00934172
9570385,2017-12-25T13:25:11.493,SELL,6.393e-05,333.70431244
9570388,2017-12-25T13:25:18.073,BUY,6.394e-05,455.24787316
9570389,2017-12-25T13:25:18.073,BUY,6.396e-05,455.24787316
9570406,2017-12-25T13:26:06.687,SELL,6.397e-05,112.03585147
9570409,2017-12-25T13:26:11.06,SELL,6.398e-05,505.78498108
9570411,2017-12-25T13:26:15.357,BUY,6.4e-05,15.625
9570415,2017-12-25T13:26:31.593,SELL,6.398e-05,112.03585147
9570416,2017-12-25T13:26:34.907,SELL,6.398e-05,384.35967127
9570418,2017-12-25T13:26:40.407,SELL,6.398e-05,76.41726251
9570420,2017-12-25T13:26:42.203,BUY,6.4e-05,154.16716022
9570421,2017-12-25T13:26:43,SELL,6.398e-05,112.03585147
9570423,2017-12-25T13:26:54.987,SELL,6.398e-05,112.03585147
9570424,2017-12-25T13:26:55.797,SELL,6.398e-05,12.23056843
9570427,2017-12-25T13:27:07.08,SELL,6.398e-05,112.03585147
9570428,2017-12-25T13:27:10.173,SELL,6.398e-05,19.81830648
9570430,2017-12-25T13:27:15.457,BUY,6.4e-05,70.3125
9570433,2017-12-25T13:27:20.283,SELL,6.398e-05,112.03585147
9570438,2017-12-25T13:27:37.83,BUY,6.399e-05,16.16906147
9570439,2017-12-25T13:27:37.83,BUY,6.4e-05,343.05177564
9570440,2017-12-25T13:27:37.83,BUY,6.469e-05,19.82795689
9570441,2017-12-25T13:27:37.83,BUY,6.469e-05,15.03972509
9570442,2017-12-25T13:27:47.207,SELL,6.398e-05,1343.90620462
9570448,2017-12-25T13:27:58.723,SELL,6.398e-05,226.01254457
9570449,2017-12-25T13:28:01.007,SELL,6.398e-05,501.59340111
9570450,2017-12-25T13:28:06.21,SELL,6.398e-05,282.03868943
9570451,2017-12-25T13:28:07.067,SELL,6.398e-05,69.5762296
9570457,2017-12-25T13:28:12.427,BUY,6.399e-05,66.48416911
9570459,2017-12-25T13:28:23.757,BUY,6.399e-05,100.43350157
9570460,2017-12-25T13:28:23.757,BUY,6.399e-05,158.08339689
9570461,2017-12-25T13:28:23.757,BUY,6.469e-05,4.82181531
9570462,2017-12-25T13:28:23.757,BUY,6.471e-05,175.0
9570468,2017-12-25T13:28:42.617,SELL,6.471e-05,46.12852664
9570471,2017-12-25T13:28:47.913,SELL,6.471e-05,255.14000788
9570472,2017-12-25T13:28:47.913,SELL,6.471e-05,61.21557579
9570473,2017-12-25T13:28:48.93,SELL,6.471e-05,210.181
9570474,2017-12-25T13:28:58.773,SELL,6.471e-05,26.64953236
9570475,2017-12-25T13:28:58.773,SELL,6.471e-05,17.70783441
9570483,2017-12-25T13:29:09.087,BUY,6.499e-05,742.971915
9570485,2017-12-25T13:29:12.493,BUY,6.498e-05,85.0
9570490,2017-12-25T13:29:19.883,BUY,6.497e-05,123.07692307
9570497,2017-12-25T13:29:35.18,BUY,6.495e-05,32.12983707
9570499,2017-12-25T13:29:35.37,BUY,6.495e-05,30.79291762
9570509,2017-12-25T13:29:45.48,SELL,6.472e-05,35.40803357
9570518,2017-12-25T13:30:21.12,SELL,6.473e-05,119.8608871
9570519,2017-12-25T13:30:23.217,SELL,6.473e-05,100.0
9570523,2017-12-25T13:30:26.98,BUY,6.502e-05,126.11504152
9570527,2017-12-25T13:30:32.513,BUY,6.502e-05,159.73247441
9570533,2017-12-25T13:30:53.123,BUY,6.502e-05,2102.28228959
9570535,2017-12-25T13:31:00.233,SELL,6.502e-05,237.4065611
9570537,2017-12-25T13:31:11.703,SELL,6.502e-05,85.32303669
9570538,2017-12-25T13:31:12.017,SELL,6.502e-05,904.77959822
9570539,2017-12-25T13:31:14.78,SELL,6.501e-05,78.07388633
9570542,2017-12-25T13:31:17.563,SELL,6.474e-05,437.9562
9570543,2017-12-25T13:31:17.953,SELL,6.474e-05,106.02157674
9570544,2017-12-25T13:31:17.953,SELL,6.473e-05,209.68481631
9570548,2017-12-25T13:31:27.297,BUY,6.501e-05,800.0
9570549,2017-12-25T13:31:27.297,BUY,6.502e-05,5141.80356921
9570550,2017-12-25T13:31:27.703,SELL,6.502e-05,1267.57006058
9570551,2017-12-25T13:31:28.453,SELL,6.502e-05,682.22259607
9570552,2017-12-25T13:31:28.563,SELL,6.502e-05,315.70639305
9570554,2017-12-25T13:31:36.297,SELL,6.502e-05,70.3125
9570567,2017-12-25T13:32:08.707,SELL,6.505e-05,650.95508729
9570568,2017-12-25T13:32:08.707,SELL,6.505e-05,99.32079869
9570569,2017-12-25T13:32:08.707,SELL,6.503e-05,278.98825152
9570573,2017-12-25T13:32:42.24,SELL,6.509e-05,52.89449597
9570574,2017-12-25T13:32:42.24,SELL,6.502e-05,185.91790221
9570577,2017-12-25T13:32:50.52,SELL,6.503e-05,62.8230042
9570578,2017-12-25T13:32:54.02,SELL,6.503e-05,328.47983675
9570580,2017-12-25T13:33:26.787,SELL,6.502e-05,312.35358425
9570581,2017-12-25T13:33:37.85,SELL,6.502e-05,102.84810126
9570582,2017-12-25T13:33:38.757,SELL,6.502e-05,312.35358425
9570586,2017-12-25T13:33:50.79,SELL,6.503e-05,312.40237425
9570590,2017-12-25T13:33:59.307,SELL,6.503e-05,51.25790964
9570591,2017-12-25T13:34:03.587,SELL,6.503e-05,194.33675095
9570593,2017-12-25T13:34:15.633,SELL,6.503e-05,69.60213069
9570603,2017-12-25T13:35:06.857,SELL,6.504e-05,312.4511795
9570606,2017-12-25T13:35:13.903,SELL,6.505e-05,312.4511795
9570610,2017-12-25T13:35:19.84,SELL,6.505e-05,247.474334
9570612,2017-12-25T13:35:24.433,SELL,6.505e-05,239.56124232
9570613,2017-12-25T13:35:24.433,SELL,6.505e-05,422.19081161
9570614,2017-12-25T13:35:27.137,SELL,6.504e-05,312.4511795
9570616,2017-12-25T13:35:29.497,BUY,6.505e-05,338.24794607
9570617,2017-12-25T13:35:35.56,SELL,6.505e-05,13.3
9570620,2017-12-25T13:35:38.03,SELL,6.505e-05,21.56814916
9570621,2017-12-25T13:35:38.03,SELL,6.504e-05,290.93185084
9570622,2017-12-25T13:35:41.153,SELL,6.504e-05,72.27645172
9570624,2017-12-25T13:35:53.343,BUY,6.505e-05,254.68085106
9570628,2017-12-25T13:36:17.25,SELL,6.505e-05,319.59092361
9570634,2017-12-25T13:36:30.657,SELL,6.506e-05,58.15202256
9570637,2017-12-25T13:36:36.703,SELL,6.506e-05,319.59092361
9570643,2017-12-25T13:36:52.097,BUY,6.533e-05,23.15329477
9570644,2017-12-25T13:36:52.47,SELL,6.533e-05,15.625
9570646,2017-12-25T13:36:56.5,SELL,6.533e-05,319.59092361
9570647,2017-12-25T13:37:00.127,SELL,6.533e-05,52.94720203
9570648,2017-12-25T13:37:13.08,SELL,6.508e-05,23.44849148
9570649,2017-12-25T13:37:13.91,SELL,6.508e-05,496.875
9570650,2017-12-25T13:37:18.753,SELL,6.508e-05,15.88057805
9570652,2017-12-25T13:37:22.347,SELL,6.508e-05,31.34304967
9570653,2017-12-25T13:37:26.91,SELL,6.508e-05,39.08692933
9570654,2017-12-25T13:37:31.427,SELL,6.508e-05,31.362
9570657,2017-12-25T13:37:56.723,BUY,6.511e-05,18.43034864
9570659,2017-12-25T13:38:09.99,SELL,6.508e-05,27.63695037
9570662,2017-12-25T13:38:17.27,BUY,6.511e-05,28.72482285
9570663,2017-12-25T13:38:22.757,SELL,6.508e-05,607.8808195
9570664,2017-12-25T13:38:22.757,SELL,6.507e-05,892.1191805
9570670,2017-12-25T13:38:29.397,BUY,6.511e-05,31.98429653
9570671,2017-12-25T13:38:29.397,BUY,6.511e-05,11.48436249
9570676,2017-12-25T13:38:40.337,BUY,6.511e-05,1161.26614489
9570680,2017-12-25T13:39:20.773,SELL,6.511e-05,316.55587211
9570688,2017-12-25T13:39:52.307,BUY,6.512e-05,30.375
9570690,2017-12-25T13:40:11.73,SELL,6.52e-05,306.74846626
9570691,2017-12-25T13:40:11.73,SELL,6.512e-05,9.80740585
9570696,2017-12-25T13:40:30.09,BUY,6.529e-05,78.2845144
9570697,2017-12-25T13:40:30.107,BUY,6.529e-05,92.0
9570700,2017-12-25T13:40:34.2,BUY,6.532e-05,2260.72219645
9570705,2017-12-25T13:40:48.17,BUY,6.534e-05,19.82795689
9570706,2017-12-25T13:40:48.17,BUY,6.534e-05,633.99137597
9570708,2017-12-25T13:41:00.733,SELL,6.532e-05,316.55587211
9570713,2017-12-25T13:41:13.047,BUY,6.556e-05,505.98808043
9570722,2017-12-25T13:41:37.703,BUY,6.556e-05,330.0
9570727,2017-12-25T13:41:48.937,SELL,6.534e-05,316.55587211
9570733,2017-12-25T13:41:53.813,BUY,6.552e-05,926.33772375
9570734,2017-12-25T13:41:54.093,SELL,6.552e-05,19.0
9570738,2017-12-25T13:41:59.58,SELL,6.552e-05,311.86652112
9570741,2017-12-25T13:42:01.407,SELL,6.552e-05,92.88497043
9570750,2017-12-25T13:42:10.89,SELL,6.535e-05,75.99589396
9570751,2017-12-25T13:42:10.89,SELL,6.535e-05,95.13042837
9570753,2017-12-25T13:42:14.767,BUY,6.552e-05,62.54997427
9570756,2017-12-25T13:42:16.313,BUY,6.552e-05,35.0
9570758,2017-12-25T13:42:17.783,SELL,6.536e-05,23.33903843
9570761,2017-12-25T13:42:22.25,SELL,6.536e-05,38.76917775
9570765,2017-12-25T13:42:27.643,SELL,6.536e-05,15.4655119
9570770,2017-12-25T13:42:36.033,SELL,6.537e-05,15.67398119
9570771,2017-12-25T13:42:36.627,SELL,6.537e-05,276.67910287
9570778,2017-12-25T13:42:45.067,SELL,6.538e-05,62.23743581
9570791,2017-12-25T13:43:00.613,SELL,6.539e-05,144.22637046
9570798,2017-12-25T13:43:14.49,SELL,6.54e-05,1112.71088334
9570799,2017-12-25T13:43:14.49,SELL,6.54e-05,9701.57219931
9570821,2017-12-25T13:43:35.38,BUY,6.556e-05,367.39179662
9570822,2017-12-25T13:43:35.38,BUY,6.556e-05,133.49662117
9570829,2017-12-25T13:43:42.177,BUY,6.56e-05,159.90476227
9570836,2017-12-25T13:43:46.427,BUY,6.563e-05,19.82795689
9570837,2017-12-25T13:43:47.287,SELL,6.563e-05,45.92459177
9570854,2017-12-25T13:44:10.147,BUY,6.58e-05,459.53624078
9570855,2017-12-25T13:44:10.147,BUY,6.587e-05,400.0
9570856,2017-12-25T13:44:10.147,BUY,6.596e-05,100.10222727
9570857,2017-12-25T13:44:10.147,BUY,6.598e-05,455.86581442
9570858,2017-12-25T13:44:10.147,BUY,6.6e-05,76.10943979
9570859,2017-12-25T13:44:10.147,BUY,6.6e-05,26.25165045
9570864,2017-12-25T13:44:14.897,BUY,6.601e-05,38.98547252
9570871,2017-12-25T13:44:19.617,SELL,6.601e-05,73.86858382
9570872,2017-12-25T13:44:19.617,SELL,6.6e-05,434.99325734
9570878,2017-12-25T13:44:22.147,BUY,6.614e-05,20.34417903
9570879,2017-12-25T13:44:22.147,BUY,6.614e-05,45.92459178
9570890,2017-12-25T13:44:32.35,BUY,6.637e-05,82.85628201
9570896,2017-12-25T13:44:33.68,SELL,6.617e-05,368.54531345
9570897,2017-12-25T13:44:33.68,SELL,6.616e-05,1402.74027748
9570898,2017-12-25T13:44:33.68,SELL,6.614e-05,1753.76267822
9570899,2017-12-25T13:44:36.79,SELL,6.614e-05,1497.93991737
9570909,2017-12-25T13:44:45.383,SELL,6.614e-05,308.1189339
9570912,2017-12-25T13:44:45.993,BUY,6.637e-05,25.10569799
9570913,2017-12-25T13:44:45.993,BUY,6.637e-05,82.85627799
9570916,2017-12-25T13:44:51.197,SELL,6.614e-05,308.07147258
9570922,2017-12-25T13:44:56.37,SELL,6.637e-05,307.97659377
9570927,2017-12-25T13:45:00.837,BUY,6.638e-05,20.34417903
9570928,2017-12-25T13:45:02.01,SELL,6.638e-05,307.97659377
9570929,2017-12-25T13:45:06.43,SELL,6.638e-05,887.40894617
9570930,2017-12-25T13:45:06.43,SELL,6.637e-05,0.61609506
9570931,2017-12-25T13:45:06.43,SELL,6.614e-05,947.19296007
9570932,2017-12-25T13:45:06.447,SELL,6.614e-05,375.88531818
9570933,2017-12-25T13:45:06.447,SELL,6.602e-05,112.82926
9570934,2017-12-25T13:45:06.447,SELL,6.601e-05,77.55415164
9570935,2017-12-25T13:45:06.447,SELL,6.6e-05,5663.02989791
9570937,2017-12-25T13:45:06.917,SELL,6.6e-05,1974.58695848
9570942,2017-12-25T13:45:12.057,SELL,6.638e-05,307.97659377
9570947,2017-12-25T13:45:13.32,BUY,6.643e-05,162.71043286
9570948,2017-12-25T13:45:13.32,BUY,6.676e-05,188.91653501
9570950,2017-12-25T13:45:15.697,SELL,6.643e-05,250.35364485
9570952,2017-12-25T13:45:16.587,BUY,6.676e-05,6211.69875899
9570953,2017-12-25T13:45:18.323,SELL,6.643e-05,21.17515096
9570957,2017-12-25T13:45:19.93,BUY,6.676e-05,3831.22233694
9570958,2017-12-25T13:45:19.93,BUY,6.678e-05,6738.40259266
9570960,2017-12-25T13:45:21.057,SELL,6.678e-05,2316.17836852
9570961,2017-12-25T13:45:22.09,SELL,6.676e-05,307.73965225
9570965,2017-12-25T13:45:25.493,SELL,6.676e-05,159.90476227
9570967,2017-12-25T13:45:26.167,BUY,6.677e-05,408.79801096
9570969,2017-12-25T13:45:27.243,SELL,6.676e-05,13.63756991
9570971,2017-12-25T13:45:29.197,BUY,6.676e-05,334.53344323
9570972,2017-12-25T13:45:31.34,SELL,6.6e-05,15.39171925
9570973,2017-12-25T13:45:31.557,SELL,6.6e-05,89.13437526
9570981,2017-12-25T13:45:41.34,SELL,6.601e-05,230.59185242
9570982,2017-12-25T13:45:41.667,SELL,6.601e-05,307.73965225
9570983,2017-12-25T13:45:42.043,SELL,6.601e-05,312.01248049
9570984,2017-12-25T13:45:43.12,SELL,6.601e-05,23.26302729
9570985,2017-12-25T13:45:44.4,SELL,6.601e-05,14.04056162
9570987,2017-12-25T13:45:44.853,BUY,6.676e-05,73.24826581
9570988,2017-12-25T13:45:44.853,BUY,6.683e-05,200.23622026
9570990,2017-12-25T13:45:45.497,SELL,6.683e-05,78.50077018
9570991,2017-12-25T13:45:45.497,SELL,6.601e-05,77.09281936
9570993,2017-12-25T13:45:46.043,SELL,6.602e-05,100.06253908
9570994,2017-12-25T13:45:46.463,SELL,6.602e-05,126.11504152
9570995,2017-12-25T13:45:46.637,SELL,6.602e-05,458.47725406
9570996,2017-12-25T13:45:47.057,SELL,6.602e-05,132.11088062
9570997,2017-12-25T13:45:47.247,SELL,6.602e-05,46.91164972
9571002,2017-12-25T13:45:53.107,SELL,6.601e-05,307.73965225
9571005,2017-12-25T13:45:58.527,BUY,6.602e-05,350.901713
9571007,2017-12-25T13:45:58.917,BUY,6.602e-05,20.0
9571013,2017-12-25T13:46:05.463,SELL,6.602e-05,208.88025316
9571014,2017-12-25T13:46:05.463,SELL,6.601e-05,98.81205453
9571023,2017-12-25T13:46:17.217,SELL,6.6e-05,95.78455375
9571024,2017-12-25T13:46:17.217,SELL,6.6e-05,7663.04828836
9571026,2017-12-25T13:46:17.81,BUY,6.6e-05,705.32258621
9571030,2017-12-25T13:46:24.467,BUY,6.597e-05,12.0
9571032,2017-12-25T13:46:26.153,BUY,6.597e-05,295.69230769
9571034,2017-12-25T13:46:27.59,SELL,6.6e-05,31.22560499
9571049,2017-12-25T13:46:46.95,SELL,6.601e-05,47.63416957
9571050,2017-12-25T13:46:47.263,SELL,6.601e-05,2381.3541081
9571051,2017-12-25T13:46:47.263,SELL,6.6e-05,76.83295549
9571052,2017-12-25T13:46:47.263,SELL,6.6e-05,41.8129364
9571056,2017-12-25T13:46:50.937,BUY,6.602e-05,73.6574045
9571062,2017-12-25T13:46:58.25,BUY,6.602e-05,3.30119177
9571063,2017-12-25T13:46:58.25,BUY,6.686e-05,357.48662171
9571070,2017-12-25T13:47:03.983,BUY,6.602e-05,134.14410023
9571071,2017-12-25T13:47:04.047,SELL,6.602e-05,112.45521475
9571072,2017-12-25T13:47:04.06,SELL,6.601e-05,57.61599636
9571075,2017-12-25T13:47:08.86,BUY,6.601e-05,877.86063469
9571077,2017-12-25T13:47:09.06,BUY,6.601e-05,104.36567789
9571091,2017-12-25T13:47:50.173,SELL,6.601e-05,208.88025316
9571092,2017-12-25T13:47:51.017,SELL,6.601e-05,754.67741417
9571093,2017-12-25T13:47:51.017,SELL,6.601e-05,43.21199727
9571094,2017-12-25T13:47:51.017,SELL,6.601e-05,9.3911816
9571100,2017-12-25T13:48:00.407,SELL,6.602e-05,331.45831271
9571101,2017-12-25T13:48:00.407,SELL,6.601e-05,152.87192294
9571102,2017-12-25T13:48:00.407,SELL,6.6e-05,681.50482979
9571103,2017-12-25T13:48:00.407,SELL,6.565e-05,978.40397153
9571110,2017-12-25T13:48:15.05,SELL,6.601e-05,97.5986211
9571111,2017-12-25T13:48:15.313,SELL,6.601e-05,94.7006769
9571112,2017-12-25T13:48:15.313,SELL,6.601e-05,203.20977886
9571116,2017-12-25T13:48:28.377,SELL,6.601e-05,307.55036137
9571117,2017-12-25T13:48:29.22,SELL,6.601e-05,549.0
9571122,2017-12-25T13:48:40.44,SELL,6.601e-05,307.55036137
9571123,2017-12-25T13:48:43.753,SELL,6.601e-05,308.59268883
9571124,2017-12-25T13:48:45.817,SELL,6.601e-05,132.5875506
9571125,2017-12-25T13:48:45.817,SELL,6.566e-05,160.75713307
9571126,2017-12-25T13:48:45.817,SELL,6.565e-05,34.54635246
9571128,2017-12-25T13:48:54.503,SELL,6.566e-05,31.10741257
9571134,2017-12-25T13:49:04.537,BUY,6.673e-05,14.97678598
9571140,2017-12-25T13:49:14.49,BUY,6.672e-05,303.74042415
9571168,2017-12-25T13:50:00.35,BUY,6.657e-05,145.78034709
9571169,2017-12-25T13:50:00.35,BUY,6.657e-05,845.60665088
9571180,2017-12-25T13:50:16.803,BUY,6.644e-05,85.05600492
9571181,2017-12-25T13:50:18.977,SELL,6.644e-05,110.38157957
9571187,2017-12-25T13:50:36.337,SELL,6.587e-05,2760.46910202
9571188,2017-12-25T13:50:36.337,SELL,6.585e-05,5896.85967314
9571189,2017-12-25T13:50:36.337,SELL,6.578e-05,66.07125798
9571190,2017-12-25T13:50:36.337,SELL,6.565e-05,3341.88797635
9571191,2017-12-25T13:50:36.337,SELL,6.564e-05,100.90442692
9571192,2017-12-25T13:50:36.337,SELL,6.564e-05,711.88586293
9571205,2017-12-25T13:51:01.633,SELL,6.644e-05,80.0
9571207,2017-12-25T13:51:04.07,SELL,6.644e-05,89.90952127
9571215,2017-12-25T13:51:14.667,SELL,6.644e-05,89.90952127
9571223,2017-12-25T13:51:32.84,SELL,6.644e-05,159.73247441
9571229,2017-12-25T13:51:47.323,SELL,6.644e-05,307.50307503
9571232,2017-12-25T13:51:53.37,SELL,6.644e-05,563.28653288
9571234,2017-12-25T13:51:54.293,BUY,6.65e-05,205.05248157
9571240,2017-12-25T13:52:02.09,SELL,6.644e-05,307.36130321
9571245,2017-12-25T13:52:12.06,SELL,6.647e-05,404.61282854
9571247,2017-12-25T13:52:13.637,BUY,6.65e-05,801.30710817
9571248,2017-12-25T13:52:13.98,SELL,6.647e-05,343.0
9571252,2017-12-25T13:52:20.17,SELL,6.647e-05,82.30353882
9571254,2017-12-25T13:52:24.17,SELL,6.647e-05,15.02213638
9571255,2017-12-25T13:52:24.17,SELL,6.645e-05,161.1886011
9571256,2017-12-25T13:52:24.17,SELL,6.644e-05,497.18995767
9571261,2017-12-25T13:52:31.34,BUY,6.65e-05,209.32201668
9571264,2017-12-25T13:52:37.53,SELL,6.65e-05,148.58263332
9571265,2017-12-25T13:52:37.543,SELL,6.644e-05,162.8468279
9571268,2017-12-25T13:52:48.7,SELL,6.644e-05,5479.81650573
9571269,2017-12-25T13:52:48.7,SELL,6.644e-05,417.04316741
9571274,2017-12-25T13:52:58.997,SELL,6.644e-05,1493.65331244
9571276,2017-12-25T13:53:02.123,SELL,6.65e-05,799.94188736
9571277,2017-12-25T13:53:03.09,SELL,6.65e-05,405.11571721
9571280,2017-12-25T13:53:11.14,BUY,6.655e-05,29.77505522
9571286,2017-12-25T13:53:29,SELL,6.65e-05,127.98716375
9571292,2017-12-25T13:53:34.983,BUY,6.655e-05,15.02629601
9571299,2017-12-25T13:53:45.25,BUY,6.655e-05,11.90265205
9571300,2017-12-25T13:53:45.25,BUY,6.655e-05,84.85208279
9571312,2017-12-25T13:54:25.75,SELL,6.655e-05,205.05248157
9571317,2017-12-25T13:54:36.987,SELL,6.655e-05,548.650561
9571319,2017-12-25T13:54:47.767,SELL,6.65e-05,252.13281005
9571321,2017-12-25T13:55:00.643,BUY,6.655e-05,2483.39104159
9571322,2017-12-25T13:55:00.643,BUY,6.655e-05,225.95792637
9571324,2017-12-25T13:55:13.27,SELL,6.655e-05,2753.61611532
9571326,2017-12-25T13:55:15.317,BUY,6.658e-05,1000.0
9571331,2017-12-25T13:55:27.33,BUY,6.658e-05,124.67659679
9571333,2017-12-25T13:55:32.597,BUY,6.658e-05,77.90627816
9571336,2017-12-25T13:55:35.317,BUY,6.658e-05,278.92611064
9571339,2017-12-25T13:56:02.74,SELL,6.658e-05,150.0
9571340,2017-12-25T13:56:12.91,SELL,6.658e-05,708.70972055
9571344,2017-12-25T13:56:41.13,SELL,6.658e-05,171.61567207
9571345,2017-12-25T13:56:41.13,SELL,6.658e-05,488.24589172
9571346,2017-12-25T13:56:41.13,SELL,6.658e-05,100.0
9571348,2017-12-25T13:56:50.833,BUY,6.658e-05,33.0
9571353,2017-12-25T13:57:27.493,BUY,6.658e-05,82.44163738
9571354,2017-12-25T13:57:27.493,BUY,6.658e-05,347.39467932
9571355,2017-12-25T13:57:27.493,BUY,6.658e-05,12.74793643
9571357,2017-12-25T13:57:43.18,BUY,6.659e-05,29.58024833
9571362,2017-12-25T13:57:56.713,BUY,6.659e-05,14.97972669
9571363,2017-12-25T13:58:16.84,SELL,6.658e-05,604.17508762
9571364,2017-12-25T13:58:16.84,SELL,6.658e-05,195.82491238
9571365,2017-12-25T13:58:17.057,SELL,6.658e-05,4.17508762
9571367,2017-12-25T13:58:19.37,BUY,6.658e-05,293.40893333
9571368,2017-12-25T13:58:19.37,BUY,6.659e-05,31.04536268
9571369,2017-12-25T13:58:19.37,BUY,6.659e-05,67.0187243
9571372,2017-12-25T13:58:25.79,SELL,6.659e-05,669.56404714
9571375,2017-12-25T13:58:36.683,BUY,6.661e-05,42.4216788
9571377,2017-12-25T13:58:40.997,SELL,6.659e-05,263.80651496
9571379,2017-12-25T13:58:46.683,SELL,6.659e-05,233.65498298
9571384,2017-12-25T13:58:58.34,SELL,6.659e-05,502.17303535
9571388,2017-12-25T13:59:00.183,SELL,6.659e-05,11.84756129
9571390,2017-12-25T13:59:02.37,SELL,6.659e-05,540.35228425
9571392,2017-12-25T13:59:12.823,SELL,6.659e-05,163.70256586
9571393,2017-12-25T13:59:12.823,SELL,6.659e-05,101.65331527
9571394,2017-12-25T13:59:12.823,SELL,6.658e-05,200.0
9571395,2017-12-25T13:59:12.823,SELL,6.655e-05,1041.16322495
9571401,2017-12-25T13:59:27.543,SELL,6.655e-05,100.0
9571402,2017-12-25T13:59:27.543,SELL,6.65e-05,65.5074802
9571403,2017-12-25T13:59:27.543,SELL,6.65e-05,14.46769468
9571406,2017-12-25T13:59:37.403,SELL,6.651e-05,299.17
9571408,2017-12-25T13:59:42.543,SELL,6.651e-05,1229.04407185
9571411,2017-12-25T13:59:50.75,SELL,6.651e-05,322.02396259
9571412,2017-12-25T13:59:50.75,SELL,6.651e-05,77.88143397
9571417,2017-12-25T13:59:52.7,BUY,6.651e-05,780.29873
9571421,2017-12-25T14:00:02.14,SELL,6.65e-05,67.04161475
9571422,2017-12-25T14:00:02.14,SELL,6.647e-05,38.89085257
9571428,2017-12-25T14:00:38.297,SELL,6.647e-05,103.9225367
9571430,2017-12-25T14:00:56.673,SELL,6.645e-05,22.46532899
9571431,2017-12-25T14:00:58.08,SELL,6.645e-05,263.62603402
9571432,2017-12-25T14:00:58.08,SELL,6.644e-05,1170.8287258
9571434,2017-12-25T14:00:59.953,BUY,6.645e-05,108.02647697
9571439,2017-12-25T14:01:19.47,SELL,6.647e-05,80.14481287
9571440,2017-12-25T14:01:19.47,SELL,6.646e-05,104.37723953
9571441,2017-12-25T14:01:19.47,SELL,6.644e-05,198.64402809
9571442,2017-12-25T14:01:19.47,SELL,6.591e-05,800.0
9571443,2017-12-25T14:01:19.47,SELL,6.591e-05,783.79631405
9571449,2017-12-25T14:02:14.643,SELL,6.59e-05,47.12571695
9571451,2017-12-25T14:02:20.207,BUY,6.591e-05,1354.11699627
9571452,2017-12-25T14:02:20.207,BUY,6.591e-05,137.41714292
9571453,2017-12-25T14:02:20.207,BUY,6.591e-05,50.0
9571454,2017-12-25T14:02:20.207,BUY,6.591e-05,680.29839826
9571456,2017-12-25T14:02:48.35,SELL,6.59e-05,47.12571695
9571459,2017-12-25T14:03:24.303,BUY,6.591e-05,23.75645185
9571460,2017-12-25T14:03:24.303,BUY,6.591e-05,207.8821422
9571461,2017-12-25T14:03:24.303,BUY,6.591e-05,207.8821422
9571465,2017-12-25T14:03:46.21,BUY,6.661e-05,0.10632366
9571466,2017-12-25T14:03:46.21,BUY,6.666e-05,100.80711694
9571467,2017-12-25T14:03:46.21,BUY,6.672e-05,134.40948925
9571468,2017-12-25T14:03:46.21,BUY,6.688e-05,216.00847015
9571475,2017-12-25T14:04:53.167,SELL,6.61e-05,500.0
9571476,2017-12-25T14:04:53.167,SELL,6.591e-05,204.05485011
9571486,2017-12-25T14:06:19.717,BUY,6.688e-05,475.91853507
9571488,2017-12-25T14:06:40.293,SELL,6.688e-05,704.05485011
9571490,2017-12-25T14:06:41.153,SELL,6.688e-05,50.0
9571502,2017-12-25T14:07:56.233,SELL,6.688e-05,71.80431769
9571503,2017-12-25T14:07:56.233,SELL,6.688e-05,169.51268231
9571505,2017-12-25T14:08:04.093,SELL,6.688e-05,143.64110264
9571510,2017-12-25T14:08:23.437,SELL,6.688e-05,441.08636759
9571514,2017-12-25T14:08:37.703,SELL,6.688e-05,762.31482663
9571515,2017-12-25T14:08:37.703,SELL,6.688e-05,180.55681083
9571516,2017-12-25T14:08:37.987,SELL,6.688e-05,198.5819526
9571517,2017-12-25T14:08:37.987,SELL,6.688e-05,537.70493074
9571520,2017-12-25T14:08:40.797,BUY,6.69e-05,80.0
9571521,2017-12-25T14:08:49.877,SELL,6.688e-05,223.61349031
9571522,2017-12-25T14:08:49.877,SELL,6.688e-05,553.89847142
9571524,2017-12-25T14:08:53.097,BUY,6.69e-05,117.32428163
9571525,2017-12-25T14:08:53.097,BUY,6.69e-05,152.53411307
9571526,2017-12-25T14:08:53.097,BUY,6.7e-05,200.0
9571527,2017-12-25T14:08:53.097,BUY,6.7e-05,30.73354208
9571528,2017-12-25T14:08:53.097,BUY,6.7e-05,177.62809643
9571529,2017-12-25T14:08:53.097,BUY,6.7e-05,140.0
9571530,2017-12-25T14:08:55.657,SELL,6.7e-05,780.29873
9571534,2017-12-25T14:09:08.83,SELL,6.7e-05,1000.0
9571541,2017-12-25T14:09:20.58,SELL,6.7e-05,50.69908768
9571542,2017-12-25T14:09:20.58,SELL,6.69e-05,197.03566196
9571543,2017-12-25T14:09:20.58,SELL,6.688e-05,131.09777558
9571544,2017-12-25T14:09:20.58,SELL,6.688e-05,18.7854228
9571545,2017-12-25T14:09:20.58,SELL,6.688e-05,361.82972592
9571548,2017-12-25T14:09:22.893,BUY,6.688e-05,115.92245097
9571549,2017-12-25T14:09:32.36,SELL,6.666e-05,100.80711694
9571550,2017-12-25T14:09:32.36,SELL,6.593e-05,180.08535464
9571551,2017-12-25T14:09:32.36,SELL,6.592e-05,61.17175342
9571553,2017-12-25T14:09:33.91,BUY,6.688e-05,124.62987509
9571554,2017-12-25T14:09:33.91,BUY,6.688e-05,736.94168181
9571556,2017-12-25T14:09:36.127,BUY,6.688e-05,200.0
9571558,2017-12-25T14:09:37.597,SELL,6.592e-05,198.3176436
9571559,2017-12-25T14:09:37.597,SELL,6.592e-05,795.9569108
9571561,2017-12-25T14:09:39.143,BUY,6.688e-05,1001.12798141
9571564,2017-12-25T14:09:47.19,BUY,6.688e-05,198.1697032
9571568,2017-12-25T14:09:49.677,SELL,6.69e-05,246.59931498
9571570,2017-12-25T14:09:56.707,SELL,6.69e-05,390.0
9571571,2017-12-25T14:09:57.783,SELL,6.69e-05,26.80253872
9571572,2017-12-25T14:09:57.783,SELL,6.69e-05,200.0
9571574,2017-12-25T14:09:59.847,SELL,6.688e-05,33.13322554
9571580,2017-12-25T14:10:03.33,BUY,6.687e-05,215.11180734
9571581,2017-12-25T14:10:03.33,BUY,6.688e-05,13.5
9571582,2017-12-25T14:10:03.33,BUY,6.69e-05,5703.79892899
9571585,2017-12-25T14:10:09.863,BUY,6.7e-05,163.8250642
9571586,2017-12-25T14:10:10.317,SELL,6.69e-05,46.85813185
9571587,2017-12-25T14:10:10.317,SELL,6.69e-05,297.59219291
9571591,2017-12-25T14:10:22.05,BUY,6.69e-05,16.19945952
9571593,2017-12-25T14:10:22.927,BUY,6.69e-05,300.0
9571594,2017-12-25T14:10:28.88,SELL,6.593e-05,1730.74518315
9571596,2017-12-25T14:10:32.113,BUY,6.593e-05,338.82416529
9571597,2017-12-25T14:10:41.427,SELL,6.592e-05,1622.64450249
9571599,2017-12-25T14:10:41.957,BUY,6.593e-05,128.54380051
9571601,2017-12-25T14:10:42.363,BUY,6.593e-05,569.71767456
9571603,2017-12-25T14:10:43.52,BUY,6.593e-05,338.77360104
9571605,2017-12-25T14:10:50.99,BUY,6.593e-05,111.06512499
9571606,2017-12-25T14:10:51.38,SELL,6.592e-05,197.03566196
9571608,2017-12-25T14:10:55.647,BUY,6.593e-05,682.41862033
9571609,2017-12-25T14:11:00.553,SELL,6.593e-05,387.14567611
9571610,2017-12-25T14:11:00.553,SELL,6.592e-05,3.60552219
9571615,2017-12-25T14:11:26.977,BUY,6.689e-05,255.77227537
9571617,2017-12-25T14:11:29.117,BUY,6.689e-05,284.53533957
9571619,2017-12-25T14:11:31.257,BUY,6.689e-05,1493.37387146
9571621,2017-12-25T14:11:35.553,SELL,6.689e-05,244.99973406
9571623,2017-12-25T14:11:36.43,BUY,6.689e-05,5.00026594
9571626,2017-12-25T14:11:39.413,BUY,6.69e-05,1415.51780508
9571627,2017-12-25T14:11:40.523,SELL,6.69e-05,25.63685684
9571628,2017-12-25T14:11:40.523,SELL,6.689e-05,180.75287748
9571629,2017-12-25T14:11:46.49,SELL,6.689e-05,899.84773663
9571631,2017-12-25T14:11:46.507,BUY,6.7e-05,192.89269363
9571633,2017-12-25T14:11:46.523,BUY,6.7e-05,321.25105147
9571636,2017-12-25T14:11:49.443,BUY,6.7e-05,26.08604081
9571637,2017-12-25T14:11:49.443,BUY,6.701e-05,34.35259393
9571638,2017-12-25T14:11:49.443,BUY,6.723e-05,26.58755121
9571639,2017-12-25T14:11:50.163,SELL,6.723e-05,154.79230074
9571643,2017-12-25T14:11:55.43,SELL,6.723e-05,213.38465773
9571645,2017-12-25T14:11:56.257,SELL,6.723e-05,25.71101811
9571646,2017-12-25T14:11:58.367,SELL,6.723e-05,239.30091779
9571648,2017-12-25T14:11:58.663,BUY,6.7e-05,165.9008807
9571650,2017-12-25T14:12:04.727,SELL,6.689e-05,19.6101274
9571652,2017-12-25T14:12:05.163,BUY,6.7e-05,2067.1813898
9571657,2017-12-25T14:12:16.117,BUY,6.7e-05,611.32286996
9571660,2017-12-25T14:12:17.133,BUY,6.7e-05,207.08874179
9571664,2017-12-25T14:12:21.79,BUY,6.699e-05,686.30930137
9571667,2017-12-25T14:12:35.807,BUY,6.699e-05,100.0
9571669,2017-12-25T14:12:37.603,BUY,6.699e-05,738.95181343
9571670,2017-12-25T14:12:38.65,SELL,6.699e-05,15.5373788
9571671,2017-12-25T14:12:40.15,SELL,6.699e-05,677.59776633
9571674,2017-12-25T14:12:44.477,BUY,6.7e-05,1860.7409674
9571676,2017-12-25T14:12:47.76,BUY,6.7e-05,325.76578407
9571680,2017-12-25T14:13:02.447,SELL,6.699e-05,476.54709345
9571682,2017-12-25T14:13:03.48,BUY,6.7e-05,1478.71419402
9571684,2017-12-25T14:13:04.197,BUY,6.7e-05,220.50754674
9571688,2017-12-25T14:13:07.667,BUY,6.721e-05,76.92259615
9571689,2017-12-25T14:13:07.993,SELL,6.721e-05,51.58161572
9571690,2017-12-25T14:13:07.993,SELL,6.7e-05,114.31926498
9571693,2017-12-25T14:13:13.04,SELL,6.7e-05,68.70857145
9571695,2017-12-25T14:13:16.243,BUY,6.737e-05,704.10895723
9571698,2017-12-25T14:13:17.48,BUY,6.736e-05,100.95911154
9571699,2017-12-25T14:13:17.48,BUY,6.737e-05,439.83687887
9571700,2017-12-25T14:13:17.48,BUY,6.739e-05,312.69592476
9571701,2017-12-25T14:13:17.48,BUY,6.74e-05,42.02360368
9571702,2017-12-25T14:13:17.48,BUY,6.749e-05,90.6514933
9571703,2017-12-25T14:13:17.48,BUY,6.749e-05,1569.99999999
9571704,2017-12-25T14:13:17.48,BUY,6.75e-05,200.0
9571705,2017-12-25T14:13:17.48,BUY,6.75e-05,10000.0
9571706,2017-12-25T14:13:19.04,SELL,6.75e-05,417.07721063
9571713,2017-12-25T14:13:35.743,BUY,6.736e-05,335.33219
9571714,2017-12-25T14:13:35.743,BUY,6.748e-05,343.57941986
9571715,2017-12-25T14:13:35.79,SELL,6.702e-05,30.79291762
9571723,2017-12-25T14:13:51.747,BUY,6.747e-05,46.92697716
9571726,2017-12-25T14:14:00.917,BUY,6.747e-05,153.07302284
9571728,2017-12-25T14:14:01.963,SELL,6.747e-05,951.21620222
9571729,2017-12-25T14:14:01.963,SELL,6.737e-05,449.42349484
9571730,2017-12-25T14:14:01.963,SELL,6.736e-05,380.02898939
9571732,2017-12-25T14:14:02.51,BUY,6.736e-05,105.60308137
9571735,2017-12-25T14:14:08.713,BUY,6.736e-05,439.98778678
9571736,2017-12-25T14:14:08.713,BUY,6.736e-05,319.44157923
9571739,2017-12-25T14:14:09.823,BUY,6.736e-05,447.49727808
9571742,2017-12-25T14:14:12.433,BUY,6.736e-05,618.6247962
9571750,2017-12-25T14:14:35.573,SELL,6.703e-05,100.0
9571753,2017-12-25T14:14:37.107,BUY,6.736e-05,65.9351054
9571760,2017-12-25T14:14:51.217,BUY,6.736e-05,634.35946949
9571765,2017-12-25T14:14:58.327,BUY,6.736e-05,240.4013262
9571766,2017-12-25T14:14:58.327,BUY,6.736e-05,171.06918
9571767,2017-12-25T14:14:58.327,BUY,6.736e-05,1762.53465311
9571771,2017-12-25T14:15:00.857,BUY,6.736e-05,237.46534689
9571773,2017-12-25T14:15:02.06,SELL,6.736e-05,2788.33875923
9571779,2017-12-25T14:15:11.17,BUY,6.736e-05,2128.37768997
9571781,2017-12-25T14:15:23.42,SELL,6.704e-05,84.64260143
9571782,2017-12-25T14:15:23.42,SELL,6.704e-05,915.92489857
9571783,2017-12-25T14:15:30.187,SELL,6.704e-05,534.39173228
9571784,2017-12-25T14:15:30.187,SELL,6.704e-05,31.9014665
9571785,2017-12-25T14:15:30.187,SELL,6.703e-05,1807.96543588
9571790,2017-12-25T14:15:40.623,SELL,6.703e-05,18.43034864
9571794,2017-12-25T14:15:43.343,SELL,6.703e-05,2084.25987844
9571796,2017-12-25T14:15:48.217,SELL,6.703e-05,147.50886157
9571797,2017-12-25T14:15:48.217,SELL,6.703e-05,56.86708188
9571799,2017-12-25T14:15:53.797,BUY,6.703e-05,429.98352604
9571801,2017-12-25T14:15:56.407,SELL,6.703e-05,192.89269363
9571802,2017-12-25T14:15:57.203,SELL,6.703e-05,259.9913119
9571804,2017-12-25T14:16:00.453,SELL,6.703e-05,2004.38219433
9571806,2017-12-25T14:16:02.03,BUY,6.703e-05,233.97064551
9571813,2017-12-25T14:16:10.11,BUY,6.703e-05,128.37417196
9571815,2017-12-25T14:16:10.5,BUY,6.703e-05,2090.0
9571819,2017-12-25T14:16:11.75,BUY,6.703e-05,648.42712217
9571822,2017-12-25T14:16:12.483,BUY,6.703e-05,1691.94802067
9571825,2017-12-25T14:16:13.61,BUY,6.703e-05,1582.74344823
9571827,2017-12-25T14:16:14.577,BUY,6.703e-05,2540.29168989
9571830,2017-12-25T14:16:16.86,BUY,6.703e-05,287.15604692
9571834,2017-12-25T14:16:19.58,BUY,6.703e-05,199.09408933
9571836,2017-12-25T14:16:20.797,BUY,6.703e-05,191.9018655
9571840,2017-12-25T14:16:35.767,SELL,6.702e-05,32.57522126
9571841,2017-12-25T14:16:35.767,SELL,6.702e-05,36.1333502
9571844,2017-12-25T14:16:38.28,SELL,6.702e-05,533.73115594
9571845,2017-12-25T14:16:38.28,SELL,6.702e-05,0.32868566
9571846,2017-12-25T14:16:42.78,SELL,6.702e-05,191.9018655
9571849,2017-12-25T14:16:44.86,BUY,6.703e-05,26.77804965
9571855,2017-12-25T14:16:54.047,BUY,6.703e-05,534.12790565
9571857,2017-12-25T14:16:58.44,BUY,6.703e-05,108.11713182
9571858,2017-12-25T14:17:05.033,SELL,6.702e-05,27.49883682
9571869,2017-12-25T14:17:37.783,BUY,6.703e-05,49.49592302
9571873,2017-12-25T14:17:42.487,BUY,6.703e-05,249.70523605
9571905,2017-12-25T14:18:18.08,BUY,6.732e-05,500.0
9571907,2017-12-25T14:18:25.55,SELL,6.704e-05,298.37
9571911,2017-12-25T14:18:27.817,BUY,6.732e-05,600.0
9571915,2017-12-25T14:18:34.223,SELL,6.704e-05,45.0
9571920,2017-12-25T14:18:42.41,BUY,6.732e-05,48.67536526
9571921,2017-12-25T14:18:42.41,BUY,6.732e-05,21.32463474
9571923,2017-12-25T14:18:56.66,BUY,6.732e-05,2.07166595
9571932,2017-12-25T14:19:03.52,SELL,6.732e-05,336.21897109
9571933,2017-12-25T14:19:03.52,SELL,6.732e-05,28.37102875
9571935,2017-12-25T14:19:03.817,SELL,6.706e-05,3592.2698473
9571936,2017-12-25T14:19:03.817,SELL,6.705e-05,878.12697934
9571937,2017-12-25T14:19:03.817,SELL,6.704e-05,113.95801962
9571938,2017-12-25T14:19:03.817,SELL,6.703e-05,1750.29476395
9571939,2017-12-25T14:19:03.817,SELL,6.703e-05,405.81645989
9571940,2017-12-25T14:19:03.817,SELL,6.703e-05,1939.71948672
9571941,2017-12-25T14:19:03.817,SELL,6.703e-05,36.98463076
9571942,2017-12-25T14:19:03.817,SELL,6.703e-05,298.37
9571943,2017-12-25T14:19:03.817,SELL,6.703e-05,298.37
9571944,2017-12-25T14:19:03.817,SELL,6.702e-05,45.11149399
9571945,2017-12-25T14:19:03.817,SELL,6.702e-05,1000.0
9571946,2017-12-25T14:19:03.817,SELL,6.643e-05,729.36460594
9571947,2017-12-25T14:19:03.817,SELL,6.597e-05,196.02244956
9571948,2017-12-25T14:19:03.817,SELL,6.596e-05,5815.98142303
9571950,2017-12-25T14:19:04.037,BUY,6.596e-05,383.46105769
9571952,2017-12-25T14:19:04.537,BUY,6.596e-05,15.15840534
9571957,2017-12-25T14:19:05.037,BUY,6.596e-05,383.45866106
9571959,2017-12-25T14:19:05.3,BUY,6.596e-05,15.15840534
9571961,2017-12-25T14:19:05.8,BUY,6.596e-05,233.24295302
9571967,2017-12-25T14:19:08.003,BUY,6.666e-05,15.15840534
9571968,2017-12-25T14:19:08.003,BUY,6.732e-05,174.90719999
9571977,2017-12-25T14:19:22.55,BUY,6.666e-05,15.15840534
9571986,2017-12-25T14:19:33.677,BUY,6.702e-05,50.0
9571991,2017-12-25T14:19:38.083,BUY,6.702e-05,15.0
9571995,2017-12-25T14:19:45.223,SELL,6.667e-05,294.94351855
9572007,2017-12-25T14:20:00.88,BUY,6.701e-05,87.69862878
9572008,2017-12-25T14:20:00.88,BUY,6.702e-05,57.5329076
9572009,2017-12-25T14:20:00.88,BUY,6.702e-05,624.76846362
9572016,2017-12-25T14:20:08.52,SELL,6.668e-05,149.59601595
9572022,2017-12-25T14:20:15.85,BUY,6.668e-05,20.88928678
9572024,2017-12-25T14:20:17.52,BUY,6.668e-05,61.02324531
9572027,2017-12-25T14:20:23.63,SELL,6.669e-05,40.46958938
9572034,2017-12-25T14:20:32.397,SELL,6.669e-05,197.65246446
9572037,2017-12-25T14:20:33.897,BUY,6.669e-05,120.0
9572044,2017-12-25T14:20:42.1,SELL,6.668e-05,66.05794887
9572045,2017-12-25T14:20:53.523,SELL,6.668e-05,69.8625
9572046,2017-12-25T14:20:57.633,SELL,6.668e-05,2160.84609369
9572056,2017-12-25T14:21:10.74,SELL,6.668e-05,38.17251129
9572063,2017-12-25T14:21:16.867,BUY,6.7e-05,1939.30003276
9572074,2017-12-25T14:21:32.32,BUY,6.699e-05,70.59172963
9572076,2017-12-25T14:21:33.96,BUY,6.699e-05,224.35178892
9572081,2017-12-25T14:21:38.65,BUY,6.7e-05,148.88059701
9572090,2017-12-25T14:21:48.633,SELL,6.699e-05,1220.86092556
9572096,2017-12-25T14:22:00.447,SELL,6.698e-05,123.07692307
9572097,2017-12-25T14:22:08.103,SELL,6.698e-05,711.88586293
9572099,2017-12-25T14:22:11.65,BUY,6.699e-05,399.08245508
9572103,2017-12-25T14:22:18.917,BUY,6.699e-05,800.0
9572108,2017-12-25T14:22:24.15,BUY,6.699e-05,199.54122754
9572110,2017-12-25T14:22:36.93,SELL,6.698e-05,1338.71227664
9572113,2017-12-25T14:22:51.73,SELL,6.698e-05,252.53164557
9572115,2017-12-25T14:23:01.433,BUY,6.699e-05,743.95883055
9572116,2017-12-25T14:23:02.34,SELL,6.698e-05,441.46490987
9572118,2017-12-25T14:23:02.603,BUY,6.698e-05,55.5272017
9572119,2017-12-25T14:23:06.933,SELL,6.668e-05,45.13932872
9572120,2017-12-25T14:23:06.933,SELL,6.668e-05,71.4027768
9572121,2017-12-25T14:23:06.933,SELL,6.668e-05,125.6044053
9572122,2017-12-25T14:23:06.933,SELL,6.668e-05,80.23851587
9572123,2017-12-25T14:23:06.933,SELL,6.668e-05,520.79833262
9572127,2017-12-25T14:23:15.137,BUY,6.668e-05,520.8770216
9572128,2017-12-25T14:23:15.887,SELL,6.667e-05,290.23720883
9572129,2017-12-25T14:23:15.887,SELL,6.593e-05,181.20526077
9572130,2017-12-25T14:23:15.887,SELL,6.592e-05,297.61927507
9572133,2017-12-25T14:23:21.763,SELL,6.592e-05,55.52133815
9572134,2017-12-25T14:23:21.763,SELL,6.592e-05,157.55801636
9572135,2017-12-25T14:23:21.763,SELL,6.592e-05,19.54660095
9572138,2017-12-25T14:23:30.497,SELL,6.592e-05,112.05141892
9572139,2017-12-25T14:23:30.497,SELL,6.592e-05,253.20565394
9572140,2017-12-25T14:23:30.497,SELL,6.591e-05,1578.25695109
9572141,2017-12-25T14:23:30.497,SELL,6.591e-05,142.32757508
9572142,2017-12-25T14:23:30.497,SELL,6.591e-05,40.0
9572143,2017-12-25T14:23:30.497,SELL,6.591e-05,142.32757508
9572144,2017-12-25T14:23:30.513,SELL,6.591e-05,40.0
9572145,2017-12-25T14:23:30.513,SELL,6.591e-05,313.48559264
9572146,2017-12-25T14:23:30.513,SELL,6.591e-05,298.20166556
9572152,2017-12-25T14:23:35.387,BUY,6.668e-05,250.98471577
9572158,2017-12-25T14:23:58.28,BUY,6.667e-05,1000.0
9572159,2017-12-25T14:23:58.28,BUY,6.667e-05,249.57427939
9572162,2017-12-25T14:24:02.09,SELL,6.591e-05,15.28392708
9572163,2017-12-25T14:24:02.09,SELL,6.591e-05,400.0
9572164,2017-12-25T14:24:02.09,SELL,6.59e-05,48.24004319
9572165,2017-12-25T14:24:02.09,SELL,6.59e-05,48.24004319
9572166,2017-12-25T14:24:02.09,SELL,6.587e-05,390.20299942
9572167,2017-12-25T14:24:02.09,SELL,6.564e-05,441.42927264
9572169,2017-12-25T14:24:02.34,BUY,6.536e-05,2421.98041972
9572187,2017-12-25T14:24:21.92,SELL,6.54e-05,22.93577982
9572188,2017-12-25T14:24:21.92,SELL,6.539e-05,7.06730217
9572202,2017-12-25T14:24:37.78,SELL,6.543e-05,359.94750885
9572212,2017-12-25T14:24:43.03,BUY,6.663e-05,152.0724454
9572213,2017-12-25T14:24:43.03,BUY,6.663e-05,136.62306445
9572214,2017-12-25T14:24:43.03,BUY,6.664e-05,335.53158747
9572222,2017-12-25T14:24:49.56,SELL,6.663e-05,22.93577982
9572225,2017-12-25T14:24:50.093,SELL,6.663e-05,33.16365342
9572228,2017-12-25T14:24:50.42,BUY,6.663e-05,47.05463232
9572237,2017-12-25T14:25:00.373,SELL,6.66e-05,50.0
9572248,2017-12-25T14:25:11.17,BUY,6.658e-05,100.95911153
9572253,2017-12-25T14:25:14.67,SELL,6.658e-05,447.14659656
9572260,2017-12-25T14:25:20.11,BUY,6.657e-05,189.60724971
9572267,2017-12-25T14:25:22.563,BUY,6.656e-05,74.90988285
9572269,2017-12-25T14:25:24.203,BUY,6.656e-05,165.19975552
9572282,2017-12-25T14:25:37.86,SELL,6.553e-05,24.350964
9572291,2017-12-25T14:25:49.983,SELL,6.554e-05,39.75063254
9572293,2017-12-25T14:25:50.127,BUY,6.654e-05,27.6898887
9572294,2017-12-25T14:25:50.127,BUY,6.655e-05,1729.51819097
9572301,2017-12-25T14:25:55.673,SELL,6.655e-05,1000.0
9572302,2017-12-25T14:25:55.89,SELL,6.655e-05,288.29063704
9572303,2017-12-25T14:25:58,SELL,6.655e-05,1454.50128329
9572312,2017-12-25T14:26:04.08,SELL,6.556e-05,1215.05648144
9572313,2017-12-25T14:26:04.08,SELL,6.555e-05,69.68986908
9572316,2017-12-25T14:26:06.89,SELL,6.555e-05,1300.0
9572326,2017-12-25T14:26:14.237,SELL,6.608e-05,533.1713541
9572327,2017-12-25T14:26:14.237,SELL,6.558e-05,199.44976479
9572328,2017-12-25T14:26:14.237,SELL,6.557e-05,436.39307333
9572330,2017-12-25T14:26:17.063,BUY,6.654e-05,791.49160167
9572334,2017-12-25T14:26:22.343,BUY,6.653e-05,109.10826046
9572335,2017-12-25T14:26:23.14,SELL,6.557e-05,543.75654787
9572338,2017-12-25T14:26:31.83,SELL,6.557e-05,70.59172963
9572342,2017-12-25T14:26:43.737,BUY,6.65e-05,30.77430885
9572344,2017-12-25T14:26:46.203,SELL,6.557e-05,1964.48024136
9572347,2017-12-25T14:26:52.16,SELL,6.555e-05,115.07022066
9572349,2017-12-25T14:26:55.08,BUY,6.557e-05,732.55301581
9572351,2017-12-25T14:26:58.517,BUY,6.557e-05,280.1188457
9572353,2017-12-25T14:27:15.44,SELL,6.557e-05,200.0
9572356,2017-12-25T14:27:20.3,SELL,6.557e-05,1923.56676397
9572360,2017-12-25T14:27:28.94,SELL,6.557e-05,1164.7016229
9572361,2017-12-25T14:27:28.94,SELL,6.557e-05,11.49425287
9572362,2017-12-25T14:27:28.94,SELL,6.555e-05,3780.43434363
9572363,2017-12-25T14:27:28.94,SELL,6.555e-05,759.02078801
9572365,2017-12-25T14:27:34.143,SELL,6.555e-05,189.60724971
9572366,2017-12-25T14:27:34.957,SELL,6.555e-05,587.75586902
9572367,2017-12-25T14:27:34.957,SELL,6.555e-05,91.15574084
9572370,2017-12-25T14:27:39.55,SELL,6.555e-05,116.80323924
9572371,2017-12-25T14:27:39.55,SELL,6.555e-05,146.56767691
9572375,2017-12-25T14:27:52.613,BUY,6.555e-05,20.88928678
9572377,2017-12-25T14:27:54.8,BUY,6.555e-05,77.80320366
9572379,2017-12-25T14:27:59.817,BUY,6.555e-05,25.49058322
9572381,2017-12-25T14:28:00.097,BUY,6.555e-05,18.0
9572383,2017-12-25T14:28:04.317,BUY,6.555e-05,305.11060259
9572385,2017-12-25T14:28:06.503,SELL,6.554e-05,145.36775009
9572387,2017-12-25T14:28:11.63,SELL,6.554e-05,206.54818851
9572388,2017-12-25T14:28:11.63,SELL,6.55e-05,249.40119389
9572389,2017-12-25T14:28:11.643,SELL,6.55e-05,29.17949304
9572393,2017-12-25T14:28:15.003,SELL,6.55e-05,897.86725089
9572395,2017-12-25T14:28:15.99,BUY,6.55e-05,138.92804607
9572397,2017-12-25T14:28:27.69,SELL,6.542e-05,47.30505464
9572401,2017-12-25T14:28:41.503,SELL,6.542e-05,54.85996997
9572402,2017-12-25T14:28:41.503,SELL,6.542e-05,305.24757019
9572404,2017-12-25T14:28:42.147,SELL,6.542e-05,571.56510074
9572406,2017-12-25T14:28:46.13,SELL,6.543e-05,19.94412764
9572413,2017-12-25T14:28:57.35,BUY,6.549e-05,16.79645747
9572417,2017-12-25T14:29:03.96,BUY,6.55e-05,107.93612756
9572422,2017-12-25T14:29:11.473,BUY,6.555e-05,131.29450039
9572424,2017-12-25T14:29:16.57,SELL,6.556e-05,27.21235966
9572432,2017-12-25T14:29:28.117,SELL,6.558e-05,47.05463232
9572433,2017-12-25T14:29:33.35,SELL,6.558e-05,502.27633273
9572434,2017-12-25T14:29:33.35,SELL,6.556e-05,98.38795324
9572441,2017-12-25T14:29:46.71,SELL,6.543e-05,63.36813888
9572445,2017-12-25T14:29:51.693,BUY,6.556e-05,6949.35936546
9572448,2017-12-25T14:29:58.023,SELL,6.555e-05,542.99034875
9572453,2017-12-25T14:30:11.303,BUY,6.556e-05,107.07039353
9572455,2017-12-25T14:30:16.633,BUY,6.556e-05,80.23589078
9572459,2017-12-25T14:30:19.93,BUY,6.556e-05,79.10364418
9572463,2017-12-25T14:30:24.773,BUY,6.556e-05,412.12390013
9572470,2017-12-25T14:30:39.773,BUY,6.556e-05,425.93251995
9572471,2017-12-25T14:30:39.773,BUY,6.556e-05,240.0
9572473,2017-12-25T14:30:44.023,SELL,6.556e-05,485.0778114
9572475,2017-12-25T14:30:47.273,SELL,6.556e-05,116.09422555
9572481,2017-12-25T14:31:11.633,SELL,6.556e-05,28.13263991
9572482,2017-12-25T14:31:11.633,SELL,6.556e-05,309.0929251
9572483,2017-12-25T14:31:11.633,SELL,6.556e-05,295.03620448
9572484,2017-12-25T14:31:11.633,SELL,6.556e-05,159.90210562
9572485,2017-12-25T14:31:11.633,SELL,6.555e-05,147.66546784
9572486,2017-12-25T14:31:11.633,SELL,6.555e-05,346.19213372
9572487,2017-12-25T14:31:13.743,SELL,6.555e-05,28.01179444
9572489,2017-12-25T14:31:20.853,SELL,6.555e-05,224.23019323
9572491,2017-12-25T14:31:24.26,SELL,6.555e-05,43.67214333
9572493,2017-12-25T14:31:27.447,BUY,6.556e-05,45.75960951
9572495,2017-12-25T14:31:31.9,SELL,6.555e-05,137.27830208
9572496,2017-12-25T14:31:31.9,SELL,6.555e-05,30.89434284
9572498,2017-12-25T14:31:32.993,BUY,6.556e-05,29.9233
9572499,2017-12-25T14:31:34.697,SELL,6.556e-05,60.19170915
9572500,2017-12-25T14:31:34.697,SELL,6.555e-05,113.94962919
9572504,2017-12-25T14:31:47.04,SELL,6.555e-05,173.74901917
9572507,2017-12-25T14:31:53.523,SELL,6.544e-05,147.85255687
9572512,2017-12-25T14:32:03.697,SELL,6.544e-05,12.10025063
9572514,2017-12-25T14:32:04.447,BUY,6.646e-05,45.56164672
9572515,2017-12-25T14:32:04.447,BUY,6.647e-05,1470.67150355
9572516,2017-12-25T14:32:04.447,BUY,6.654e-05,208.50839833
9572517,2017-12-25T14:32:04.447,BUY,6.654e-05,350.74961528
9572518,2017-12-25T14:32:05.697,SELL,6.544e-05,117.45797064
9572519,2017-12-25T14:32:05.697,SELL,6.543e-05,167.74554447
9572524,2017-12-25T14:32:15.557,SELL,6.545e-05,159.83129733
9572532,2017-12-25T14:32:28.057,BUY,6.545e-05,37.51077158
9572535,2017-12-25T14:32:33.62,BUY,6.545e-05,464.41863256
9572540,2017-12-25T14:32:35.37,BUY,6.545e-05,12.8633344
9572543,2017-12-25T14:32:37.823,BUY,6.545e-05,37.32365038
9572547,2017-12-25T14:32:53.167,SELL,6.544e-05,24.41770744
9572548,2017-12-25T14:32:58.263,SELL,6.544e-05,128.51738256
9572549,2017-12-25T14:32:58.263,SELL,6.544e-05,81.71426568
9572552,2017-12-25T14:33:02.793,BUY,6.544e-05,246.48124728
9572554,2017-12-25T14:33:05.59,SELL,6.545e-05,52.30728894
9572557,2017-12-25T14:33:09.683,SELL,6.546e-05,3684.31541084
9572568,2017-12-25T14:33:35.45,BUY,6.649e-05,142.10816366
9572578,2017-12-25T14:33:44.89,BUY,6.648e-05,3834.5350352
9572579,2017-12-25T14:33:44.89,BUY,6.648e-05,113.46694322
9572585,2017-12-25T14:33:53.937,BUY,6.649e-05,954.43913903
9572592,2017-12-25T14:34:05.06,SELL,6.648e-05,14.58066129
9572596,2017-12-25T14:34:07.95,BUY,6.654e-05,649.25038472
9572597,2017-12-25T14:34:07.95,BUY,6.654e-05,233.97064551
9572598,2017-12-25T14:34:07.95,BUY,6.654e-05,433.55540859
9572600,2017-12-25T14:34:18.81,SELL,6.648e-05,305.11060259
9572602,2017-12-25T14:34:20.857,BUY,6.654e-05,566.44459141
9572603,2017-12-25T14:34:20.857,BUY,6.654e-05,1000.0
9572604,2017-12-25T14:34:20.857,BUY,6.654e-05,993.78078443
9572606,2017-12-25T14:34:29.06,BUY,6.654e-05,6.21921557
9572607,2017-12-25T14:34:29.06,BUY,6.654e-05,393.78078443
9572609,2017-12-25T14:34:32.077,BUY,6.654e-05,120.0
9572610,2017-12-25T14:34:42.187,SELL,6.648e-05,1077.1238128
9572611,2017-12-25T14:34:42.187,SELL,6.648e-05,186.48821688
9572612,2017-12-25T14:34:42.187,SELL,6.63e-05,440.51436266
9572613,2017-12-25T14:34:42.187,SELL,6.552e-05,2161.03307598
9572614,2017-12-25T14:34:42.187,SELL,6.551e-05,1431.49082125
9572615,2017-12-25T14:34:42.187,SELL,6.55e-05,2029.32891882
9572617,2017-12-25T14:34:43.373,BUY,6.654e-05,419.42992871
9572618,2017-12-25T14:34:43.373,BUY,6.654e-05,56.86708187
9572619,2017-12-25T14:34:43.373,BUY,6.654e-05,198.59876719
9572627,2017-12-25T14:35:00.797,BUY,6.653e-05,165.62546144
9572629,2017-12-25T14:35:08.81,SELL,6.552e-05,1996.41969154
9572636,2017-12-25T14:35:16.03,BUY,6.653e-05,59.17792322
9572642,2017-12-25T14:35:34.873,BUY,6.653e-05,419.53538472
9572649,2017-12-25T14:35:50.28,BUY,6.652e-05,751.54275741
9572651,2017-12-25T14:35:55.767,BUY,6.651e-05,923.61493417
9572652,2017-12-25T14:35:55.767,BUY,6.652e-05,7366.30121324
9572654,2017-12-25T14:35:57.64,BUY,6.652e-05,1000.0
9572658,2017-12-25T14:36:01.97,BUY,6.652e-05,3012.76540854
9572665,2017-12-25T14:36:28.423,SELL,6.652e-05,332.40106052
9572666,2017-12-25T14:36:28.423,SELL,6.646e-05,1000.0
9572668,2017-12-25T14:36:29.69,BUY,6.646e-05,314.44655798
9572671,2017-12-25T14:36:34.953,BUY,6.646e-05,50.0
9572680,2017-12-25T14:36:57.203,BUY,6.645e-05,122.51808402
9572689,2017-12-25T14:37:10.75,BUY,6.555e-05,39.21435895
9572691,2017-12-25T14:37:15.643,BUY,6.645e-05,2385.88862473
9572698,2017-12-25T14:37:24.673,SELL,6.645e-05,777.78192493
9572703,2017-12-25T14:37:31.75,BUY,6.645e-05,1350.98290488
9572704,2017-12-25T14:37:31.75,BUY,6.645e-05,48.83460217
9572705,2017-12-25T14:37:31.75,BUY,6.646e-05,381.28598339
9572706,2017-12-25T14:37:31.75,BUY,6.646e-05,1126.61489177
9572709,2017-12-25T14:37:38.643,BUY,6.658e-05,19.29339645
9572711,2017-12-25T14:37:41.707,SELL,6.646e-05,198.20955074
9572725,2017-12-25T14:38:10.207,BUY,6.658e-05,2.16481218
9572726,2017-12-25T14:38:10.207,BUY,6.658e-05,17.83518782
9572729,2017-12-25T14:38:13.097,BUY,6.658e-05,3.57686704
9572738,2017-12-25T14:38:27.847,SELL,6.651e-05,39.11640351
9572740,2017-12-25T14:38:27.97,BUY,6.657e-05,291.24559788
9572743,2017-12-25T14:38:40.753,BUY,6.657e-05,198.0
9572746,2017-12-25T14:38:45.643,BUY,6.657e-05,393.86986402
9572748,2017-12-25T14:38:48.08,BUY,6.657e-05,922.45141989
9572750,2017-12-25T14:38:50.893,BUY,6.657e-05,265.49099685
9572752,2017-12-25T14:38:51.13,BUY,6.657e-05,1230.94736152
9572764,2017-12-25T14:39:18.13,SELL,6.658e-05,240.28164881
9572769,2017-12-25T14:39:27.05,SELL,6.658e-05,152.93509093
9572772,2017-12-25T14:39:28.02,BUY,6.668e-05,397.13553257
9572776,2017-12-25T14:39:32.16,BUY,6.668e-05,1232.10429554
9572784,2017-12-25T14:39:44.927,SELL,6.668e-05,25.92271918
9572786,2017-12-25T14:39:48.02,SELL,6.67e-05,478.29996918
9572794,2017-12-25T14:40:02.677,SELL,6.672e-05,395.34556893
9572795,2017-12-25T14:40:02.677,SELL,6.671e-05,400.0
9572796,2017-12-25T14:40:02.677,SELL,6.67e-05,767.8493399
9572801,2017-12-25T14:40:12.787,BUY,6.672e-05,374.7002398
9572803,2017-12-25T14:40:14.147,BUY,6.672e-05,151.26691664
9572805,2017-12-25T14:40:16.647,BUY,6.672e-05,1000.0
9572807,2017-12-25T14:40:17.443,BUY,6.672e-05,204.77802671
9572808,2017-12-25T14:40:17.443,BUY,6.672e-05,15.53546646
9572813,2017-12-25T14:40:21.927,SELL,6.672e-05,205.74850644
9572823,2017-12-25T14:40:32.49,BUY,6.7e-05,509.21937023
9572824,2017-12-25T14:40:32.49,BUY,6.702e-05,1.81732548
9572825,2017-12-25T14:40:32.49,BUY,6.702e-05,279.56298143
9572826,2017-12-25T14:40:32.49,BUY,6.732e-05,200.0
9572827,2017-12-25T14:40:32.49,BUY,6.732e-05,199.49536047
9572828,2017-12-25T14:40:32.49,BUY,6.735e-05,768.0
9572829,2017-12-25T14:40:32.49,BUY,6.736e-05,83.2835508
9572830,2017-12-25T14:40:32.49,BUY,6.736e-05,5000.0
9572831,2017-12-25T14:40:32.49,BUY,6.736e-05,1964.44429499
9572834,2017-12-25T14:40:38.067,BUY,6.736e-05,125.66874181
9572837,2017-12-25T14:40:44.473,BUY,6.736e-05,2909.8869632
9572855,2017-12-25T14:41:08.82,SELL,6.736e-05,1563.49388496
9572858,2017-12-25T14:41:09.083,BUY,6.75e-05,77.9586589
9572860,2017-12-25T14:41:09.787,BUY,6.75e-05,480.0413411
9572861,2017-12-25T14:41:09.787,BUY,6.75e-05,25.0
9572862,2017-12-25T14:41:09.787,BUY,6.765e-05,800.0
9572863,2017-12-25T14:41:09.787,BUY,6.766e-05,28.38086625
9572865,2017-12-25T14:41:14.43,BUY,6.766e-05,11.60654818
9572866,2017-12-25T14:41:14.43,BUY,6.785e-05,170.0
9572867,2017-12-25T14:41:14.43,BUY,6.785e-05,97.2581024
9572868,2017-12-25T14:41:14.43,BUY,6.799e-05,3000.0
9572869,2017-12-25T14:41:14.43,BUY,6.8e-05,410.0
9572870,2017-12-25T14:41:14.43,BUY,6.8e-05,400.0
9572871,2017-12-25T14:41:14.43,BUY,6.8e-05,1000.0
9572872,2017-12-25T14:41:14.43,BUY,6.8e-05,200.0
9572873,2017-12-25T14:41:14.43,BUY,6.8e-05,100.0
9572874,2017-12-25T14:41:14.43,BUY,6.8e-05,287.8492029
9572875,2017-12-25T14:41:14.85,SELL,6.8e-05,2323.28614652
9572879,2017-12-25T14:41:20.333,SELL,6.8e-05,437.10662824
9572880,2017-12-25T14:41:21.82,SELL,6.8e-05,607.1269257
9572882,2017-12-25T14:41:27.007,SELL,6.8e-05,189.02630597
9572885,2017-12-25T14:41:33.21,SELL,6.8e-05,165.79942494
9572893,2017-12-25T14:41:46.693,BUY,6.803e-05,45.28400742
9572894,2017-12-25T14:41:46.693,BUY,6.803e-05,19.019805
9572899,2017-12-25T14:42:02.46,SELL,6.803e-05,14.41428283
9572900,2017-12-25T14:42:02.46,SELL,6.8e-05,67.85247986
9572901,2017-12-25T14:42:02.46,SELL,6.8e-05,203.52295731
9572904,2017-12-25T14:42:07.803,BUY,6.811e-05,258.28586225
9572905,2017-12-25T14:42:07.803,BUY,6.811e-05,207.95898008
9572906,2017-12-25T14:42:07.803,BUY,6.825e-05,1951.75683765
9572907,2017-12-25T14:42:07.803,BUY,6.84e-05,1082.47328026
9572908,2017-12-25T14:42:07.803,BUY,6.85e-05,22.29157
9572909,2017-12-25T14:42:07.803,BUY,6.85e-05,20.0
9572910,2017-12-25T14:42:07.803,BUY,6.85e-05,200.0
9572911,2017-12-25T14:42:07.803,BUY,6.85e-05,1465.32078031
9572912,2017-12-25T14:42:07.803,BUY,6.85e-05,400.0
9572913,2017-12-25T14:42:07.803,BUY,6.85e-05,306.74846626
9572914,2017-12-25T14:42:08.35,SELL,6.85e-05,1395.28517607
9572915,2017-12-25T14:42:10.303,SELL,6.85e-05,881.66364964
9572916,2017-12-25T14:42:10.43,SELL,6.85e-05,2644.43543551
9572919,2017-12-25T14:42:13.96,SELL,6.803e-05,45.75960951
9572920,2017-12-25T14:42:15.57,SELL,6.803e-05,14.64164371
9572921,2017-12-25T14:42:19.32,SELL,6.736e-05,41.77857356
9572922,2017-12-25T14:42:19.4,SELL,6.736e-05,32.31040233
9572923,2017-12-25T14:42:19.4,SELL,6.736e-05,45.49280133
9572927,2017-12-25T14:42:33.163,SELL,6.736e-05,811.6713769
9572928,2017-12-25T14:42:33.697,SELL,6.736e-05,823.70951343
9572931,2017-12-25T14:42:38.07,BUY,6.736e-05,146.69117647
9572933,2017-12-25T14:42:40.053,BUY,6.736e-05,126.70641064
9572935,2017-12-25T14:42:41.227,BUY,6.8e-05,17.08305301
9572936,2017-12-25T14:42:41.227,BUY,6.85e-05,119.0
9572937,2017-12-25T14:42:41.227,BUY,6.867e-05,500.0
9572940,2017-12-25T14:42:48.303,SELL,6.867e-05,278.79672528
9572941,2017-12-25T14:42:48.303,SELL,6.737e-05,3213.45857758
9572983,2017-12-25T14:43:02.57,SELL,6.716e-05,1484.51459201
9572984,2017-12-25T14:43:02.57,SELL,6.716e-05,1148.87995716
9573004,2017-12-25T14:43:10.18,BUY,6.864e-05,62.11630606
9573017,2017-12-25T14:43:13.07,SELL,6.724e-05,60.40125322
9573019,2017-12-25T14:43:13.18,BUY,6.864e-05,20.0
9573037,2017-12-25T14:43:19.96,BUY,6.86e-05,1066.7636511
9573038,2017-12-25T14:43:19.96,BUY,6.862e-05,1484.51459201
9573039,2017-12-25T14:43:19.96,BUY,6.862e-05,60.40125322
9573043,2017-12-25T14:43:20.76,SELL,6.864e-05,2692.7315332
9573045,2017-12-25T14:43:20.96,BUY,6.861e-05,238.79244197
9573058,2017-12-25T14:43:30.54,BUY,6.857e-05,321.57783981
9573059,2017-12-25T14:43:30.54,BUY,6.858e-05,345.44223161
9573080,2017-12-25T14:43:46.463,BUY,6.8e-05,246.50388734
9573084,2017-12-25T14:43:48.26,BUY,6.8e-05,1226.45553002
9573091,2017-12-25T14:43:55.353,BUY,6.8e-05,227.04058264
9573092,2017-12-25T14:43:55.76,SELL,6.8e-05,1550.0
9573094,2017-12-25T14:43:56.04,BUY,6.861e-05,600.0
9573095,2017-12-25T14:43:56.04,BUY,6.868e-05,51.010101
9573096,2017-12-25T14:43:56.04,BUY,6.868e-05,221.09516292
9573103,2017-12-25T14:44:02.68,BUY,6.868e-05,3755.32409984
9573105,2017-12-25T14:44:03.713,BUY,6.87e-05,1024.0
9573114,2017-12-25T14:44:13.353,BUY,6.871e-05,42.52800247
9573133,2017-12-25T14:44:25.527,BUY,6.879e-05,68.15049985
9573136,2017-12-25T14:44:28.277,SELL,6.879e-05,110.27159189
9573162,2017-12-25T14:44:47.01,SELL,6.879e-05,139.45149004
9573163,2017-12-25T14:44:47.01,SELL,6.879e-05,68.034077
9573177,2017-12-25T14:45:03.683,SELL,6.879e-05,872.10526392
9573183,2017-12-25T14:45:09.15,BUY,6.885e-05,60.99420555
9573184,2017-12-25T14:45:09.15,BUY,6.886e-05,15.38378075
9573185,2017-12-25T14:45:09.15,BUY,6.886e-05,40.0285772
9573186,2017-12-25T14:45:09.15,BUY,6.889e-05,700.07160894
9573187,2017-12-25T14:45:09.167,SELL,6.889e-05,720.51806537
9573188,2017-12-25T14:45:09.167,SELL,6.879e-05,799.95003442
9573189,2017-12-25T14:45:09.167,SELL,6.879e-05,447.73181162
9573190,2017-12-25T14:45:09.167,SELL,6.879e-05,100.0
9573191,2017-12-25T14:45:09.167,SELL,6.879e-05,92.00534062
9573195,2017-12-25T14:45:11.01,BUY,6.879e-05,90.25027799
9573196,2017-12-25T14:45:11.01,BUY,6.879e-05,54.6298963
9573203,2017-12-25T14:45:19.667,SELL,6.871e-05,448.64491363
9573204,2017-12-25T14:45:19.667,SELL,6.871e-05,1226.99763166
9573211,2017-12-25T14:45:28.997,SELL,6.871e-05,906.29676716
9573213,2017-12-25T14:45:29.543,BUY,6.871e-05,140.52003241
9573217,2017-12-25T14:45:30.81,BUY,6.872e-05,115.5296735
9573219,2017-12-25T14:45:31.043,BUY,6.879e-05,21.56057989
9573220,2017-12-25T14:45:31.043,BUY,6.892e-05,700.07160893
9573221,2017-12-25T14:45:31.043,BUY,6.898e-05,1069.20421844
9573222,2017-12-25T14:45:31.043,BUY,6.898e-05,3619.63684434
9573226,2017-12-25T14:45:35.31,SELL,6.898e-05,122.19619298
9573231,2017-12-25T14:45:36.65,BUY,6.9e-05,400.0
9573232,2017-12-25T14:45:36.65,BUY,6.9e-05,90.03108775
9573233,2017-12-25T14:45:36.65,BUY,6.9e-05,196.65953346
9573234,2017-12-25T14:45:36.65,BUY,6.9e-05,109.69225744
9573235,2017-12-25T14:45:38.293,SELL,6.898e-05,300.0
9573238,2017-12-25T14:45:38.917,BUY,6.9e-05,126.88354992
9573239,2017-12-25T14:45:38.917,BUY,6.9e-05,383.67501219
9573241,2017-12-25T14:45:39.5,SELL,6.898e-05,888.72035396
9573242,2017-12-25T14:45:40.107,SELL,6.898e-05,2079.68155455
9573244,2017-12-25T14:45:41.463,BUY,6.9e-05,94.38983728
9573245,2017-12-25T14:45:41.463,BUY,6.9e-05,15.92040692
9573246,2017-12-25T14:45:41.463,BUY,6.9e-05,3345.16646906
9573247,2017-12-25T14:45:41.463,BUY,6.9e-05,8755.64822801
9573251,2017-12-25T14:45:43.34,BUY,6.9e-05,1523.09241389
9573255,2017-12-25T14:45:48.2,BUY,6.9e-05,73.43351765
9573257,2017-12-25T14:45:48.387,BUY,6.9e-05,6522.27416964
9573259,2017-12-25T14:45:48.497,BUY,6.9e-05,209.60571068
9573260,2017-12-25T14:45:48.497,BUY,6.9e-05,464.23996498
9573262,2017-12-25T14:45:50.62,BUY,6.9e-05,203.5601497
9573268,2017-12-25T14:45:57.31,BUY,6.901e-05,213.82896909
9573274,2017-12-25T14:46:00.463,BUY,6.901e-05,1251.61390105
9573279,2017-12-25T14:46:02.793,BUY,6.901e-05,562.87277748
9573285,2017-12-25T14:46:07.247,BUY,6.901e-05,815.6978948
9573288,2017-12-25T14:46:08.543,BUY,6.901e-05,31.35141424
9573295,2017-12-25T14:46:14.17,BUY,6.901e-05,11038.89284179
9573303,2017-12-25T14:46:23.403,BUY,6.901e-05,8279.16963134
9573308,2017-12-25T14:46:26.387,BUY,6.901e-05,7531.28524869
9573310,2017-12-25T14:46:30.42,BUY,6.901e-05,2246.68423924
9573312,2017-12-25T14:46:30.887,BUY,6.901e-05,2841.0
9573318,2017-12-25T14:46:35.607,BUY,6.901e-05,1316.28218615
9573319,2017-12-25T14:46:35.607,BUY,6.901e-05,60.0
9573325,2017-12-25T14:46:42.87,BUY,6.904e-05,39.34336951
9573326,2017-12-25T14:46:42.87,BUY,6.905e-05,226.41688934
9573330,2017-12-25T14:46:43.34,BUY,6.905e-05,523.58311066
9573331,2017-12-25T14:46:43.34,BUY,6.92e-05,5685.79411285
9573341,2017-12-25T14:46:55.06,BUY,6.92e-05,1814.20588715
9573343,2017-12-25T14:47:02.543,SELL,6.92e-05,1360.0
9573347,2017-12-25T14:47:12.09,BUY,6.925e-05,74.37156032
9573348,2017-12-25T14:47:12.09,BUY,6.93e-05,95.81217568
9573349,2017-12-25T14:47:12.09,BUY,6.93e-05,300.0
9573350,2017-12-25T14:47:12.09,BUY,6.937e-05,1770.79842139
9573351,2017-12-25T14:47:12.09,BUY,6.948e-05,250.0
9573352,2017-12-25T14:47:12.09,BUY,6.95e-05,282.62553161
9573353,2017-12-25T14:47:12.09,BUY,6.95e-05,400.0
9573354,2017-12-25T14:47:12.09,BUY,6.95e-05,45.28400743
9573356,2017-12-25T14:47:12.09,BUY,6.95e-05,50.0
9573357,2017-12-25T14:47:12.09,BUY,6.95e-05,2151.2596506
9573358,2017-12-25T14:47:12.09,BUY,6.969e-05,503.66736477
9573366,2017-12-25T14:47:22.187,SELL,6.92e-05,29.52149958
9573367,2017-12-25T14:47:22.187,SELL,6.92e-05,116.1479604
9573368,2017-12-25T14:47:23.84,SELL,6.92e-05,28.46071012
9573369,2017-12-25T14:47:23.84,SELL,6.915e-05,20.0
9573370,2017-12-25T14:47:23.84,SELL,6.905e-05,1233.78548559
9573377,2017-12-25T14:47:37.043,SELL,6.901e-05,44.7828034
9573379,2017-12-25T14:47:43.153,BUY,6.905e-05,23.7288921
9573382,2017-12-25T14:47:45.543,BUY,6.905e-05,23.7539257
9573383,2017-12-25T14:47:45.543,BUY,6.969e-05,276.2460743
9573384,2017-12-25T14:47:46.543,SELL,6.901e-05,82.85628201
9573385,2017-12-25T14:47:48.06,SELL,6.901e-05,66.33254716
9573388,2017-12-25T14:47:49.873,BUY,6.969e-05,72.41129616
9573390,2017-12-25T14:47:55.607,BUY,6.969e-05,131.90946298
9573395,2017-12-25T14:48:03.187,BUY,6.969e-05,218.03605493
9573398,2017-12-25T14:48:08,BUY,6.969e-05,86.09556607
9573400,2017-12-25T14:48:12.03,BUY,6.969e-05,445.04818749
9573401,2017-12-25T14:48:12.03,BUY,6.969e-05,3000.0
9573403,2017-12-25T14:48:13.17,SELL,6.969e-05,183.7108624
9573404,2017-12-25T14:48:13.45,SELL,6.969e-05,1556.2923838
9573405,2017-12-25T14:48:13.45,SELL,6.905e-05,183.7108624
9573422,2017-12-25T14:48:57.92,SELL,6.91e-05,41.34383513
9573423,2017-12-25T14:48:57.92,SELL,6.905e-05,296.55263526
9573424,2017-12-25T14:48:57.92,SELL,6.905e-05,594.76608984
9573425,2017-12-25T14:48:57.92,SELL,6.905e-05,1772.82336797
9573427,2017-12-25T14:48:59.25,BUY,6.958e-05,800.0
9573429,2017-12-25T14:49:05.343,SELL,6.905e-05,610.38
9573430,2017-12-25T14:49:06.89,SELL,6.905e-05,26.8
9573432,2017-12-25T14:49:08.063,BUY,6.958e-05,180.4180265
9573433,2017-12-25T14:49:09.907,SELL,6.905e-05,3715.56511487
9573434,2017-12-25T14:49:09.907,SELL,6.901e-05,12.95909162
9573435,2017-12-25T14:49:09.907,SELL,6.901e-05,2748.82018874
9573446,2017-12-25T14:49:20.343,BUY,6.958e-05,33.92001086
9573480,2017-12-25T14:49:40.08,BUY,6.957e-05,71.79556209
9573481,2017-12-25T14:49:40.08,BUY,6.957e-05,414.74560109
9573482,2017-12-25T14:49:40.08,BUY,6.958e-05,947.06044648
9573500,2017-12-25T14:49:52.267,SELL,6.957e-05,523.1340304
9573502,2017-12-25T14:49:53.44,BUY,6.957e-05,530.80682306
9573503,2017-12-25T14:49:53.44,BUY,6.958e-05,399.24988742
9573504,2017-12-25T14:49:53.44,BUY,6.959e-05,573.83337032
9573519,2017-12-25T14:50:00.047,BUY,6.959e-05,1163.24353355
9573535,2017-12-25T14:50:08.61,SELL,6.845e-05,58.44535359
9573536,2017-12-25T14:50:08.61,SELL,6.837e-05,179.75622449
9573565,2017-12-25T14:50:26.407,BUY,6.957e-05,200.0
9573576,2017-12-25T14:50:29.047,BUY,6.955e-05,179.30683888
9573577,2017-12-25T14:50:29.047,BUY,6.957e-05,621.1078815
9573578,2017-12-25T14:50:29.047,BUY,6.959e-05,2.9154673
9573579,2017-12-25T14:50:29.047,BUY,6.959e-05,286.06931973
9573606,2017-12-25T14:50:49.097,BUY,6.959e-05,36.99746179
9573607,2017-12-25T14:50:49.737,SELL,6.85e-05,54.80007581
9573617,2017-12-25T14:50:57.86,BUY,6.959e-05,431.89639209
9573618,2017-12-25T14:50:57.86,BUY,6.959e-05,81.97318566
9573619,2017-12-25T14:50:57.86,BUY,6.959e-05,237.69489374
9573645,2017-12-25T14:51:25.207,BUY,6.95e-05,22.36720607
9573648,2017-12-25T14:51:27.533,BUY,6.95e-05,33.83226521
9573652,2017-12-25T14:51:30.673,BUY,6.95e-05,250.68491122
9573653,2017-12-25T14:51:30.673,BUY,6.959e-05,1436.41892711
9573659,2017-12-25T14:51:36.643,BUY,6.959e-05,203.11749182
9573660,2017-12-25T14:51:36.643,BUY,6.959e-05,15.0
9573665,2017-12-25T14:51:38.003,BUY,6.972e-05,612.58955988
9573666,2017-12-25T14:51:38.003,BUY,6.975e-05,450.0
9573667,2017-12-25T14:51:38.003,BUY,6.98e-05,715.98392045
9573675,2017-12-25T14:51:48.487,SELL,6.959e-05,601.44002335
9573676,2017-12-25T14:51:48.487,SELL,6.95e-05,19.80865103
9573677,2017-12-25T14:51:48.487,SELL,6.95e-05,248.30040007
9573680,2017-12-25T14:51:51.16,BUY,6.95e-05,390.7605985
9573690,2017-12-25T14:51:59.643,BUY,6.95e-05,2900.67952421
9573692,2017-12-25T14:52:00.597,BUY,6.949e-05,111.34322467
9573695,2017-12-25T14:52:01.457,BUY,6.883e-05,294.8982601
9573696,2017-12-25T14:52:01.457,BUY,6.949e-05,327.50589352
9573707,2017-12-25T14:52:07.97,BUY,6.949e-05,385.72769171
9573708,2017-12-25T14:52:07.97,BUY,6.95e-05,291.49653344
9573714,2017-12-25T14:52:12.69,BUY,6.95e-05,858.67585629
9573715,2017-12-25T14:52:12.69,BUY,6.95e-05,77.76525346
9573720,2017-12-25T14:52:15.783,BUY,6.959e-05,78.44
9573721,2017-12-25T14:52:15.783,BUY,6.98e-05,245.57219996
9573729,2017-12-25T14:52:28.987,SELL,6.95e-05,87.19
9573732,2017-12-25T14:52:31.783,BUY,6.959e-05,285.81840527
9573740,2017-12-25T14:52:48.223,BUY,6.959e-05,20.0
9573745,2017-12-25T14:52:53.847,BUY,6.959e-05,43.00186808
9573747,2017-12-25T14:52:58.783,BUY,6.959e-05,100.0
9573749,2017-12-25T14:53:00.19,BUY,6.959e-05,420.0
9573754,2017-12-25T14:53:02.643,BUY,6.959e-05,71.66978014
9573757,2017-12-25T14:53:08.58,SELL,6.95e-05,552.96423641
9573758,2017-12-25T14:53:08.58,SELL,6.95e-05,622.51881088
9573759,2017-12-25T14:53:08.58,SELL,6.95e-05,95.78313209
9573760,2017-12-25T14:53:08.58,SELL,6.95e-05,520.14438723
9573764,2017-12-25T14:53:13.27,BUY,6.95e-05,1252.94940135
9573765,2017-12-25T14:53:13.27,BUY,6.955e-05,747.62753876
9573766,2017-12-25T14:53:13.27,BUY,6.959e-05,2140.54828613
9573767,2017-12-25T14:53:13.27,BUY,6.959e-05,23.64382805
9573771,2017-12-25T14:53:15.77,SELL,6.959e-05,157.15509794
9573783,2017-12-25T14:53:42.63,SELL,6.959e-05,100.0
9573785,2017-12-25T14:53:45.94,BUY,6.96e-05,500.0
9573794,2017-12-25T14:54:03.177,BUY,6.98e-05,398.44387959
9573795,2017-12-25T14:54:03.177,BUY,6.98e-05,160.31219894
9573796,2017-12-25T14:54:03.177,BUY,6.98e-05,480.99748142
9573798,2017-12-25T14:54:07.707,SELL,6.98e-05,453.83005131
9573803,2017-12-25T14:54:12.787,SELL,6.98e-05,77.63804805
9573805,2017-12-25T14:54:16.287,BUY,6.982e-05,144.05979415
9573806,2017-12-25T14:54:16.287,BUY,6.988e-05,1141.54303135
9573807,2017-12-25T14:54:16.287,BUY,6.989e-05,261.29545471
9573808,2017-12-25T14:54:16.287,BUY,6.99e-05,124.91196753
9573809,2017-12-25T14:54:16.287,BUY,6.99e-05,1360.0
9573810,2017-12-25T14:54:16.287,BUY,6.997e-05,1360.0
9573811,2017-12-25T14:54:16.287,BUY,6.997e-05,619.4328
9573812,2017-12-25T14:54:16.287,BUY,6.997e-05,100.0
9573813,2017-12-25T14:54:16.287,BUY,6.998e-05,119.26111908
9573814,2017-12-25T14:54:16.287,BUY,6.998e-05,12.0
9573815,2017-12-25T14:54:16.287,BUY,6.998e-05,4500.0
9573816,2017-12-25T14:54:16.287,BUY,6.999e-05,200.0
9573817,2017-12-25T14:54:16.287,BUY,6.999e-05,310.0
9573818,2017-12-25T14:54:16.287,BUY,6.999e-05,12.89756845
9573819,2017-12-25T14:54:16.287,BUY,6.999e-05,4000.0
9573820,2017-12-25T14:54:16.3,BUY,6.999e-05,20.13238915
9573821,2017-12-25T14:54:16.3,BUY,6.999e-05,500.0
9573822,2017-12-25T14:54:16.3,BUY,6.999e-05,140.07661063
9573823,2017-12-25T14:54:16.3,BUY,6.999e-05,1500.0
9573824,2017-12-25T14:54:16.3,BUY,6.999e-05,1420.30462427
9573825,2017-12-25T14:54:16.3,BUY,6.999e-05,1240.49936329
9573826,2017-12-25T14:54:16.3,BUY,6.999e-05,961.99496283
9573827,2017-12-25T14:54:16.3,BUY,6.999e-05,130.60918478
9573828,2017-12-25T14:54:16.3,BUY,6.999e-05,76.11388939
9573829,2017-12-25T14:54:16.3,BUY,6.999e-05,114.17083408
9573830,2017-12-25T14:54:16.3,BUY,7e-05,100.0
9573831,2017-12-25T14:54:16.3,BUY,7e-05,4093.76131546
9573841,2017-12-25T14:54:27.723,SELL,6.96e-05,383.50490631
9573843,2017-12-25T14:54:29.723,BUY,6.968e-05,108.23321
9573844,2017-12-25T14:54:29.723,BUY,6.969e-05,20.33639144
9573849,2017-12-25T14:54:37.88,SELL,6.969e-05,433.0584922
9573855,2017-12-25T14:54:42.21,SELL,6.97e-05,149.04981627
9573858,2017-12-25T14:54:47.943,BUY,6.989e-05,144.60867052
9573859,2017-12-25T14:54:47.943,BUY,7e-05,3467.66419284
9573860,2017-12-25T14:54:47.943,BUY,7e-05,189.20713202
9573861,2017-12-25T14:54:47.96,BUY,7e-05,100.0
9573862,2017-12-25T14:54:47.96,BUY,7e-05,219.45
9573863,2017-12-25T14:54:47.96,BUY,7e-05,500.0
9573864,2017-12-25T14:54:47.973,BUY,7e-05,664.25439633
9573865,2017-12-25T14:54:47.973,BUY,7e-05,672.16128
9573866,2017-12-25T14:54:47.973,BUY,7e-05,8.76581633
9573867,2017-12-25T14:54:47.973,BUY,7e-05,200.0
9573868,2017-12-25T14:54:47.973,BUY,7e-05,65.22748798
9573869,2017-12-25T14:54:47.973,BUY,7e-05,100.0
9573870,2017-12-25T14:54:47.973,BUY,7e-05,5652.36561963
9573873,2017-12-25T14:54:58.66,SELL,6.97e-05,42.65274619
9573880,2017-12-25T14:55:04.803,SELL,6.971e-05,316.55201891
9573883,2017-12-25T14:55:05.66,BUY,7e-05,390.45470834
9573884,2017-12-25T14:55:05.66,BUY,7e-05,374.27994916
9573888,2017-12-25T14:55:09.13,SELL,6.971e-05,145.34106353
9573892,2017-12-25T14:55:12.46,BUY,7e-05,257.71727823
9573897,2017-12-25T14:55:20.24,SELL,6.971e-05,1020.24654012
9573911,2017-12-25T14:55:30.553,BUY,7e-05,368.69099825
9573912,2017-12-25T14:55:30.553,BUY,7e-05,579.47017025
9573924,2017-12-25T14:55:36.88,BUY,7e-05,409.84510153
9573935,2017-12-25T14:55:46.13,BUY,7e-05,18.36423227
9573946,2017-12-25T14:55:53.27,SELL,6.972e-05,56.05987763
9573948,2017-12-25T14:55:54.99,BUY,7e-05,103.66641783
9573949,2017-12-25T14:55:54.99,BUY,7e-05,1931.48148148
9573950,2017-12-25T14:55:54.99,BUY,7e-05,571.04584529
9573951,2017-12-25T14:55:54.99,BUY,7e-05,110.83333333
9573952,2017-12-25T14:55:54.99,BUY,7e-05,20.625
9573953,2017-12-25T14:55:54.99,BUY,7e-05,100.0
9573954,2017-12-25T14:55:54.99,BUY,7e-05,219.3135081
9573965,2017-12-25T14:56:05.507,BUY,6.99e-05,42.73805631
9573968,2017-12-25T14:56:11.583,BUY,6.99e-05,157.26194369
9573969,2017-12-25T14:56:11.583,BUY,7e-05,3165.17382403
9573975,2017-12-25T14:56:15.74,SELL,6.972e-05,753.5707441
9573976,2017-12-25T14:56:16.79,SELL,6.972e-05,57.05333132
9573994,2017-12-25T14:56:28.38,SELL,6.973e-05,11.89255895
9573997,2017-12-25T14:56:30.803,SELL,6.973e-05,190.14587
9573998,2017-12-25T14:56:30.803,SELL,6.972e-05,20.4245524
9573999,2017-12-25T14:56:30.803,SELL,6.972e-05,135.31561228
9574000,2017-12-25T14:56:30.803,SELL,6.972e-05,454.56426087
9574001,2017-12-25T14:56:33.74,SELL,6.972e-05,158.05736016
9574002,2017-12-25T14:56:35.07,SELL,6.972e-05,171.640524
9574005,2017-12-25T14:56:35.257,BUY,7e-05,122.551425
9574007,2017-12-25T14:56:37.227,SELL,6.972e-05,171.64487677
9574008,2017-12-25T14:56:37.383,SELL,6.972e-05,1190.19072866
9574009,2017-12-25T14:56:37.383,SELL,6.972e-05,644.93939017
9574011,2017-12-25T14:56:41.49,BUY,6.973e-05,20.0
9574027,2017-12-25T14:57:02.553,SELL,6.974e-05,108.45488801
9574028,2017-12-25T14:57:02.553,SELL,6.974e-05,164.3546711
9574029,2017-12-25T14:57:02.553,SELL,6.972e-05,105.97763739
9574030,2017-12-25T14:57:02.553,SELL,6.972e-05,1399.78628383
9574043,2017-12-25T14:57:18.947,BUY,6.985e-05,13.82971624
9574050,2017-12-25T14:57:29.9,SELL,6.985e-05,673.84567566
9574052,2017-12-25T14:57:31.137,BUY,7e-05,129.15468471
9574058,2017-12-25T14:57:46.26,BUY,7e-05,116.53965087
9574059,2017-12-25T14:57:47.467,SELL,6.985e-05,622.40415362
9574065,2017-12-25T14:57:53.73,BUY,7e-05,441.75276095
9574068,2017-12-25T14:57:57.277,BUY,6.998e-05,142.85714286
9574069,2017-12-25T14:57:58.45,SELL,6.985e-05,33.83226521
9574078,2017-12-25T14:58:04.403,SELL,6.986e-05,100.0
9574080,2017-12-25T14:58:06.747,SELL,6.986e-05,2900.67952421
9574091,2017-12-25T14:58:23.047,SELL,6.987e-05,132.33830846
9574093,2017-12-25T14:58:23.73,SELL,6.987e-05,1344.24429657
9574097,2017-12-25T14:58:33.45,SELL,6.987e-05,780.29298583
9574101,2017-12-25T14:58:36.137,BUY,6.998e-05,57.14285714
9574103,2017-12-25T14:58:39.417,BUY,7e-05,805.51414634
9574104,2017-12-25T14:58:39.417,BUY,7e-05,50.73638493
9574105,2017-12-25T14:58:39.433,BUY,7e-05,568.74946873
9574107,2017-12-25T14:58:44.027,BUY,7e-05,216.73872461
9574109,2017-12-25T14:58:44.06,BUY,7e-05,1537.74592091
9574119,2017-12-25T14:58:53.56,BUY,7e-05,381.85063151
9574120,2017-12-25T14:58:53.56,BUY,7e-05,25.0
9574121,2017-12-25T14:58:53.56,BUY,7e-05,34.00589436
9574122,2017-12-25T14:58:53.56,BUY,7e-05,33.0
9574123,2017-12-25T14:58:53.56,BUY,7e-05,1280.35665546
9574131,2017-12-25T14:59:06.48,BUY,7e-05,735.33651585
9574136,2017-12-25T14:59:17.323,BUY,7e-05,521.64119055
9574139,2017-12-25T14:59:21.323,SELL,6.999e-05,129.15468471
9574141,2017-12-25T14:59:21.98,BUY,7e-05,121.10198746
9574142,2017-12-25T14:59:21.98,BUY,7e-05,100.0
9574143,2017-12-25T14:59:21.98,BUY,7e-05,16.0
9574144,2017-12-25T14:59:21.98,BUY,7e-05,50.88434
9574145,2017-12-25T14:59:21.98,BUY,7e-05,22.50169186
9574146,2017-12-25T14:59:21.98,BUY,7e-05,300.0
9574147,2017-12-25T14:59:21.98,BUY,7e-05,300.0
9574148,2017-12-25T14:59:21.98,BUY,7e-05,70.27980015
9574149,2017-12-25T14:59:21.98,BUY,7e-05,128.9394837
9574150,2017-12-25T14:59:23.043,SELL,6.999e-05,417.01809761
9574151,2017-12-25T14:59:23.043,SELL,6.999e-05,188.57912361
9574152,2017-12-25T14:59:23.043,SELL,6.999e-05,868.15470151
9574153,2017-12-25T14:59:26.683,SELL,6.999e-05,75.0
9574156,2017-12-25T14:59:32.967,SELL,6.999e-05,17.367778
9574157,2017-12-25T14:59:32.967,SELL,6.999e-05,568.4752257
9574160,2017-12-25T14:59:36.013,BUY,6.999e-05,340.66826076
9574162,2017-12-25T14:59:37.06,BUY,6.999e-05,373.42686141
9574163,2017-12-25T14:59:39.747,SELL,6.998e-05,427.72556625
9574165,2017-12-25T14:59:40.433,BUY,6.997e-05,2126.32478148
9574166,2017-12-25T14:59:40.433,BUY,6.999e-05,173.81379686
9574167,2017-12-25T14:59:40.433,BUY,6.999e-05,122.75883717
9574168,2017-12-25T14:59:40.433,BUY,7e-05,171.0605163
9574169,2017-12-25T14:59:40.433,BUY,7e-05,256.0598808
9574172,2017-12-25T14:59:50.62,BUY,7e-05,26.93509084
9574175,2017-12-25T14:59:56.497,BUY,7e-05,8.35206742
9574176,2017-12-25T14:59:56.497,BUY,7e-05,55.54447693
9574182,2017-12-25T15:00:19.873,BUY,7e-05,30.09694896
9574184,2017-12-25T15:00:23.683,BUY,7e-05,177.06861417
9574186,2017-12-25T15:00:24.513,BUY,7e-05,241.39978624
9574189,2017-12-25T15:00:35.607,BUY,7e-05,422.24604294
9574190,2017-12-25T15:00:35.623,BUY,7e-05,50.99804515
9574191,2017-12-25T15:00:35.623,BUY,7e-05,500.0
9574192,2017-12-25T15:00:35.623,BUY,7e-05,21.0
9574193,2017-12-25T15:00:35.623,BUY,7e-05,200.0
9574194,2017-12-25T15:00:35.623,BUY,7e-05,1397.17197772
9574195,2017-12-25T15:00:35.623,BUY,7e-05,146.14574395
9574196,2017-12-25T15:00:38.56,SELL,6.988e-05,3605.55651462
9574199,2017-12-25T15:00:39.607,BUY,7e-05,3.85425605
9574200,2017-12-25T15:00:39.607,BUY,7e-05,100.0
9574201,2017-12-25T15:00:39.607,BUY,7e-05,197.00986935
9574204,2017-12-25T15:00:41.84,BUY,7e-05,4932.62258639
9574208,2017-12-25T15:00:45.293,BUY,7e-05,30.42586256
9574210,2017-12-25T15:00:47.17,BUY,7e-05,2239.1952675
9574213,2017-12-25T15:00:48.433,BUY,7e-05,3166.875825
9574215,2017-12-25T15:00:48.763,BUY,7e-05,4855.174785
9574218,2017-12-25T15:00:51.683,SELL,6.999e-05,302.0
9574220,2017-12-25T15:00:55.077,BUY,7e-05,30.5249501
9574221,2017-12-25T15:00:56.56,SELL,6.999e-05,132.07305721
9574222,2017-12-25T15:00:57.653,SELL,6.999e-05,24.69765738
9574228,2017-12-25T15:01:03.357,BUY,7e-05,19544.1708541
9574229,2017-12-25T15:01:03.357,BUY,7e-05,100.0
9574230,2017-12-25T15:01:03.357,BUY,7e-05,147.47050183
9574231,2017-12-25T15:01:03.357,BUY,7e-05,215.79045797
9574232,2017-12-25T15:01:03.357,BUY,7e-05,224.0
9574233,2017-12-25T15:01:03.357,BUY,7e-05,35.625
9574234,2017-12-25T15:01:03.357,BUY,7e-05,156.25
9574235,2017-12-25T15:01:03.357,BUY,7e-05,36.76258993
9574236,2017-12-25T15:01:03.357,BUY,7e-05,158.13253012
9574237,2017-12-25T15:01:03.357,BUY,7e-05,158.10873039
9574238,2017-12-25T15:01:03.357,BUY,7e-05,32.62251958
9574239,2017-12-25T15:01:03.357,BUY,7e-05,79.06626506
9574240,2017-12-25T15:01:03.357,BUY,7e-05,100.83592535
9574241,2017-12-25T15:01:03.357,BUY,7e-05,54.578125
9574242,2017-12-25T15:01:03.357,BUY,7e-05,20.0
9574243,2017-12-25T15:01:03.357,BUY,7e-05,161.03059581
9574244,2017-12-25T15:01:03.357,BUY,7e-05,130.0
9574245,2017-12-25T15:01:03.357,BUY,7e-05,120.0
9574246,2017-12-25T15:01:03.357,BUY,7e-05,1524.06417112
9574247,2017-12-25T15:01:03.357,BUY,7e-05,810.66314744
9574248,2017-12-25T15:01:03.357,BUY,7e-05,846.82080467
9574249,2017-12-25T15:01:03.357,BUY,7e-05,52.90943881
9574250,2017-12-25T15:01:03.357,BUY,7e-05,20.0
9574251,2017-12-25T15:01:03.357,BUY,7e-05,80.0
9574252,2017-12-25T15:01:03.357,BUY,7e-05,30.64237067
9574253,2017-12-25T15:01:03.357,BUY,7e-05,515.0
9574254,2017-12-25T15:01:03.357,BUY,7e-05,300.0
9574255,2017-12-25T15:01:03.357,BUY,7e-05,1995.0
9574256,2017-12-25T15:01:03.357,BUY,7e-05,30.0
9574257,2017-12-25T15:01:03.357,BUY,7e-05,1450.27624309
9574258,2017-12-25T15:01:03.357,BUY,7e-05,23.14377596
9574259,2017-12-25T15:01:03.357,BUY,7e-05,16.90677966
9574260,2017-12-25T15:01:03.357,BUY,7e-05,1000.0
9574261,2017-12-25T15:01:03.357,BUY,7e-05,120.0
9574262,2017-12-25T15:01:03.357,BUY,7e-05,1585.59847401
9574263,2017-12-25T15:01:03.357,BUY,7e-05,610.0
9574264,2017-12-25T15:01:03.357,BUY,7e-05,100.0
9574267,2017-12-25T15:01:07.357,BUY,7.001e-05,742.47325989
9574269,2017-12-25T15:01:07.53,BUY,7.001e-05,1.86089511
9574270,2017-12-25T15:01:07.53,BUY,7.002e-05,281.11782829
9574271,2017-12-25T15:01:10.043,SELL,7e-05,47.7386844
9574273,2017-12-25T15:01:12.45,SELL,7e-05,800.0
9574276,2017-12-25T15:01:14.513,BUY,7.002e-05,40.18252871
9574279,2017-12-25T15:01:14.903,BUY,7.01e-05,13.93732569
9574280,2017-12-25T15:01:14.903,BUY,7.01e-05,13.93732569
9574281,2017-12-25T15:01:14.903,BUY,7.01e-05,1.82780086
9574296,2017-12-25T15:01:26.06,BUY,7.01e-05,43.41553803
9574298,2017-12-25T15:01:26.59,BUY,7.01e-05,54.75666111
9574299,2017-12-25T15:01:26.59,BUY,7.01e-05,355.21530284
9574304,2017-12-25T15:01:31.873,BUY,7.011e-05,37.70946728
9574305,2017-12-25T15:01:31.873,BUY,7.011e-05,1336.2162441
9574310,2017-12-25T15:01:33.437,BUY,7.011e-05,3.44345481
9574311,2017-12-25T15:01:33.437,SELL,7.011e-05,96.2797862
9574312,2017-12-25T15:01:33.997,SELL,7.011e-05,96.50663243
9574315,2017-12-25T15:01:36.013,SELL,7.011e-05,365.17346576
9574317,2017-12-25T15:01:36.233,BUY,7.012e-05,28.0684795
9574324,2017-12-25T15:01:39.247,BUY,7.012e-05,12.07598643
9574325,2017-12-25T15:01:39.247,BUY,7.012e-05,40.14446593
9574333,2017-12-25T15:01:42.513,BUY,7.017e-05,500.0
9574334,2017-12-25T15:01:42.513,BUY,7.018e-05,311.01390297
9574336,2017-12-25T15:01:44.043,BUY,7.02e-05,54.80769231
9574337,2017-12-25T15:01:44.043,BUY,7.023e-05,88.38830769
9574340,2017-12-25T15:01:44.483,BUY,7.023e-05,31.98092798
9574347,2017-12-25T15:01:46.107,SELL,7.018e-05,322.94203079
9574348,2017-12-25T15:01:46.107,SELL,7.012e-05,211.5846669
9574349,2017-12-25T15:01:46.107,SELL,7.012e-05,3871.07513397
9574358,2017-12-25T15:01:48.513,BUY,7.023e-05,33.63076433
9574359,2017-12-25T15:01:48.513,BUY,7.033e-05,151.18332727
9574364,2017-12-25T15:01:49.873,BUY,7.033e-05,224.70199091
9574365,2017-12-25T15:01:49.89,BUY,7.049e-05,276.28223
9574366,2017-12-25T15:01:49.89,BUY,7.07e-05,1282.69138498
9574371,2017-12-25T15:01:53.607,BUY,7.051e-05,1500.0
9574372,2017-12-25T15:01:53.607,BUY,7.07e-05,179.96721916
9574378,2017-12-25T15:01:56.467,BUY,7.07e-05,490.69261873
9574383,2017-12-25T15:01:58.483,BUY,7.07e-05,566.36174768
9574385,2017-12-25T15:01:58.717,BUY,7.07e-05,162.19126864
9574387,2017-12-25T15:02:00.543,BUY,7.043e-05,69.0137553
9574391,2017-12-25T15:02:01.937,BUY,7.043e-05,74.1842447
9574392,2017-12-25T15:02:01.937,BUY,7.069e-05,999.0
9574393,2017-12-25T15:02:01.937,BUY,7.07e-05,1748.59793352
9574395,2017-12-25T15:02:02.42,BUY,7.07e-05,428.0747918
9574404,2017-12-25T15:02:09.217,BUY,7.07e-05,28.4673913
9574406,2017-12-25T15:02:09.67,BUY,7.07e-05,406.77471535
9574408,2017-12-25T15:02:10.03,BUY,7.07e-05,1700.0
9574413,2017-12-25T15:02:11.013,BUY,7.07e-05,2652.27271284
9574415,2017-12-25T15:02:11.06,BUY,7.07e-05,353.908216
9574416,2017-12-25T15:02:11.06,BUY,7.07e-05,30.0
9574418,2017-12-25T15:02:11.28,SELL,7.069e-05,24.42662791
9574419,2017-12-25T15:02:11.28,SELL,7.051e-05,42.48314321
9574430,2017-12-25T15:02:20.7,SELL,7.07e-05,56.97362062
9574432,2017-12-25T15:02:21.153,BUY,7.08e-05,62.28699029
9574438,2017-12-25T15:02:24.217,BUY,7.084e-05,1942.55111977
9574439,2017-12-25T15:02:24.217,BUY,7.09e-05,42.90768673
9574440,2017-12-25T15:02:24.217,BUY,7.09e-05,42.90768673
9574441,2017-12-25T15:02:24.233,BUY,7.091e-05,100.33320801
9574442,2017-12-25T15:02:24.233,BUY,7.098e-05,449.87417638
9574443,2017-12-25T15:02:24.233,BUY,7.1e-05,14.25
9574444,2017-12-25T15:02:24.233,BUY,7.1e-05,204.00788313
9574445,2017-12-25T15:02:24.233,BUY,7.1e-05,40.46024158
9574446,2017-12-25T15:02:24.233,BUY,7.1e-05,480.99748141
9574447,2017-12-25T15:02:24.233,BUY,7.103e-05,24.29420239
9574448,2017-12-25T15:02:24.233,BUY,7.107e-05,14.59409268
9574449,2017-12-25T15:02:24.233,BUY,7.11e-05,4855.174785
9574450,2017-12-25T15:02:24.233,BUY,7.123e-05,2131.41025641
9574451,2017-12-25T15:02:24.233,BUY,7.123e-05,14.0390285
9574452,2017-12-25T15:02:24.233,BUY,7.123e-05,46.86015681
9574454,2017-12-25T15:02:24.7,SELL,7.123e-05,30.0
9574456,2017-12-25T15:02:25.013,SELL,7.123e-05,999.0
9574466,2017-12-25T15:02:31.873,SELL,7.123e-05,897.9687174
9574469,2017-12-25T15:02:32.75,SELL,7.123e-05,120.79587506
9574470,2017-12-25T15:02:32.75,SELL,7.084e-05,28.94762846
9574471,2017-12-25T15:02:32.75,SELL,7.051e-05,69.52484561
9574472,2017-12-25T15:02:32.75,SELL,7.051e-05,69.29030041
9574476,2017-12-25T15:02:34.153,BUY,7.08e-05,561.4033392
9574477,2017-12-25T15:02:34.153,BUY,7.125e-05,27.97103797
9574478,2017-12-25T15:02:34.153,BUY,7.125e-05,217.06580308
9574481,2017-12-25T15:02:36.81,SELL,7.123e-05,277.56972863
9574483,2017-12-25T15:02:36.92,BUY,7.123e-05,486.56552
9574485,2017-12-25T15:02:37.513,BUY,7.123e-05,25.1307
9574488,2017-12-25T15:02:37.873,BUY,7.123e-05,100.0
9574494,2017-12-25T15:02:39.403,BUY,7.123e-05,129.49805137
9574498,2017-12-25T15:02:43.763,SELL,7.123e-05,180.98703896
9574499,2017-12-25T15:02:44.437,SELL,7.123e-05,116.54686649
9574503,2017-12-25T15:02:46.327,BUY,7.123e-05,180.98613351
9574505,2017-12-25T15:02:46.577,BUY,7.124e-05,280.0
9574507,2017-12-25T15:02:48.17,BUY,7.124e-05,80.91789502
9574509,2017-12-25T15:02:49.187,SELL,7.124e-05,141.26387375
9574516,2017-12-25T15:02:50.17,BUY,7.125e-05,2692.777388
9574522,2017-12-25T15:02:51.687,BUY,7.125e-05,244.08998556
9574528,2017-12-25T15:02:55.763,BUY,7.125e-05,943.80609878
9574530,2017-12-25T15:02:56.187,BUY,7.125e-05,65.25594784
9574531,2017-12-25T15:02:56.327,SELL,7.124e-05,3500.0
9574532,2017-12-25T15:02:57.75,SELL,7.124e-05,25.00677741
9574536,2017-12-25T15:02:58.047,BUY,7.125e-05,1420.04133525
9574538,2017-12-25T15:02:59.123,BUY,7.125e-05,20.60129964
9574542,2017-12-25T15:02:59.857,BUY,7.125e-05,27766.56932
9574548,2017-12-25T15:03:00.467,BUY,7.125e-05,4842.44168526
9574549,2017-12-25T15:03:01.607,SELL,7.124e-05,1581.09894754
9574551,2017-12-25T15:03:01.95,BUY,7.125e-05,1821.00399351
9574553,2017-12-25T15:03:03.28,BUY,7.125e-05,38.57826
