30999175,2017-12-24T15:04:37.977,SELL,5.249e-05,227.38674563
30999183,2017-12-24T15:04:44.583,SELL,5.249e-05,254.98850445
30999205,2017-12-24T15:04:59.693,SELL,5.249e-05,1626.35675012
30999206,2017-12-24T15:04:59.693,SELL,5.249e-05,33.64324988
30999215,2017-12-24T15:05:09.21,SELL,5.249e-05,266.46565848
30999216,2017-12-24T15:05:09.21,SELL,5.249e-05,100.0
30999217,2017-12-24T15:05:09.21,SELL,5.249e-05,7521.15104129
30999224,2017-12-24T15:05:15.82,SELL,5.249e-05,443.99211149
30999229,2017-12-24T15:05:22.57,SELL,5.232e-05,22.771005
30999278,2017-12-24T15:05:41.96,SELL,5.232e-05,110.35272923
30999279,2017-12-24T15:05:41.96,SELL,5.232e-05,429.79254093
30999292,2017-12-24T15:05:48.443,BUY,5.232e-05,65.97072875
30999294,2017-12-24T15:05:48.833,SELL,5.231e-05,209.917971
30999300,2017-12-24T15:05:49.567,BUY,5.232e-05,29.38442441
30999305,2017-12-24T15:05:51.63,SELL,5.232e-05,970.61557559
30999306,2017-12-24T15:05:51.63,SELL,5.231e-05,4739.18939619
30999317,2017-12-24T15:05:54.85,SELL,5.231e-05,4253.2713049
30999332,2017-12-24T15:05:59.74,BUY,5.248e-05,80.0
30999357,2017-12-24T15:06:16.02,SELL,5.231e-05,35.17406961
30999358,2017-12-24T15:06:16.677,SELL,5.231e-05,1308.99508383
30999373,2017-12-24T15:06:27.583,SELL,5.231e-05,654.49754192
30999408,2017-12-24T15:06:46.253,SELL,5.231e-05,516.40091382
30999439,2017-12-24T15:07:05.347,BUY,5.247e-05,475.03356775
30999459,2017-12-24T15:07:16.643,SELL,5.235e-05,89.266042
30999502,2017-12-24T15:07:44.41,SELL,5.235e-05,1.5e-07
30999503,2017-12-24T15:07:44.41,SELL,5.235e-05,410.73395785
30999525,2017-12-24T15:07:53.503,SELL,5.235e-05,276.66044154
30999554,2017-12-24T15:08:21.597,BUY,5.243e-05,98.48277459
30999555,2017-12-24T15:08:21.597,BUY,5.244e-05,179.13230289
30999561,2017-12-24T15:08:24.143,SELL,5.235e-05,83.68288591
30999570,2017-12-24T15:08:28.58,BUY,5.244e-05,265.83412936
30999571,2017-12-24T15:08:29.643,SELL,5.244e-05,16.07874672
30999648,2017-12-24T15:09:20.443,BUY,5.244e-05,473.1862933
30999649,2017-12-24T15:09:20.443,BUY,5.244e-05,948.07818556
30999651,2017-12-24T15:09:20.6,BUY,5.245e-05,379.92763283
30999696,2017-12-24T15:09:37.897,SELL,5.244e-05,1660.0
30999775,2017-12-24T15:10:17.133,BUY,5.244e-05,380.43478261
30999792,2017-12-24T15:10:26.4,BUY,5.239e-05,12.97985679
30999828,2017-12-24T15:10:40.837,SELL,5.24e-05,490.02014321
30999829,2017-12-24T15:10:40.837,SELL,5.239e-05,45.0
30999877,2017-12-24T15:11:03.29,BUY,5.239e-05,108.0200815
30999879,2017-12-24T15:11:04.71,BUY,5.239e-05,1626.24873142
30999880,2017-12-24T15:11:04.71,BUY,5.239e-05,7716.36367427
30999881,2017-12-24T15:11:04.71,BUY,5.239e-05,5907.26662214
30999884,2017-12-24T15:11:07.85,SELL,5.239e-05,1380.9131428
30999887,2017-12-24T15:11:09.1,SELL,5.239e-05,200.0
30999975,2017-12-24T15:12:06.1,SELL,5.24e-05,22.49185724
30999983,2017-12-24T15:12:11.693,SELL,5.24e-05,138.15834013
30999990,2017-12-24T15:12:14.787,BUY,5.24e-05,632.91894517
30999996,2017-12-24T15:12:16.677,SELL,5.24e-05,151.0
31000041,2017-12-24T15:12:48.46,BUY,5.244e-05,298.9827057
31000042,2017-12-24T15:12:49.163,SELL,5.244e-05,3101.17827256
31000043,2017-12-24T15:12:49.163,SELL,5.24e-05,288.78802785
31000053,2017-12-24T15:12:51.287,BUY,5.24e-05,22.84351145
31000062,2017-12-24T15:12:55.147,SELL,5.235e-05,2000.0
31000064,2017-12-24T15:12:55.93,BUY,5.24e-05,4340.26717557
31000066,2017-12-24T15:12:56.333,BUY,5.24e-05,20.0
31000081,2017-12-24T15:13:01.537,BUY,5.24e-05,493.78804896
31000100,2017-12-24T15:13:11.04,SELL,5.235e-05,944.33067284
31000147,2017-12-24T15:13:34.507,BUY,5.235e-05,1893.50797267
31000148,2017-12-24T15:13:34.507,BUY,5.24e-05,32565.67431349
31000168,2017-12-24T15:13:40.99,SELL,5.24e-05,189.86486486
31000193,2017-12-24T15:13:52.117,SELL,5.24e-05,617.15585292
31000228,2017-12-24T15:14:07.27,BUY,5.24e-05,114.50381679
31000247,2017-12-24T15:14:16.35,BUY,5.24e-05,699.44036258
31000254,2017-12-24T15:14:20.35,BUY,5.24e-05,100.0
31000310,2017-12-24T15:14:48.52,SELL,5.235e-05,250.0
31000311,2017-12-24T15:14:48.52,SELL,5.235e-05,56.48579552
31000322,2017-12-24T15:14:51.85,BUY,5.24e-05,738.5701776
31000341,2017-12-24T15:15:00.503,BUY,5.24e-05,94.46783803
31000343,2017-12-24T15:15:01.85,SELL,5.235e-05,20.25
31000348,2017-12-24T15:15:03.85,BUY,5.239e-05,28.6259542
31000349,2017-12-24T15:15:03.85,BUY,5.24e-05,66.79389312
31000373,2017-12-24T15:15:15.13,SELL,5.235e-05,52.43563324
31000396,2017-12-24T15:15:22.973,BUY,5.24e-05,1580.506342
31000399,2017-12-24T15:15:24.27,SELL,5.235e-05,18.16799105
31000403,2017-12-24T15:15:26.083,BUY,5.24e-05,4999.0
31000409,2017-12-24T15:15:27.05,BUY,5.24e-05,35.0
31000423,2017-12-24T15:15:32.347,BUY,5.24e-05,604.62180917
31000424,2017-12-24T15:15:32.363,BUY,5.24e-05,50.0
31000425,2017-12-24T15:15:32.363,BUY,5.24e-05,600.0
31000426,2017-12-24T15:15:32.363,BUY,5.24e-05,77.91635877
31000443,2017-12-24T15:15:36.94,BUY,5.24e-05,323.75805912
31000445,2017-12-24T15:15:36.973,BUY,5.24e-05,3386.55799666
31000465,2017-12-24T15:15:51.567,BUY,5.24e-05,893.78876282
31000468,2017-12-24T15:15:52.677,SELL,5.235e-05,87.54750869
31000470,2017-12-24T15:15:52.787,BUY,5.24e-05,28.55438931
31000484,2017-12-24T15:16:07.13,BUY,5.24e-05,303.05896946
31000486,2017-12-24T15:16:11.58,BUY,5.24e-05,50.66589252
31000494,2017-12-24T15:16:14.283,SELL,5.235e-05,146.49330473
31000495,2017-12-24T15:16:14.283,SELL,5.235e-05,1193.85871519
31000496,2017-12-24T15:16:14.283,SELL,5.235e-05,526.42055331
31000503,2017-12-24T15:16:19.927,BUY,5.24e-05,1555.09765969
31000504,2017-12-24T15:16:19.927,BUY,5.24e-05,3488.55968056
31000518,2017-12-24T15:16:28.02,SELL,5.24e-05,19.63093835
31000526,2017-12-24T15:16:31.893,SELL,5.24e-05,40.0
31000527,2017-12-24T15:16:32.08,SELL,5.24e-05,1320.0
31000528,2017-12-24T15:16:32.143,SELL,5.24e-05,314.32078947
31000530,2017-12-24T15:16:32.77,BUY,5.245e-05,620.77862635
31000541,2017-12-24T15:16:40.113,SELL,5.245e-05,48.92395228
31000598,2017-12-24T15:17:26.097,BUY,5.244e-05,63.41662596
31000599,2017-12-24T15:17:26.097,BUY,5.245e-05,271.78057503
31000600,2017-12-24T15:17:26.097,BUY,5.245e-05,50.0
31000636,2017-12-24T15:17:45.05,SELL,5.245e-05,1000.0
31000638,2017-12-24T15:17:46.767,SELL,5.245e-05,153.28019619
31000639,2017-12-24T15:17:47.36,SELL,5.245e-05,363.33385163
31000640,2017-12-24T15:17:47.36,SELL,5.245e-05,588.66614837
31000642,2017-12-24T15:17:50.407,BUY,5.246e-05,63.72494277
31000643,2017-12-24T15:17:50.407,BUY,5.246e-05,136.27505723
31000651,2017-12-24T15:17:59.783,BUY,5.246e-05,77.54738898
31000664,2017-12-24T15:18:16.673,SELL,5.246e-05,83.11253193
31000665,2017-12-24T15:18:16.673,SELL,5.246e-05,7.44587051
31000666,2017-12-24T15:18:17.58,SELL,5.246e-05,42.55412949
31000683,2017-12-24T15:18:30.923,BUY,5.246e-05,381.61232745
31000684,2017-12-24T15:18:30.923,BUY,5.246e-05,772.25806452
31000685,2017-12-24T15:18:33.487,SELL,5.246e-05,281.91287608
31000689,2017-12-24T15:18:39.47,SELL,5.246e-05,1000.0
31000694,2017-12-24T15:18:41.25,BUY,5.248e-05,1183.04088711
31000705,2017-12-24T15:18:51.14,BUY,5.248e-05,493.78804896
31000721,2017-12-24T15:19:03.283,BUY,5.25e-05,825.98266239
31000728,2017-12-24T15:19:08.843,BUY,5.25e-05,78.0
31000744,2017-12-24T15:19:27.267,BUY,5.25e-05,1096.01733761
31000745,2017-12-24T15:19:27.267,BUY,5.25e-05,153.5
31000746,2017-12-24T15:19:27.987,SELL,5.25e-05,1835.55848822
31000747,2017-12-24T15:19:27.987,SELL,5.249e-05,158.28663536
31000749,2017-12-24T15:19:28.517,BUY,5.251e-05,122.29548011
31000757,2017-12-24T15:19:35.487,BUY,5.251e-05,1925.20656739
31000758,2017-12-24T15:19:35.487,BUY,5.251e-05,49.96750246
31000759,2017-12-24T15:19:37.39,SELL,5.251e-05,1748.02909524
31000760,2017-12-24T15:19:37.39,SELL,5.251e-05,2990.76768537
31000764,2017-12-24T15:19:41.78,BUY,5.252e-05,236.48575019
31000766,2017-12-24T15:19:45.89,SELL,5.251e-05,2990.76768538
31000772,2017-12-24T15:19:53.003,SELL,5.251e-05,1545.96135217
31000778,2017-12-24T15:20:01.58,BUY,5.252e-05,1898.61401177
31000780,2017-12-24T15:20:04.86,SELL,5.251e-05,46.28453796
31000795,2017-12-24T15:20:16.33,BUY,5.252e-05,1196.96196592
31000813,2017-12-24T15:20:27.157,BUY,5.267e-05,227.19911334
31000814,2017-12-24T15:20:27.157,BUY,5.28e-05,1434.51897217
31000823,2017-12-24T15:20:30.703,SELL,5.28e-05,719.0
31000824,2017-12-24T15:20:31.157,SELL,5.28e-05,279.16797343
31000829,2017-12-24T15:20:37.14,SELL,5.28e-05,72.54687387
31000830,2017-12-24T15:20:37.14,SELL,5.253e-05,0.45312613
31000847,2017-12-24T15:20:48.533,SELL,5.253e-05,219.3745475
31000858,2017-12-24T15:21:22.297,BUY,5.282e-05,65.08162195
31000859,2017-12-24T15:21:22.297,BUY,5.282e-05,200.0
31000860,2017-12-24T15:21:22.297,BUY,5.282e-05,3.40375575
31000864,2017-12-24T15:21:26.843,SELL,5.255e-05,200.3234999
31000867,2017-12-24T15:21:32.173,BUY,5.282e-05,48.07594795
31000875,2017-12-24T15:21:35.563,BUY,5.282e-05,200.47149371
31000876,2017-12-24T15:21:35.563,BUY,5.282e-05,52.96326597
31000885,2017-12-24T15:21:40.093,SELL,5.282e-05,714.0
31000894,2017-12-24T15:21:44.093,SELL,5.282e-05,50.0
31000899,2017-12-24T15:21:46.563,BUY,5.293e-05,500.0
31000900,2017-12-24T15:21:47.703,SELL,5.293e-05,500.092198
31000903,2017-12-24T15:21:50.953,SELL,5.293e-05,1228.97192699
31000904,2017-12-24T15:21:50.953,SELL,5.283e-05,16.8039111
31000905,2017-12-24T15:21:50.953,SELL,5.282e-05,0.22416191
31000923,2017-12-24T15:22:01.75,BUY,5.294e-05,1183.04088711
31000924,2017-12-24T15:22:01.75,BUY,5.294e-05,98.97713232
31000925,2017-12-24T15:22:02.423,SELL,5.294e-05,2090.37683401
31000926,2017-12-24T15:22:02.423,SELL,5.293e-05,165.8996284
31000927,2017-12-24T15:22:02.423,SELL,5.293e-05,500.0
31000934,2017-12-24T15:22:07.877,BUY,5.293e-05,822.58741238
31000938,2017-12-24T15:22:10.253,SELL,5.294e-05,158.0
31000955,2017-12-24T15:22:16.737,SELL,5.294e-05,903.9771068
31000956,2017-12-24T15:22:16.737,SELL,5.294e-05,996.0228932
31000960,2017-12-24T15:22:20.877,SELL,5.294e-05,62.56023302
31000964,2017-12-24T15:22:22.503,SELL,5.294e-05,825.98139296
31000965,2017-12-24T15:22:22.503,SELL,5.294e-05,1074.01860704
31000971,2017-12-24T15:22:23.69,SELL,5.294e-05,810.54591214
31000972,2017-12-24T15:22:23.69,SELL,5.294e-05,115.33689388
31000973,2017-12-24T15:22:23.69,SELL,5.294e-05,972.11719398
31000974,2017-12-24T15:22:23.893,SELL,5.294e-05,654.49754192
31000977,2017-12-24T15:22:24.05,BUY,5.295e-05,18972.36941711
31000978,2017-12-24T15:22:24.05,BUY,5.295e-05,20.0
31000979,2017-12-24T15:22:24.05,BUY,5.295e-05,5094.01693934
31000983,2017-12-24T15:22:27.3,SELL,5.296e-05,1889.0
31000987,2017-12-24T15:22:30.597,SELL,5.296e-05,2831.54380665
31000988,2017-12-24T15:22:30.61,SELL,5.295e-05,641.23319572
31000993,2017-12-24T15:22:32.783,SELL,5.296e-05,590.0
31001001,2017-12-24T15:22:37.253,SELL,5.296e-05,48.07594795
31001002,2017-12-24T15:22:38.08,SELL,5.296e-05,257.90138059
31001003,2017-12-24T15:22:38.66,SELL,5.296e-05,150.24262492
31001006,2017-12-24T15:22:40.457,SELL,5.296e-05,135.95996921
31001007,2017-12-24T15:22:41.58,SELL,5.296e-05,339.87106767
31001008,2017-12-24T15:22:41.58,SELL,5.295e-05,16490.92110296
31001021,2017-12-24T15:22:56.347,SELL,5.297e-05,1780.3288357
31001034,2017-12-24T15:23:03.097,BUY,5.299e-05,1178.88389048
31001057,2017-12-24T15:23:08.877,SELL,5.297e-05,18.35729359
31001066,2017-12-24T15:23:11.19,BUY,5.299e-05,20.0
31001072,2017-12-24T15:23:15.47,SELL,5.297e-05,105.82049164
31001073,2017-12-24T15:23:15.47,SELL,5.297e-05,359.04218756
31001074,2017-12-24T15:23:15.47,SELL,5.295e-05,15449.38529877
31001075,2017-12-24T15:23:15.47,SELL,5.295e-05,131.8714545
31001084,2017-12-24T15:23:18.737,BUY,5.292e-05,1346.87794206
31001110,2017-12-24T15:23:29.83,BUY,5.292e-05,222.0
31001141,2017-12-24T15:23:42.533,SELL,5.276e-05,22.16174184
31001143,2017-12-24T15:23:45.127,BUY,5.29e-05,1043.32543651
31001161,2017-12-24T15:23:57.063,BUY,5.29e-05,121.73161067
31001176,2017-12-24T15:24:07.343,BUY,5.288e-05,1020.0
31001186,2017-12-24T15:24:12.813,BUY,5.288e-05,202.66454845
31001191,2017-12-24T15:24:13.64,BUY,5.288e-05,299.38644188
31001195,2017-12-24T15:24:14.093,SELL,5.29e-05,303.23344609
31001209,2017-12-24T15:24:18.343,SELL,5.29e-05,124.68057542
31001235,2017-12-24T15:24:30,BUY,5.29e-05,165.06942458
31001236,2017-12-24T15:24:30,BUY,5.299e-05,1102.23407676
31001237,2017-12-24T15:24:30,BUY,5.3e-05,502.80895337
31001250,2017-12-24T15:24:34.69,BUY,5.29e-05,97.67238623
31001251,2017-12-24T15:24:34.69,BUY,5.3e-05,161.76308418
31001252,2017-12-24T15:24:34.69,BUY,5.3e-05,1966.20521761
31001261,2017-12-24T15:24:38.797,BUY,5.3e-05,33.79478239
31001262,2017-12-24T15:24:38.797,BUY,5.301e-05,192.666917
31001264,2017-12-24T15:24:40.627,SELL,5.301e-05,66.8102142
31001265,2017-12-24T15:24:40.627,SELL,5.288e-05,838.69761724
31001266,2017-12-24T15:24:40.627,SELL,5.28e-05,1070.48816856
31001267,2017-12-24T15:24:41.22,SELL,5.28e-05,818.71637689
31001268,2017-12-24T15:24:41.22,SELL,5.28e-05,1889.20454545
31001269,2017-12-24T15:24:41.22,SELL,5.28e-05,1889.20454545
31001270,2017-12-24T15:24:41.22,SELL,5.28e-05,1889.20454545
31001272,2017-12-24T15:24:41.33,BUY,5.28e-05,281.04543679
31001306,2017-12-24T15:24:51.407,BUY,5.28e-05,546.53206
31001311,2017-12-24T15:24:54.83,BUY,5.28e-05,500.0
31001327,2017-12-24T15:24:59.953,BUY,5.28e-05,1802.57330159
31001354,2017-12-24T15:25:12.75,BUY,5.28e-05,409.89902138
31001374,2017-12-24T15:25:20.877,BUY,5.28e-05,4154.7734618
31001375,2017-12-24T15:25:20.877,BUY,5.28e-05,77.77750593
31001376,2017-12-24T15:25:20.877,BUY,5.28e-05,175.0
31001377,2017-12-24T15:25:20.877,BUY,5.28e-05,1225.14633139
31001384,2017-12-24T15:25:24.61,SELL,5.28e-05,110.20586139
31001385,2017-12-24T15:25:24.61,SELL,5.276e-05,46.19687565
31001392,2017-12-24T15:25:27.14,BUY,5.302e-05,24.06587979
31001446,2017-12-24T15:25:45.297,BUY,5.303e-05,47.23011364
31001462,2017-12-24T15:25:52.5,SELL,5.276e-05,97.51666682
31001477,2017-12-24T15:25:58.58,SELL,5.261e-05,46.33491732
31001478,2017-12-24T15:25:58.58,SELL,5.253e-05,181.05182832
31001494,2017-12-24T15:26:07.297,BUY,5.253e-05,750.0
31001513,2017-12-24T15:26:12.767,BUY,5.253e-05,293.30786063
31001551,2017-12-24T15:26:32.28,BUY,5.276e-05,98.21635334
31001585,2017-12-24T15:26:54.22,BUY,5.301e-05,2000.0
31001591,2017-12-24T15:26:57.843,SELL,5.276e-05,40.0
31001614,2017-12-24T15:27:07.923,SELL,5.28e-05,81.58
31001653,2017-12-24T15:27:25.8,BUY,5.302e-05,62.01155581
31001678,2017-12-24T15:27:30.22,SELL,5.302e-05,45.648168
31001680,2017-12-24T15:27:31.003,BUY,5.303e-05,75.05726016
31001681,2017-12-24T15:27:31.003,BUY,5.304e-05,661.91323748
31001689,2017-12-24T15:27:37.72,BUY,5.304e-05,1535.81459247
31001713,2017-12-24T15:27:51.973,BUY,5.304e-05,449.27674152
31001726,2017-12-24T15:28:05.13,BUY,5.305e-05,167.90583732
31001759,2017-12-24T15:28:24.303,BUY,5.317e-05,194.75601232
31001780,2017-12-24T15:28:34.443,BUY,5.317e-05,157.48629179
31001788,2017-12-24T15:28:42.49,BUY,5.317e-05,517.60273943
31001794,2017-12-24T15:28:47.96,BUY,5.317e-05,35.73443671
31002550,2017-12-24T15:36:39.023,SELL,5.332e-05,104.23100176
31002554,2017-12-24T15:36:42.727,SELL,5.332e-05,417.0275
31002555,2017-12-24T15:36:42.977,SELL,5.332e-05,4.821e-05
31002570,2017-12-24T15:36:53.93,SELL,5.319e-05,52.27277735
31002571,2017-12-24T15:36:53.93,SELL,5.319e-05,300.10462265
31002572,2017-12-24T15:36:54.32,SELL,5.319e-05,352.6454
31002573,2017-12-24T15:36:54.663,SELL,5.319e-05,347.24997735
31002574,2017-12-24T15:36:54.663,SELL,5.319e-05,5.44352265
31002577,2017-12-24T15:36:57.07,BUY,5.334e-05,500.0
31002581,2017-12-24T15:37:01.197,SELL,5.334e-05,943.4054589
31002586,2017-12-24T15:37:05.57,SELL,5.334e-05,167.08219523
31002587,2017-12-24T15:37:05.57,SELL,5.319e-05,450.72049314
31002588,2017-12-24T15:37:05.57,SELL,5.319e-05,149.80897163
31002590,2017-12-24T15:37:06.04,BUY,5.335e-05,111.31743716
31002591,2017-12-24T15:37:06.04,BUY,5.337e-05,63.68256284
31002616,2017-12-24T15:37:15.07,BUY,5.336e-05,2084.27454829
31002619,2017-12-24T15:37:16.54,SELL,5.336e-05,436.912255
31002622,2017-12-24T15:37:17.71,SELL,5.336e-05,61.5318682
31002625,2017-12-24T15:37:18.867,SELL,5.336e-05,32.53261051
31002645,2017-12-24T15:37:28.727,BUY,5.337e-05,113.88122702
31002661,2017-12-24T15:37:34.447,SELL,5.337e-05,877.03886828
31002670,2017-12-24T15:37:35.727,BUY,5.337e-05,154.45613018
31002695,2017-12-24T15:37:45.837,SELL,5.337e-05,782.39978138
31002696,2017-12-24T15:37:45.837,SELL,5.337e-05,68.66066496
31002700,2017-12-24T15:37:46.493,BUY,5.338e-05,150.0
31002713,2017-12-24T15:37:50.337,BUY,5.338e-05,977.285
31002714,2017-12-24T15:37:50.337,BUY,5.339e-05,4000.0
31002715,2017-12-24T15:37:50.337,BUY,5.339e-05,63.98215822
31002717,2017-12-24T15:37:52.057,SELL,5.339e-05,126.647585
31002727,2017-12-24T15:37:54.697,BUY,5.34e-05,15.54545455
31002728,2017-12-24T15:37:54.697,BUY,5.34e-05,150.0
31002729,2017-12-24T15:37:54.697,BUY,5.34e-05,210.67730072
31002738,2017-12-24T15:37:59.087,BUY,5.343e-05,395.99159258
31002743,2017-12-24T15:38:00.37,SELL,5.34e-05,198.50771082
31002747,2017-12-24T15:38:02.68,BUY,5.343e-05,24.00840742
31002748,2017-12-24T15:38:02.68,BUY,5.345e-05,94.80389764
31002760,2017-12-24T15:38:07.807,BUY,5.345e-05,364.28353952
31002761,2017-12-24T15:38:07.807,BUY,5.347e-05,461.02274778
31002776,2017-12-24T15:38:16.417,BUY,5.347e-05,638.97725222
31002777,2017-12-24T15:38:16.417,BUY,5.348e-05,2220.30384287
31002778,2017-12-24T15:38:16.417,BUY,5.348e-05,491.40787439
31002779,2017-12-24T15:38:16.417,BUY,5.348e-05,53.42119847
31002787,2017-12-24T15:38:22.103,SELL,5.348e-05,336.77509085
31002813,2017-12-24T15:38:34.557,BUY,5.349e-05,30.0
31002814,2017-12-24T15:38:34.557,BUY,5.349e-05,50.07922054
31002815,2017-12-24T15:38:34.557,BUY,5.35e-05,25.0
31002816,2017-12-24T15:38:34.557,BUY,5.35e-05,1739.86987905
31002846,2017-12-24T15:38:47.54,BUY,5.35e-05,1179.47704994
31002854,2017-12-24T15:38:48.853,BUY,5.35e-05,791.94509054
31002856,2017-12-24T15:38:51.993,SELL,5.343e-05,605.97616943
31002862,2017-12-24T15:38:55.633,BUY,5.343e-05,975.10388069
31002863,2017-12-24T15:38:55.633,BUY,5.35e-05,1150.79828604
31002864,2017-12-24T15:38:55.633,BUY,5.35e-05,319.29297328
31002865,2017-12-24T15:38:55.633,BUY,5.35e-05,358.59789281
31002868,2017-12-24T15:38:57.027,SELL,5.35e-05,133.224909
31002874,2017-12-24T15:39:04.57,SELL,5.35e-05,25.0885326
31002881,2017-12-24T15:39:11.527,SELL,5.35e-05,84.865
31002883,2017-12-24T15:39:12.9,SELL,5.35e-05,908.72153521
31002898,2017-12-24T15:39:16.93,SELL,5.35e-05,1107.0
31002912,2017-12-24T15:39:23.587,BUY,5.352e-05,203.88263473
31002913,2017-12-24T15:39:23.587,BUY,5.354e-05,156.7247171
31002916,2017-12-24T15:39:27.93,SELL,5.35e-05,74.95327103
31002918,2017-12-24T15:39:28.947,SELL,5.352e-05,83.1002
31002922,2017-12-24T15:39:29.62,SELL,5.352e-05,99.9338
31002924,2017-12-24T15:39:30.243,SELL,5.352e-05,97.5204
31002925,2017-12-24T15:39:30.633,SELL,5.352e-05,118.0527
31002928,2017-12-24T15:39:30.95,SELL,5.352e-05,116.9601
31002929,2017-12-24T15:39:31.213,SELL,5.352e-05,110.9481
31002930,2017-12-24T15:39:31.603,SELL,5.352e-05,114.1522
31002958,2017-12-24T15:39:41.09,BUY,5.354e-05,246.83550046
31002968,2017-12-24T15:39:44.65,BUY,5.355e-05,182.95136748
31002969,2017-12-24T15:39:44.65,BUY,5.355e-05,1166.4309191
31002977,2017-12-24T15:39:47.23,BUY,5.355e-05,502.67720055
31002978,2017-12-24T15:39:47.65,SELL,5.354e-05,51.95732888
31002982,2017-12-24T15:39:48.01,SELL,5.354e-05,169.179194
31002986,2017-12-24T15:39:48.917,BUY,5.355e-05,25.37670762
31002990,2017-12-24T15:39:49.23,BUY,5.355e-05,953.21826153
31002993,2017-12-24T15:39:49.59,BUY,5.355e-05,598.16324662
31003002,2017-12-24T15:39:54.027,BUY,5.355e-05,1249.75926197
31003003,2017-12-24T15:39:55.433,SELL,5.354e-05,447.351699
31003012,2017-12-24T15:39:58.637,BUY,5.355e-05,2266.35297059
31003015,2017-12-24T15:39:59.073,SELL,5.354e-05,148.696634
31003017,2017-12-24T15:39:59.167,BUY,5.355e-05,68.8764652
31003023,2017-12-24T15:40:00.51,SELL,5.355e-05,96.81630567
31003024,2017-12-24T15:40:00.51,SELL,5.354e-05,450.16973892
31003035,2017-12-24T15:40:04.903,BUY,5.354e-05,13.3459096
31003045,2017-12-24T15:40:08.323,BUY,5.354e-05,96.98819816
31003048,2017-12-24T15:40:08.543,BUY,5.354e-05,476.22929974
31003062,2017-12-24T15:40:14.45,BUY,5.354e-05,825.22357731
31003063,2017-12-24T15:40:14.45,BUY,5.354e-05,74.77642269
31003070,2017-12-24T15:40:16.513,BUY,5.354e-05,18.25074706
31003074,2017-12-24T15:40:17.793,SELL,5.354e-05,374.2526476
31003076,2017-12-24T15:40:17.84,BUY,5.331e-05,371.36331571
31003078,2017-12-24T15:40:20.573,SELL,5.354e-05,142.80274181
31003092,2017-12-24T15:40:24.98,SELL,5.354e-05,1000.0
31003093,2017-12-24T15:40:25.62,SELL,5.354e-05,488.81980654
31003094,2017-12-24T15:40:25.823,SELL,5.354e-05,114.50381679
31003110,2017-12-24T15:40:33.7,BUY,5.367e-05,1170.024
31003112,2017-12-24T15:40:34.763,SELL,5.367e-05,44.45721823
31003113,2017-12-24T15:40:34.763,SELL,5.354e-05,1758.11608336
31003129,2017-12-24T15:40:45.78,SELL,5.354e-05,1667.49424263
31003130,2017-12-24T15:40:45.903,SELL,5.354e-05,646.97015093
31003144,2017-12-24T15:40:56.373,SELL,5.354e-05,1182.27391383
31003145,2017-12-24T15:40:56.373,SELL,5.354e-05,17.72608617
31003152,2017-12-24T15:41:00.17,SELL,5.354e-05,782.17623603
31003171,2017-12-24T15:41:20.39,SELL,5.354e-05,200.46252432
31003172,2017-12-24T15:41:20.39,SELL,5.354e-05,1217.43008932
31003173,2017-12-24T15:41:20.39,SELL,5.331e-05,4318.18836315
31003174,2017-12-24T15:41:20.39,SELL,5.33e-05,33822.29556895
31003187,2017-12-24T15:41:24.42,BUY,5.32e-05,4317.30885233
31003189,2017-12-24T15:41:26.407,SELL,5.319e-05,4.5e-07
31003201,2017-12-24T15:41:34.17,BUY,5.319e-05,98.25333263
31003203,2017-12-24T15:41:36,BUY,5.319e-05,1870.78019505
31003208,2017-12-24T15:41:44.703,SELL,5.3e-05,900.0
31003210,2017-12-24T15:41:45.313,BUY,5.319e-05,1159.68295092
31003231,2017-12-24T15:42:06.237,SELL,5.3e-05,1013.09782148
31003232,2017-12-24T15:42:06.237,SELL,5.284e-05,336.2844651
31003300,2017-12-24T15:42:38.38,SELL,5.3e-05,1000.0
31003301,2017-12-24T15:42:38.38,SELL,5.287e-05,306.74898817
31003318,2017-12-24T15:42:44.55,BUY,5.287e-05,740.6675
31003339,2017-12-24T15:42:57.693,SELL,5.3e-05,310.75211604
31003340,2017-12-24T15:42:57.693,SELL,5.287e-05,18.86703234
31003341,2017-12-24T15:42:57.693,SELL,5.284e-05,1541.16104667
31003365,2017-12-24T15:43:14.473,BUY,5.3e-05,70.10964096
31003377,2017-12-24T15:43:23.46,SELL,5.3e-05,130.81000857
31003389,2017-12-24T15:43:39.96,SELL,5.284e-05,371.86719199
31003393,2017-12-24T15:43:47.177,SELL,5.284e-05,138.21830584
31003415,2017-12-24T15:44:10.6,BUY,5.284e-05,22.55902427
31003419,2017-12-24T15:44:11.867,SELL,5.284e-05,177.44097573
31003421,2017-12-24T15:44:14.77,BUY,5.284e-05,91.89156558
31003441,2017-12-24T15:44:34.1,SELL,5.284e-05,605.97616943
31003444,2017-12-24T15:44:39.803,SELL,5.284e-05,65.75440759
31003454,2017-12-24T15:44:49.833,BUY,5.316e-05,22.57336343
31003458,2017-12-24T15:44:52.24,BUY,5.316e-05,141.08352144
31003484,2017-12-24T15:45:19.46,BUY,5.316e-05,282.95693708
31003489,2017-12-24T15:45:24.617,BUY,5.316e-05,26.52098121
31003493,2017-12-24T15:45:28.1,SELL,5.284e-05,121.95407323
31003496,2017-12-24T15:45:29.24,BUY,5.316e-05,278.01864788
31003507,2017-12-24T15:45:38.943,BUY,5.316e-05,3719.23236134
31003510,2017-12-24T15:45:39.29,SELL,5.316e-05,151.90394387
31003550,2017-12-24T15:46:00.727,BUY,5.315e-05,21.38056945
31003565,2017-12-24T15:46:06.9,BUY,5.315e-05,115.9606875
31003569,2017-12-24T15:46:07.4,BUY,5.315e-05,971.75380245
31003583,2017-12-24T15:46:12.947,SELL,5.284e-05,48.243838
31003637,2017-12-24T15:46:44.053,SELL,5.284e-05,415.37658366
31003638,2017-12-24T15:46:44.053,SELL,5.284e-05,393.07031179
31003639,2017-12-24T15:46:44.053,SELL,5.284e-05,750.68199044
31003640,2017-12-24T15:46:44.053,SELL,5.284e-05,37.75548827
31003708,2017-12-24T15:47:10.15,BUY,5.284e-05,150.0
31003714,2017-12-24T15:47:11.743,SELL,5.283e-05,113.71873175
31002854,2017-12-24T15:38:48.853,BUY,5.35e-05,791.94509054
31002856,2017-12-24T15:38:51.993,SELL,5.343e-05,605.97616943
31002862,2017-12-24T15:38:55.633,BUY,5.343e-05,975.10388069
31002863,2017-12-24T15:38:55.633,BUY,5.35e-05,1150.79828604
31002864,2017-12-24T15:38:55.633,BUY,5.35e-05,319.29297328
31002865,2017-12-24T15:38:55.633,BUY,5.35e-05,358.59789281
31002868,2017-12-24T15:38:57.027,SELL,5.35e-05,133.224909
31002874,2017-12-24T15:39:04.57,SELL,5.35e-05,25.0885326
31002881,2017-12-24T15:39:11.527,SELL,5.35e-05,84.865
31002883,2017-12-24T15:39:12.9,SELL,5.35e-05,908.72153521
31002898,2017-12-24T15:39:16.93,SELL,5.35e-05,1107.0
31002912,2017-12-24T15:39:23.587,BUY,5.352e-05,203.88263473
31002913,2017-12-24T15:39:23.587,BUY,5.354e-05,156.7247171
31002916,2017-12-24T15:39:27.93,SELL,5.35e-05,74.95327103
31002918,2017-12-24T15:39:28.947,SELL,5.352e-05,83.1002
31002922,2017-12-24T15:39:29.62,SELL,5.352e-05,99.9338
31002924,2017-12-24T15:39:30.243,SELL,5.352e-05,97.5204
31002925,2017-12-24T15:39:30.633,SELL,5.352e-05,118.0527
31002928,2017-12-24T15:39:30.95,SELL,5.352e-05,116.9601
31002929,2017-12-24T15:39:31.213,SELL,5.352e-05,110.9481
31002930,2017-12-24T15:39:31.603,SELL,5.352e-05,114.1522
31002958,2017-12-24T15:39:41.09,BUY,5.354e-05,246.83550046
31002968,2017-12-24T15:39:44.65,BUY,5.355e-05,182.95136748
31002969,2017-12-24T15:39:44.65,BUY,5.355e-05,1166.4309191
31002977,2017-12-24T15:39:47.23,BUY,5.355e-05,502.67720055
31002978,2017-12-24T15:39:47.65,SELL,5.354e-05,51.95732888
31002982,2017-12-24T15:39:48.01,SELL,5.354e-05,169.179194
31002986,2017-12-24T15:39:48.917,BUY,5.355e-05,25.37670762
31002990,2017-12-24T15:39:49.23,BUY,5.355e-05,953.21826153
31002993,2017-12-24T15:39:49.59,BUY,5.355e-05,598.16324662
31003002,2017-12-24T15:39:54.027,BUY,5.355e-05,1249.75926197
31003003,2017-12-24T15:39:55.433,SELL,5.354e-05,447.351699
31003012,2017-12-24T15:39:58.637,BUY,5.355e-05,2266.35297059
31003015,2017-12-24T15:39:59.073,SELL,5.354e-05,148.696634
31003017,2017-12-24T15:39:59.167,BUY,5.355e-05,68.8764652
31003023,2017-12-24T15:40:00.51,SELL,5.355e-05,96.81630567
31003024,2017-12-24T15:40:00.51,SELL,5.354e-05,450.16973892
31003035,2017-12-24T15:40:04.903,BUY,5.354e-05,13.3459096
31003045,2017-12-24T15:40:08.323,BUY,5.354e-05,96.98819816
31003048,2017-12-24T15:40:08.543,BUY,5.354e-05,476.22929974
31003062,2017-12-24T15:40:14.45,BUY,5.354e-05,825.22357731
31003063,2017-12-24T15:40:14.45,BUY,5.354e-05,74.77642269
31003070,2017-12-24T15:40:16.513,BUY,5.354e-05,18.25074706
31003074,2017-12-24T15:40:17.793,SELL,5.354e-05,374.2526476
31003076,2017-12-24T15:40:17.84,BUY,5.331e-05,371.36331571
31003078,2017-12-24T15:40:20.573,SELL,5.354e-05,142.80274181
31003092,2017-12-24T15:40:24.98,SELL,5.354e-05,1000.0
31003093,2017-12-24T15:40:25.62,SELL,5.354e-05,488.81980654
31003094,2017-12-24T15:40:25.823,SELL,5.354e-05,114.50381679
31003110,2017-12-24T15:40:33.7,BUY,5.367e-05,1170.024
31003112,2017-12-24T15:40:34.763,SELL,5.367e-05,44.45721823
31003113,2017-12-24T15:40:34.763,SELL,5.354e-05,1758.11608336
31003129,2017-12-24T15:40:45.78,SELL,5.354e-05,1667.49424263
31003130,2017-12-24T15:40:45.903,SELL,5.354e-05,646.97015093
31003144,2017-12-24T15:40:56.373,SELL,5.354e-05,1182.27391383
31003145,2017-12-24T15:40:56.373,SELL,5.354e-05,17.72608617
31003152,2017-12-24T15:41:00.17,SELL,5.354e-05,782.17623603
31003171,2017-12-24T15:41:20.39,SELL,5.354e-05,200.46252432
31003172,2017-12-24T15:41:20.39,SELL,5.354e-05,1217.43008932
31003173,2017-12-24T15:41:20.39,SELL,5.331e-05,4318.18836315
31003174,2017-12-24T15:41:20.39,SELL,5.33e-05,33822.29556895
31003187,2017-12-24T15:41:24.42,BUY,5.32e-05,4317.30885233
31003189,2017-12-24T15:41:26.407,SELL,5.319e-05,4.5e-07
31003201,2017-12-24T15:41:34.17,BUY,5.319e-05,98.25333263
31003203,2017-12-24T15:41:36,BUY,5.319e-05,1870.78019505
31003208,2017-12-24T15:41:44.703,SELL,5.3e-05,900.0
31003210,2017-12-24T15:41:45.313,BUY,5.319e-05,1159.68295092
31003231,2017-12-24T15:42:06.237,SELL,5.3e-05,1013.09782148
31003232,2017-12-24T15:42:06.237,SELL,5.284e-05,336.2844651
31003300,2017-12-24T15:42:38.38,SELL,5.3e-05,1000.0
31003301,2017-12-24T15:42:38.38,SELL,5.287e-05,306.74898817
31003318,2017-12-24T15:42:44.55,BUY,5.287e-05,740.6675
31003339,2017-12-24T15:42:57.693,SELL,5.3e-05,310.75211604
31003340,2017-12-24T15:42:57.693,SELL,5.287e-05,18.86703234
31003341,2017-12-24T15:42:57.693,SELL,5.284e-05,1541.16104667
31003365,2017-12-24T15:43:14.473,BUY,5.3e-05,70.10964096
31003377,2017-12-24T15:43:23.46,SELL,5.3e-05,130.81000857
31003389,2017-12-24T15:43:39.96,SELL,5.284e-05,371.86719199
31003393,2017-12-24T15:43:47.177,SELL,5.284e-05,138.21830584
31003415,2017-12-24T15:44:10.6,BUY,5.284e-05,22.55902427
31003419,2017-12-24T15:44:11.867,SELL,5.284e-05,177.44097573
31003421,2017-12-24T15:44:14.77,BUY,5.284e-05,91.89156558
31003441,2017-12-24T15:44:34.1,SELL,5.284e-05,605.97616943
31003444,2017-12-24T15:44:39.803,SELL,5.284e-05,65.75440759
31003454,2017-12-24T15:44:49.833,BUY,5.316e-05,22.57336343
31003458,2017-12-24T15:44:52.24,BUY,5.316e-05,141.08352144
31003484,2017-12-24T15:45:19.46,BUY,5.316e-05,282.95693708
31003489,2017-12-24T15:45:24.617,BUY,5.316e-05,26.52098121
31003493,2017-12-24T15:45:28.1,SELL,5.284e-05,121.95407323
31003496,2017-12-24T15:45:29.24,BUY,5.316e-05,278.01864788
31003507,2017-12-24T15:45:38.943,BUY,5.316e-05,3719.23236134
31003510,2017-12-24T15:45:39.29,SELL,5.316e-05,151.90394387
31003550,2017-12-24T15:46:00.727,BUY,5.315e-05,21.38056945
31003565,2017-12-24T15:46:06.9,BUY,5.315e-05,115.9606875
31003569,2017-12-24T15:46:07.4,BUY,5.315e-05,971.75380245
31003583,2017-12-24T15:46:12.947,SELL,5.284e-05,48.243838
31003637,2017-12-24T15:46:44.053,SELL,5.284e-05,415.37658366
31003638,2017-12-24T15:46:44.053,SELL,5.284e-05,393.07031179
31003639,2017-12-24T15:46:44.053,SELL,5.284e-05,750.68199044
31003640,2017-12-24T15:46:44.053,SELL,5.284e-05,37.75548827
31003708,2017-12-24T15:47:10.15,BUY,5.284e-05,150.0
31003714,2017-12-24T15:47:11.743,SELL,5.283e-05,113.71873175
31003781,2017-12-24T15:47:43.353,BUY,5.282e-05,60.89992951
31003782,2017-12-24T15:47:43.353,BUY,5.282e-05,261.71186392
31003801,2017-12-24T15:47:47.883,BUY,5.282e-05,388.89807198
31003802,2017-12-24T15:47:47.883,BUY,5.283e-05,1172.50676194
31003803,2017-12-24T15:47:47.883,BUY,5.283e-05,216.87866343
31003880,2017-12-24T15:48:25.667,SELL,5.26e-05,559.44985445
31003881,2017-12-24T15:48:25.667,SELL,5.259e-05,159.60011409
31003882,2017-12-24T15:48:25.667,SELL,5.253e-05,459.83392194
31003915,2017-12-24T15:48:41.573,SELL,5.253e-05,285.49502677
31003916,2017-12-24T15:48:41.573,SELL,5.253e-05,664.85710043
31003922,2017-12-24T15:48:44.01,SELL,5.253e-05,476.22929974
31003961,2017-12-24T15:49:16.323,SELL,5.253e-05,52.27277735
31003979,2017-12-24T15:49:25.247,SELL,5.255e-05,4610.6146931
31003980,2017-12-24T15:49:25.247,SELL,5.254e-05,10606.85476019
31003983,2017-12-24T15:49:27.12,SELL,5.254e-05,51.40771633
31003987,2017-12-24T15:49:28.37,BUY,5.274e-05,20.0
31003996,2017-12-24T15:49:35.297,BUY,5.274e-05,23.03704352
31003997,2017-12-24T15:49:35.64,SELL,5.258e-05,314.0197795
31004001,2017-12-24T15:49:37.89,BUY,5.274e-05,956.96295648
31004003,2017-12-24T15:49:40.233,SELL,5.274e-05,3124.23963738
31004047,2017-12-24T15:49:59.83,BUY,5.273e-05,716.38166711
31004178,2017-12-24T15:51:03.49,BUY,5.272e-05,1618.11122676
31004195,2017-12-24T15:51:12.567,SELL,5.261e-05,482.22761856
31004233,2017-12-24T15:51:36.853,SELL,5.26e-05,56.96744717
31004234,2017-12-24T15:51:36.853,SELL,5.26e-05,486.66387263
31004235,2017-12-24T15:51:36.853,SELL,5.26e-05,220.00508215
31004236,2017-12-24T15:51:37.93,SELL,5.26e-05,874.78052558
31004237,2017-12-24T15:51:37.93,SELL,5.26e-05,21.0
31004238,2017-12-24T15:51:37.93,SELL,5.253e-05,789.03207596
31004251,2017-12-24T15:51:44.04,SELL,5.253e-05,8016.0
31004280,2017-12-24T15:52:04.243,SELL,5.253e-05,1.60874652
31004281,2017-12-24T15:52:04.243,SELL,5.253e-05,94.94574529
31004282,2017-12-24T15:52:04.243,SELL,5.253e-05,3.44550819
31004284,2017-12-24T15:52:05.04,SELL,5.253e-05,25.37670762
31004310,2017-12-24T15:52:18.26,SELL,5.253e-05,165.69277087
31004311,2017-12-24T15:52:19.307,SELL,5.253e-05,20.0
31004322,2017-12-24T15:52:25.837,BUY,5.26e-05,60.4539348
31004325,2017-12-24T15:52:27.26,SELL,5.261e-05,639.5460652
31004326,2017-12-24T15:52:27.26,SELL,5.253e-05,8459.52540254
31004327,2017-12-24T15:52:27.26,SELL,5.253e-05,420.12996635
31004367,2017-12-24T15:52:50.497,SELL,5.255e-05,1902.0
31004375,2017-12-24T15:52:52.653,BUY,5.26e-05,400.0
31004392,2017-12-24T15:53:00.323,SELL,5.255e-05,1901.0
31004408,2017-12-24T15:53:07.027,SELL,5.255e-05,96.0
31004419,2017-12-24T15:53:14.763,BUY,5.26e-05,19.01140684
31004429,2017-12-24T15:53:20.92,SELL,5.255e-05,0.11169269
31004430,2017-12-24T15:53:20.92,SELL,5.255e-05,386.46813511
31004431,2017-12-24T15:53:20.92,SELL,5.253e-05,313.4201722
31004448,2017-12-24T15:53:28.043,SELL,5.254e-05,911.0
31004451,2017-12-24T15:53:30.357,SELL,5.255e-05,851.50430071
31004455,2017-12-24T15:53:32.183,SELL,5.254e-05,2900.2635372
31004458,2017-12-24T15:53:32.903,SELL,5.254e-05,1436.80285632
31004459,2017-12-24T15:53:33.183,SELL,5.253e-05,911.23339091
31004460,2017-12-24T15:53:33.183,SELL,5.25e-05,95.0
31004461,2017-12-24T15:53:33.183,SELL,5.25e-05,15.0
31004462,2017-12-24T15:53:33.183,SELL,5.25e-05,879.76660909
31004466,2017-12-24T15:53:39.03,BUY,5.254e-05,16.91399286
31004519,2017-12-24T15:54:08.327,BUY,5.254e-05,403.39354321
31004520,2017-12-24T15:54:08.327,BUY,5.255e-05,56477.42759346
31004541,2017-12-24T15:54:30.077,BUY,5.255e-05,1450.05573601
31004570,2017-12-24T15:54:59.077,SELL,5.25e-05,25.02284307
31004576,2017-12-24T15:55:21.703,SELL,5.25e-05,689.64840211
31004593,2017-12-24T15:55:58.093,SELL,5.25e-05,405.56214573
31004594,2017-12-24T15:55:58.093,SELL,5.25e-05,16.91399286
31004608,2017-12-24T15:56:02.5,BUY,5.25e-05,322.46722069
31004617,2017-12-24T15:56:07.75,SELL,5.247e-05,229.44696577
31004618,2017-12-24T15:56:07.75,SELL,5.247e-05,93.02025492
31004630,2017-12-24T15:56:13.843,SELL,5.247e-05,1000.0
31004651,2017-12-24T15:56:25.373,BUY,5.25e-05,243.42591141
31004654,2017-12-24T15:56:26.703,SELL,5.247e-05,436.22278447
31004665,2017-12-24T15:56:32.22,BUY,5.25e-05,200.0
31004714,2017-12-24T15:57:01.39,BUY,5.249e-05,26.91399286
31004718,2017-12-24T15:57:03.017,BUY,5.249e-05,2260.66205913
31004745,2017-12-24T15:57:14.937,BUY,5.248e-05,60.02262485
31004746,2017-12-24T15:57:14.937,BUY,5.249e-05,1635.90458893
31004784,2017-12-24T15:57:37.89,BUY,5.249e-05,145.57091743
31004803,2017-12-24T15:57:59.487,BUY,5.249e-05,307.65799199
31004819,2017-12-24T15:58:21.3,BUY,5.249e-05,281.6810808
31004820,2017-12-24T15:58:21.3,BUY,5.249e-05,990.26436516
31004833,2017-12-24T15:58:31.64,SELL,5.248e-05,26.91399286
31004834,2017-12-24T15:58:31.64,SELL,5.248e-05,270.42457388
31004836,2017-12-24T15:58:32.097,BUY,5.249e-05,887.47535964
31004837,2017-12-24T15:58:32.097,BUY,5.249e-05,112.52464036
31004839,2017-12-24T15:58:32.517,BUY,5.249e-05,33.04627707
31004850,2017-12-24T15:58:44.737,SELL,5.249e-05,77.52184444
31004851,2017-12-24T15:58:44.737,SELL,5.249e-05,229.26053127
31004881,2017-12-24T15:58:59.313,BUY,5.249e-05,38.00723947
31004883,2017-12-24T15:59:01.3,BUY,5.249e-05,1105.26612083
31004963,2017-12-24T15:59:45.66,BUY,5.25e-05,11509.4729842
31004965,2017-12-24T15:59:46.237,BUY,5.25e-05,380.0
31004985,2017-12-24T15:59:55.613,BUY,5.25e-05,56.96744717
31005000,2017-12-24T16:00:05.66,SELL,5.249e-05,74.33464168
31005011,2017-12-24T16:00:12.33,BUY,5.25e-05,24.75828647
31005014,2017-12-24T16:00:12.88,BUY,5.25e-05,100.53874719
31005030,2017-12-24T16:00:19.88,BUY,5.25e-05,335.44409523
31005048,2017-12-24T16:00:33.3,BUY,5.25e-05,1000.0
31005098,2017-12-24T16:01:01.833,BUY,5.25e-05,117.35423346
31005111,2017-12-24T16:01:09.693,BUY,5.25e-05,20.0
31005127,2017-12-24T16:01:17.113,BUY,5.25e-05,251.37342857
31005160,2017-12-24T16:01:41.787,BUY,5.25e-05,19.18882345
31005163,2017-12-24T16:01:45.927,BUY,5.25e-05,1000.0
31005173,2017-12-24T16:01:49.927,SELL,5.249e-05,728.31738268
31005174,2017-12-24T16:01:49.927,SELL,5.249e-05,30.0
31005175,2017-12-24T16:01:49.927,SELL,5.249e-05,241.68261732
31005179,2017-12-24T16:01:51.507,SELL,5.249e-05,91.87146202
31005215,2017-12-24T16:02:12.82,SELL,5.249e-05,59.61715671
31005235,2017-12-24T16:02:18.507,BUY,5.25e-05,2078.46491
31005254,2017-12-24T16:02:35.99,SELL,5.249e-05,300.0
31005265,2017-12-24T16:02:38.897,BUY,5.25e-05,69.97738
31005294,2017-12-24T16:02:52.32,BUY,5.25e-05,315.977122
31005296,2017-12-24T16:02:52.477,BUY,5.25e-05,651.31107
31005303,2017-12-24T16:03:03.85,SELL,5.249e-05,5958.09567193
31005304,2017-12-24T16:03:03.85,SELL,5.249e-05,38.00723947
31005305,2017-12-24T16:03:03.85,SELL,5.248e-05,367.22173709
31005306,2017-12-24T16:03:03.85,SELL,5.248e-05,148.39242522
31005307,2017-12-24T16:03:03.85,SELL,5.248e-05,200.0
31005308,2017-12-24T16:03:03.85,SELL,5.247e-05,1905.85146245
31005309,2017-12-24T16:03:03.85,SELL,5.247e-05,335.0
31005310,2017-12-24T16:03:03.85,SELL,5.246e-05,14621.89153824
31005314,2017-12-24T16:03:11.257,BUY,5.25e-05,1986.78902743
31005321,2017-12-24T16:03:17.787,SELL,5.246e-05,2732.43293281
31005352,2017-12-24T16:03:31.54,SELL,5.246e-05,1179.47704993
31005361,2017-12-24T16:03:35.24,BUY,5.25e-05,190.47619047
31005379,2017-12-24T16:03:44.79,SELL,5.246e-05,50.0
31005381,2017-12-24T16:03:45.07,BUY,5.25e-05,3866.401425
31005403,2017-12-24T16:03:54.803,BUY,5.25e-05,36.0
31005408,2017-12-24T16:03:57.053,SELL,5.246e-05,100.0
31005452,2017-12-24T16:04:15.087,SELL,5.247e-05,69.28949724
31005458,2017-12-24T16:04:16.74,BUY,5.25e-05,19.04761904
31005492,2017-12-24T16:04:32.197,BUY,5.25e-05,24.51176636
31005494,2017-12-24T16:04:32.383,BUY,5.25e-05,24.51191956
31005511,2017-12-24T16:04:36.523,BUY,5.249e-05,229.26053127
31005521,2017-12-24T16:04:39.82,BUY,5.25e-05,65.0
31005553,2017-12-24T16:05:04.977,BUY,5.249e-05,176.81447619
31005632,2017-12-24T16:05:51.57,SELL,5.247e-05,1430.71050276
31005647,2017-12-24T16:05:59.243,SELL,5.246e-05,49823.18552381
31005652,2017-12-24T16:06:03.12,SELL,5.246e-05,1940.6614786
31005663,2017-12-24T16:06:11.103,SELL,5.246e-05,2000.0
31005670,2017-12-24T16:06:20.697,SELL,5.246e-05,110.56812151
31005749,2017-12-24T16:06:57.133,BUY,5.25e-05,242.409604
31005750,2017-12-24T16:06:57.43,SELL,5.246e-05,7170.71686276
31005752,2017-12-24T16:06:57.527,BUY,5.25e-05,51.29
31005756,2017-12-24T16:06:58.167,BUY,5.249e-05,18.982041
31005758,2017-12-24T16:06:58.697,BUY,5.249e-05,599.85254898
31005759,2017-12-24T16:06:58.697,BUY,5.25e-05,1340.90745102
31005763,2017-12-24T16:06:59.557,BUY,5.25e-05,291.09
31005765,2017-12-24T16:06:59.557,BUY,5.25e-05,609.28
31005767,2017-12-24T16:06:59.853,BUY,5.25e-05,37.84
31005769,2017-12-24T16:07:01.23,BUY,5.25e-05,227.7
31005774,2017-12-24T16:07:02.993,BUY,5.25e-05,47.89
31005779,2017-12-24T16:07:04.463,BUY,5.25e-05,1904.04
31005783,2017-12-24T16:07:04.93,BUY,5.25e-05,94.61
31005800,2017-12-24T16:07:11.167,BUY,5.249e-05,59.16923948
31005801,2017-12-24T16:07:11.167,BUY,5.25e-05,48.81076052
31005812,2017-12-24T16:07:14.68,BUY,5.25e-05,952.02
31005825,2017-12-24T16:07:31.12,SELL,5.246e-05,2500.0
31005833,2017-12-24T16:07:54.87,BUY,5.25e-05,1175.16351977
31005837,2017-12-24T16:08:08.353,SELL,5.246e-05,1000.0
31005840,2017-12-24T16:08:16.7,SELL,5.246e-05,19.91635132
31005841,2017-12-24T16:08:19.65,SELL,5.246e-05,7136.45286406
31005847,2017-12-24T16:08:24.29,SELL,5.246e-05,2253.31624871
31005848,2017-12-24T16:08:24.29,SELL,5.246e-05,343.11906652
31005849,2017-12-24T16:08:24.29,SELL,5.246e-05,13.9984655
31005850,2017-12-24T16:08:24.29,SELL,5.246e-05,425.63225942
31005851,2017-12-24T16:08:24.29,SELL,5.246e-05,190.14487228
31005852,2017-12-24T16:08:24.29,SELL,5.246e-05,28.5219091
31005853,2017-12-24T16:08:24.29,SELL,5.246e-05,59.13828774
31005854,2017-12-24T16:08:24.29,SELL,5.245e-05,133.46043851
31005855,2017-12-24T16:08:24.29,SELL,5.244e-05,1007.16933828
31005856,2017-12-24T16:08:24.29,SELL,5.244e-05,500.0
31005857,2017-12-24T16:08:24.29,SELL,5.24e-05,227.15549714
31005858,2017-12-24T16:08:24.29,SELL,5.24e-05,19.03625954
31005859,2017-12-24T16:08:24.29,SELL,5.24e-05,5367.11537691
31005860,2017-12-24T16:08:24.29,SELL,5.24e-05,4363.12177571
31005861,2017-12-24T16:08:24.29,SELL,5.24e-05,19036.25954198
31005862,2017-12-24T16:08:24.29,SELL,5.235e-05,44.29439761
31005863,2017-12-24T16:08:24.29,SELL,5.234e-05,38.666759
31005864,2017-12-24T16:08:24.29,SELL,5.231e-05,1304.20727445
31005865,2017-12-24T16:08:24.29,SELL,5.219e-05,2510.846
31005866,2017-12-24T16:08:24.29,SELL,5.218e-05,244.59486393
31005867,2017-12-24T16:08:24.307,SELL,5.218e-05,110.0
31005868,2017-12-24T16:08:24.307,SELL,5.212e-05,49.39159632
31005869,2017-12-24T16:08:24.307,SELL,5.203e-05,155.47338074
31005870,2017-12-24T16:08:24.307,SELL,5.2e-05,400.0
31005871,2017-12-24T16:08:24.307,SELL,5.2e-05,191.82692308
31005872,2017-12-24T16:08:24.307,SELL,5.2e-05,7906.19324856
31005873,2017-12-24T16:08:24.307,SELL,5.2e-05,78.97
31005984,2017-12-24T16:08:47.963,BUY,5.245e-05,4806.8032359
31006010,2017-12-24T16:08:55.747,SELL,5.2e-05,96.15434615
31006014,2017-12-24T16:08:56.103,BUY,5.2e-05,87.45215987
31006017,2017-12-24T16:08:56.917,BUY,5.2e-05,38.13155386
31006021,2017-12-24T16:08:58.387,BUY,5.2e-05,87.45216
31006030,2017-12-24T16:09:00.293,BUY,5.2e-05,33.92884664
31006062,2017-12-24T16:09:08.48,SELL,5.2e-05,192.08670025
31006085,2017-12-24T16:09:15.293,BUY,5.243e-05,28.60957467
31006137,2017-12-24T16:09:30.167,BUY,5.244e-05,100.0
31006191,2017-12-24T16:10:14.53,BUY,5.244e-05,95.09056244
31006194,2017-12-24T16:10:19.61,SELL,5.204e-05,798.53728476
31006208,2017-12-24T16:10:26.077,BUY,5.204e-05,105.68793235
31006214,2017-12-24T16:10:30,BUY,5.204e-05,5054.22237693
31006227,2017-12-24T16:10:35.013,BUY,5.204e-05,192.15987701
31006238,2017-12-24T16:10:37.937,BUY,5.204e-05,22.57336343
31006244,2017-12-24T16:10:40.123,BUY,5.204e-05,211.37586471
31006246,2017-12-24T16:10:41.203,BUY,5.204e-05,192.15987701
31006251,2017-12-24T16:10:42.093,BUY,5.204e-05,74.55033178
31006265,2017-12-24T16:10:52.873,SELL,5.203e-05,12.5
31006266,2017-12-24T16:10:53.467,SELL,5.203e-05,67.29615676
31006267,2017-12-24T16:10:53.467,SELL,5.202e-05,135.21384324
31006276,2017-12-24T16:10:57.483,BUY,5.243e-05,74.55033178
31006277,2017-12-24T16:10:57.483,BUY,5.243e-05,116.18016602
31006327,2017-12-24T16:11:37.577,SELL,5.203e-05,125.0
31006387,2017-12-24T16:12:01.297,SELL,5.205e-05,4678.07396734
31006389,2017-12-24T16:12:01.92,BUY,5.203e-05,4677.15136381
31006395,2017-12-24T16:12:04.187,BUY,5.203e-05,50.0
31006399,2017-12-24T16:12:07.92,SELL,5.202e-05,58.80349488
31006402,2017-12-24T16:12:10.53,BUY,5.203e-05,502.46472063
31006445,2017-12-24T16:12:49.25,SELL,5.203e-05,4497.53527937
31006459,2017-12-24T16:12:52.55,BUY,5.203e-05,95.34706331
31006462,2017-12-24T16:12:53.8,BUY,5.203e-05,96.09840476
31006468,2017-12-24T16:12:59.44,BUY,5.203e-05,28.82952142
31006472,2017-12-24T16:13:01.08,BUY,5.203e-05,1089.63112721
31006476,2017-12-24T16:13:02.72,BUY,5.203e-05,78.82248648
31006498,2017-12-24T16:13:12.533,BUY,5.203e-05,2809.3638669
31006515,2017-12-24T16:13:18.69,BUY,5.203e-05,28.82952142
31006527,2017-12-24T16:13:22.13,BUY,5.203e-05,28.82952142
31006529,2017-12-24T16:13:22.33,BUY,5.203e-05,19.21968095
31006532,2017-12-24T16:13:23.16,SELL,5.202e-05,1078.15200433
31006544,2017-12-24T16:13:28.69,BUY,5.203e-05,115.31808571
31006552,2017-12-24T16:13:31.223,SELL,5.202e-05,124.41216466
31006554,2017-12-24T16:13:32.207,BUY,5.202e-05,163.42586175
31006569,2017-12-24T16:13:41.033,BUY,5.202e-05,125.68404103
31006570,2017-12-24T16:13:41.033,BUY,5.203e-05,12.31595897
31006585,2017-12-24T16:14:00.753,BUY,5.203e-05,376.68363063
31006586,2017-12-24T16:14:00.753,BUY,5.203e-05,49.74870955
31006587,2017-12-24T16:14:00.753,BUY,5.203e-05,150.15808841
31006589,2017-12-24T16:14:02.503,SELL,5.2e-05,333.78431504
31006593,2017-12-24T16:14:08.44,SELL,5.2e-05,16.0
31006594,2017-12-24T16:14:09.24,SELL,5.2e-05,476.68164152
31006595,2017-12-24T16:14:09.24,SELL,5.2e-05,1510.10738591
31006596,2017-12-24T16:14:12.503,SELL,5.2e-05,81.87898332
31006598,2017-12-24T16:14:18.55,SELL,5.2e-05,243.42591141
31006607,2017-12-24T16:14:36.003,BUY,5.203e-05,96.09840476
31006610,2017-12-24T16:14:40.94,SELL,5.203e-05,28.252931
31006611,2017-12-24T16:14:40.94,SELL,5.2e-05,771.747069
31006612,2017-12-24T16:14:41.067,SELL,5.2e-05,818.18533832
31006614,2017-12-24T16:14:48.99,SELL,5.2e-05,2000.0
31006616,2017-12-24T16:14:53.177,SELL,5.2e-05,14.48279312
31006625,2017-12-24T16:15:01.457,BUY,5.244e-05,22.88329519
31006648,2017-12-24T16:15:45.287,BUY,5.239e-05,95.43806069
31006689,2017-12-24T16:16:17.147,BUY,5.234e-05,18.982041
31006701,2017-12-24T16:16:23.287,SELL,5.239e-05,70.18463955
31006707,2017-12-24T16:16:27.85,BUY,5.234e-05,89.8601507
31006726,2017-12-24T16:16:42.367,SELL,5.234e-05,75.46476539
31006790,2017-12-24T16:17:47.883,SELL,5.235e-05,808.62066419
31006792,2017-12-24T16:17:48.023,BUY,5.235e-05,105.64705927
31006803,2017-12-24T16:18:11.493,SELL,5.234e-05,522.68909549
31006804,2017-12-24T16:18:11.493,SELL,5.234e-05,80.32848715
31006808,2017-12-24T16:18:29.993,SELL,5.201e-05,31.44455249
31006809,2017-12-24T16:18:29.993,SELL,5.201e-05,21.87403769
31006810,2017-12-24T16:18:29.993,SELL,5.201e-05,587.09704174
31006812,2017-12-24T16:18:30.243,BUY,5.234e-05,30.0
31006849,2017-12-24T16:19:03.463,BUY,5.234e-05,157.80995543
31006863,2017-12-24T16:19:12.293,SELL,5.201e-05,204.62451401
31006894,2017-12-24T16:19:24.823,BUY,5.234e-05,19.10584638
31006966,2017-12-24T16:20:10.67,SELL,5.201e-05,5742.90316051
31007038,2017-12-24T16:20:58.08,SELL,5.201e-05,196.3290758
31007044,2017-12-24T16:21:01.517,SELL,5.201e-05,100.0
31007048,2017-12-24T16:21:04.843,SELL,5.201e-05,293.27191359
31007079,2017-12-24T16:21:15.563,SELL,5.202e-05,691.61793708
31007080,2017-12-24T16:21:15.563,SELL,5.201e-05,493.2770936
31007103,2017-12-24T16:21:23.547,SELL,5.201e-05,662.17805822
31007125,2017-12-24T16:21:29.03,SELL,5.202e-05,50.0
31007145,2017-12-24T16:21:36.533,BUY,5.234e-05,12.68571428
31007155,2017-12-24T16:21:41.47,BUY,5.234e-05,539.24068768
31007205,2017-12-24T16:22:08.55,BUY,5.234e-05,29.26749618
31007274,2017-12-24T16:22:45.897,BUY,5.233e-05,32.24480712
31007275,2017-12-24T16:22:45.897,BUY,5.233e-05,53.74793127
31007280,2017-12-24T16:22:49.96,SELL,5.202e-05,20.25
31007308,2017-12-24T16:23:03.96,SELL,5.202e-05,161.493308
31007368,2017-12-24T16:24:09.273,BUY,5.234e-05,1028.34092438
31007369,2017-12-24T16:24:09.273,BUY,5.234e-05,736.65124317
31007370,2017-12-24T16:24:09.273,BUY,5.234e-05,88.66166317
31007376,2017-12-24T16:24:15.443,SELL,5.219e-05,28.66400832
31007377,2017-12-24T16:24:16.773,SELL,5.219e-05,1e-06
31007378,2017-12-24T16:24:16.773,SELL,5.204e-05,688.04966829
31007379,2017-12-24T16:24:16.773,SELL,5.202e-05,247.72660812
31007380,2017-12-24T16:24:16.773,SELL,5.202e-05,20.0
31007381,2017-12-24T16:24:16.773,SELL,5.202e-05,157.70302736
31007386,2017-12-24T16:24:25.397,SELL,5.219e-05,118.275111
31007395,2017-12-24T16:24:34.553,SELL,5.22e-05,49.01408241
31007417,2017-12-24T16:24:43.007,BUY,5.234e-05,21.01643102
31007425,2017-12-24T16:24:51.35,BUY,5.234e-05,313.43898564
31007477,2017-12-24T16:25:53.323,BUY,5.234e-05,1380.43675678
31007488,2017-12-24T16:26:06.023,SELL,5.23e-05,119.41274919
31007491,2017-12-24T16:26:08.71,SELL,5.22e-05,83.13723932
31007505,2017-12-24T16:26:52.027,SELL,5.22e-05,1080.51733159
31007507,2017-12-24T16:27:02.383,SELL,5.22e-05,49.9628706
31007511,2017-12-24T16:27:09.48,BUY,5.227e-05,35.91484513
31007512,2017-12-24T16:27:09.48,BUY,5.228e-05,191.08515487
31007514,2017-12-24T16:27:11.9,SELL,5.22e-05,127.973415
31007521,2017-12-24T16:27:20.073,SELL,5.22e-05,56.107251
31007530,2017-12-24T16:27:30.243,SELL,5.22e-05,151.14804
31007532,2017-12-24T16:27:32.993,SELL,5.22e-05,528.72855727
31007544,2017-12-24T16:28:05.527,SELL,5.22e-05,323.75805912
31007547,2017-12-24T16:28:13.543,BUY,5.228e-05,118.275111
31007548,2017-12-24T16:28:13.543,BUY,5.229e-05,517.60273943
31007549,2017-12-24T16:28:13.543,BUY,5.234e-05,2559.5679391
31007550,2017-12-24T16:28:13.56,BUY,5.234e-05,8136.23204752
31007551,2017-12-24T16:28:13.56,BUY,5.234e-05,170.54230815
31007553,2017-12-24T16:28:18.48,SELL,5.22e-05,1553.2235488
31007554,2017-12-24T16:28:18.48,SELL,5.22e-05,1879.69609105
31007555,2017-12-24T16:28:20.497,SELL,5.22e-05,1954.0
31007558,2017-12-24T16:28:27.777,SELL,5.22e-05,1899.06252964
31007559,2017-12-24T16:28:27.777,SELL,5.22e-05,347.84903633
31007563,2017-12-24T16:28:30.183,SELL,5.22e-05,132.57961686
31007566,2017-12-24T16:28:32.73,SELL,5.22e-05,378.17623186
31007567,2017-12-24T16:28:32.747,SELL,5.22e-05,151.70249663
31007568,2017-12-24T16:28:32.747,SELL,5.22e-05,477.73287088
31007569,2017-12-24T16:28:32.747,SELL,5.22e-05,150.18572955
31007605,2017-12-24T16:29:27.793,BUY,5.234e-05,29.45769185
31007606,2017-12-24T16:29:27.793,BUY,5.235e-05,106.02584447
31007607,2017-12-24T16:29:27.793,BUY,5.241e-05,1675.01539757
31007626,2017-12-24T16:30:08.373,SELL,5.22e-05,58.85386731
31007627,2017-12-24T16:30:08.373,SELL,5.22e-05,880.14613269
31007632,2017-12-24T16:30:15.403,BUY,5.241e-05,56.31531636
31007633,2017-12-24T16:30:15.403,BUY,5.243e-05,58.28347054
31007635,2017-12-24T16:30:18.2,SELL,5.243e-05,356.24251484
31007638,2017-12-24T16:30:30.53,BUY,5.243e-05,4400.98978638
31007645,2017-12-24T16:30:45.52,SELL,5.225e-05,57.27272727
31007655,2017-12-24T16:30:53.27,SELL,5.22e-05,72.75795596
31007656,2017-12-24T16:30:53.27,SELL,5.203e-05,804.21987604
31007662,2017-12-24T16:31:07.287,BUY,5.224e-05,28.53805073
31007663,2017-12-24T16:31:07.787,SELL,5.203e-05,15.81441263
31007664,2017-12-24T16:31:07.787,SELL,5.203e-05,100.11354469
31007665,2017-12-24T16:31:07.787,SELL,5.202e-05,512.66721068
31007692,2017-12-24T16:31:24.397,BUY,5.218e-05,191.60758766
31007702,2017-12-24T16:31:31.55,SELL,5.203e-05,38.800828
31007705,2017-12-24T16:31:32.503,SELL,5.203e-05,1030.00702071
31007710,2017-12-24T16:31:33.52,BUY,5.22e-05,68.93910379
31007728,2017-12-24T16:31:44.037,SELL,5.203e-05,848.35532638
31007733,2017-12-24T16:31:46.083,SELL,5.202e-05,44.62976196
31007734,2017-12-24T16:31:46.083,SELL,5.2e-05,727.37323804
31007749,2017-12-24T16:31:54.507,SELL,5.2e-05,2085.76421695
31007751,2017-12-24T16:31:56.52,BUY,5.203e-05,78.65099226
31007755,2017-12-24T16:31:59.71,SELL,5.203e-05,113.54581727
31007756,2017-12-24T16:31:59.71,SELL,5.2e-05,1450.77734544
31007766,2017-12-24T16:32:07.49,SELL,5.2e-05,296.25771849
31007767,2017-12-24T16:32:07.49,SELL,5.2e-05,56.96744717
31007768,2017-12-24T16:32:07.49,SELL,5.2e-05,820.01720637
31007781,2017-12-24T16:32:13.257,SELL,5.2e-05,879.93177903
31007816,2017-12-24T16:32:35.367,SELL,5.2e-05,300.0510146
31007817,2017-12-24T16:32:35.367,SELL,5.2e-05,100.34677356
31007818,2017-12-24T16:32:35.367,SELL,5.2e-05,2239.39754893
31007859,2017-12-24T16:33:00.757,SELL,5.2e-05,139.21515009
31007860,2017-12-24T16:33:00.757,SELL,5.199e-05,720.84832391
31007888,2017-12-24T16:33:22.897,SELL,5.199e-05,4895.95462776
31007892,2017-12-24T16:33:28.74,BUY,5.219e-05,31.40535902
31007902,2017-12-24T16:33:54.193,BUY,5.219e-05,22.98850574
31007907,2017-12-24T16:34:13.117,BUY,5.219e-05,556.85296972
31007916,2017-12-24T16:34:30.883,BUY,5.22e-05,223.67179454
31007917,2017-12-24T16:34:32.43,SELL,5.219e-05,119.41274919
31007931,2017-12-24T16:34:59.18,SELL,5.219e-05,572.41697892
31007958,2017-12-24T16:36:10.917,SELL,5.2e-05,812.88758872
31007967,2017-12-24T16:36:25.683,BUY,5.2e-05,298.03261078
31007968,2017-12-24T16:36:26.34,SELL,5.199e-05,20.25
31007971,2017-12-24T16:36:39.137,SELL,5.199e-05,4641.17147831
31007973,2017-12-24T16:36:44.887,SELL,5.199e-05,8908.15756656
31007974,2017-12-24T16:36:44.887,SELL,5.199e-05,29.321501
31008006,2017-12-24T16:37:10.793,BUY,5.198e-05,444.23076923
31008011,2017-12-24T16:37:15.073,SELL,5.196e-05,500.0
31008012,2017-12-24T16:37:16.37,SELL,5.193e-05,333.0
31008016,2017-12-24T16:37:20.37,BUY,5.195e-05,255.25175048
31008025,2017-12-24T16:37:25.463,SELL,5.193e-05,30.59
31008038,2017-12-24T16:37:34.747,SELL,5.193e-05,131.69755423
31008040,2017-12-24T16:37:35.73,BUY,5.192e-05,250.24061597
31008057,2017-12-24T16:38:02.39,BUY,5.195e-05,28.5219091
31008058,2017-12-24T16:38:02.39,BUY,5.195e-05,1292.14178296
31008076,2017-12-24T16:38:32.923,SELL,5.174e-05,1265.68444917
31008078,2017-12-24T16:38:33.14,BUY,5.174e-05,631.72031594
31008093,2017-12-24T16:38:38.127,BUY,5.174e-05,297.64205643
31008100,2017-12-24T16:38:40.75,BUY,5.174e-05,27.05836876
31008102,2017-12-24T16:38:41,BUY,5.174e-05,22.98850574
31008109,2017-12-24T16:38:42.203,BUY,5.174e-05,21.06687282
31008117,2017-12-24T16:38:44.063,BUY,5.174e-05,46.38577502
31008119,2017-12-24T16:38:44.313,BUY,5.174e-05,14.49555469
31008121,2017-12-24T16:38:44.58,BUY,5.174e-05,110.16621569
31008123,2017-12-24T16:38:44.83,BUY,5.174e-05,193.27406262
31008132,2017-12-24T16:38:47,BUY,5.174e-05,17.39466563
31008134,2017-12-24T16:38:47.173,BUY,5.174e-05,695.78662543
31008137,2017-12-24T16:38:47.44,BUY,5.174e-05,25.12562814
31008139,2017-12-24T16:38:47.703,BUY,5.174e-05,28.99110939
31008141,2017-12-24T16:38:48.19,BUY,5.174e-05,193.27406262
31008150,2017-12-24T16:38:50.55,BUY,5.174e-05,193.27406262
31008153,2017-12-24T16:38:50.83,BUY,5.174e-05,193.27406262
31008171,2017-12-24T16:38:55.86,BUY,5.174e-05,92.77155005
31008184,2017-12-24T16:39:00.25,BUY,5.174e-05,23.19288751
31008188,2017-12-24T16:39:01.237,BUY,5.174e-05,22457.00475841
31008200,2017-12-24T16:39:05.237,BUY,5.174e-05,291.14840376
31008234,2017-12-24T16:39:21.173,BUY,5.174e-05,241.59257827
31008246,2017-12-24T16:39:28.377,BUY,5.174e-05,10880.18613693
31008256,2017-12-24T16:39:30.517,BUY,5.174e-05,3074.88486366
31008267,2017-12-24T16:39:34.627,BUY,5.174e-05,5835.11952566
31008270,2017-12-24T16:39:35.91,BUY,5.174e-05,19.32740626
31008275,2017-12-24T16:39:36.643,BUY,5.174e-05,2307.03337726
31008308,2017-12-24T16:39:55.443,BUY,5.174e-05,17.39466563
31008325,2017-12-24T16:40:06.38,BUY,5.173e-05,28.99110939
31008340,2017-12-24T16:40:12.963,BUY,5.173e-05,783.89647933
31008344,2017-12-24T16:40:14.697,BUY,5.174e-05,707.57470409
31008375,2017-12-24T16:40:31.603,SELL,5.169e-05,770.83936131
31008382,2017-12-24T16:40:36.917,BUY,5.174e-05,2177.6093011
31008387,2017-12-24T16:40:41.42,BUY,5.173e-05,98.25759902
31008397,2017-12-24T16:40:47.013,BUY,5.173e-05,901.74240098
31008409,2017-12-24T16:40:53.733,BUY,5.174e-05,818.48382287
31008414,2017-12-24T16:40:56.28,BUY,5.174e-05,134.5871901
31008418,2017-12-24T16:41:04.56,BUY,5.174e-05,5109.70267161
31008420,2017-12-24T16:41:07.36,BUY,5.174e-05,193.27406262
31008422,2017-12-24T16:41:07.517,BUY,5.174e-05,559.3267889
31008424,2017-12-24T16:41:09.483,BUY,5.174e-05,14.49555469
31008428,2017-12-24T16:41:13.78,BUY,5.174e-05,38.65481252
31008430,2017-12-24T16:41:13.907,BUY,5.174e-05,34.78933127
31008432,2017-12-24T16:41:19.187,BUY,5.174e-05,38.65481252
31008436,2017-12-24T16:41:22.593,BUY,5.174e-05,28.99110939
31008438,2017-12-24T16:41:32.343,BUY,5.174e-05,48.31851565
31008440,2017-12-24T16:41:32.53,BUY,5.174e-05,67.48359098
31008442,2017-12-24T16:41:33.8,BUY,5.174e-05,4831.85156551
31008443,2017-12-24T16:41:37.487,SELL,5.169e-05,1033.3131899
31008444,2017-12-24T16:41:37.487,SELL,5.169e-05,118.34465366
31008445,2017-12-24T16:41:47.47,SELL,5.169e-05,281.88256849
31008447,2017-12-24T16:42:10.91,SELL,5.169e-05,99.77277785
31008448,2017-12-24T16:42:10.91,SELL,5.169e-05,193.4615176
31008449,2017-12-24T16:42:10.91,SELL,5.169e-05,305.20950477
31008451,2017-12-24T16:42:16.24,BUY,5.169e-05,132.30051202
31008453,2017-12-24T16:42:18.973,BUY,5.169e-05,57.99342741
31008454,2017-12-24T16:42:23.223,SELL,5.159e-05,19.27908775
31008455,2017-12-24T16:42:23.223,SELL,5.159e-05,10.72091225
31008457,2017-12-24T16:42:29.63,BUY,5.169e-05,184.78427154
31008458,2017-12-24T16:42:29.63,BUY,5.169e-05,2378.61269902
31008459,2017-12-24T16:42:29.63,BUY,5.169e-05,193.4615176
31008463,2017-12-24T16:42:30.6,BUY,5.173e-05,22.64381918
31008464,2017-12-24T16:42:30.6,BUY,5.174e-05,74.08668962
31008467,2017-12-24T16:42:31.757,SELL,5.169e-05,12.8876046
31008476,2017-12-24T16:42:37.287,SELL,5.169e-05,40.0
31008486,2017-12-24T16:42:44.287,BUY,5.174e-05,287.0407
31008495,2017-12-24T16:42:48.38,SELL,5.169e-05,9607.39527095
31008500,2017-12-24T16:42:51.367,SELL,5.169e-05,45.62565
31008502,2017-12-24T16:42:58.6,BUY,5.174e-05,144.95554696
31008505,2017-12-24T16:43:02.71,BUY,5.174e-05,17.39466563
31008508,2017-12-24T16:43:02.897,BUY,5.174e-05,938.00914491
31008510,2017-12-24T16:43:03.49,BUY,5.174e-05,938.00914491
31008514,2017-12-24T16:43:08.553,BUY,5.174e-05,502.51256281
31008516,2017-12-24T16:43:09.913,BUY,5.174e-05,90.0
31008520,2017-12-24T16:43:24.49,BUY,5.174e-05,240.37297556
31008522,2017-12-24T16:43:27.227,BUY,5.174e-05,17.32044068
31008525,2017-12-24T16:43:54.663,BUY,5.174e-05,96.39543873
31008526,2017-12-24T16:43:54.977,SELL,5.169e-05,793.5473175
31008527,2017-12-24T16:43:54.977,SELL,5.169e-05,281.67480312
31008528,2017-12-24T16:43:54.977,SELL,5.159e-05,19.27908775
31008529,2017-12-24T16:43:54.977,SELL,5.159e-05,204.0591485
31008530,2017-12-24T16:43:54.977,SELL,5.158e-05,238.59131446
31008531,2017-12-24T16:43:54.977,SELL,5.158e-05,1465.96723052
31008532,2017-12-24T16:43:54.977,SELL,5.152e-05,124.07259317
31008533,2017-12-24T16:43:54.977,SELL,5.151e-05,290.47939267
31008534,2017-12-24T16:43:54.977,SELL,5.15e-05,25.0
31008535,2017-12-24T16:43:54.977,SELL,5.15e-05,11007.24863883
31008536,2017-12-24T16:43:54.977,SELL,5.147e-05,173.26190014
31008537,2017-12-24T16:43:54.977,SELL,5.145e-05,142.7414966
31008538,2017-12-24T16:43:54.977,SELL,5.142e-05,222.55153637
31008539,2017-12-24T16:43:54.977,SELL,5.141e-05,45.0
31008540,2017-12-24T16:43:54.977,SELL,5.137e-05,201.17013287
31008541,2017-12-24T16:43:54.977,SELL,5.136e-05,58.53231919
31008542,2017-12-24T16:43:54.977,SELL,5.12e-05,234.856024
31008543,2017-12-24T16:43:54.977,SELL,5.106e-05,1848.22291601
31008544,2017-12-24T16:43:54.977,SELL,5.105e-05,1582.24426983
31008545,2017-12-24T16:43:54.977,SELL,5.102e-05,1738.94817168
31008546,2017-12-24T16:43:54.977,SELL,5.101e-05,100000.0
31008550,2017-12-24T16:43:55.85,BUY,5.101e-05,1745.081137
31008553,2017-12-24T16:43:55.99,BUY,5.101e-05,1847.26419259
31008555,2017-12-24T16:43:56.257,BUY,5.101e-05,1954.079748
31008557,2017-12-24T16:43:56.273,BUY,5.101e-05,414.110917
31008563,2017-12-24T16:43:56.693,BUY,5.101e-05,1491.184874
31008568,2017-12-24T16:43:57.053,BUY,5.101e-05,95.58881031
31008577,2017-12-24T16:43:58.553,BUY,5.101e-05,194.526
31008578,2017-12-24T16:43:59.053,SELL,5.1e-05,100.0
31008579,2017-12-24T16:43:59.053,SELL,5.1e-05,377.56712758
31008580,2017-12-24T16:43:59.193,SELL,5.1e-05,20.56701031
31008582,2017-12-24T16:44:00.413,BUY,5.101e-05,34.61809712
31008584,2017-12-24T16:44:01.117,BUY,5.101e-05,34.61809712
31008586,2017-12-24T16:44:01.57,BUY,5.101e-05,1722.32641294
31008588,2017-12-24T16:44:04.007,BUY,5.101e-05,25.12562814
31008591,2017-12-24T16:44:05.773,BUY,5.101e-05,23.52479905
31008594,2017-12-24T16:44:07.07,BUY,5.101e-05,115.31808571
31008596,2017-12-24T16:44:07.65,SELL,5.1e-05,304.66551897
31008597,2017-12-24T16:44:07.65,SELL,5.1e-05,14.9887047
31008598,2017-12-24T16:44:07.65,SELL,5.1e-05,157.91290391
31008600,2017-12-24T16:44:08.243,BUY,5.101e-05,196.03999215
31008602,2017-12-24T16:44:08.6,BUY,5.101e-05,115.00210973
31008604,2017-12-24T16:44:08.697,BUY,5.101e-05,392.07998431
31008606,2017-12-24T16:44:10.507,BUY,5.101e-05,49.00999803
31008608,2017-12-24T16:44:10.79,BUY,5.101e-05,156.83199372
31008610,2017-12-24T16:44:11.023,BUY,5.101e-05,196.03999215
31008611,2017-12-24T16:44:11.82,SELL,5.1e-05,17.32044068
31008614,2017-12-24T16:44:12.4,BUY,5.101e-05,96.09840476
31008617,2017-12-24T16:44:13.273,BUY,5.101e-05,45.14672686
31008620,2017-12-24T16:44:14.133,BUY,5.101e-05,392.07998431
31008623,2017-12-24T16:44:14.633,BUY,5.101e-05,313.66398745
31008626,2017-12-24T16:44:15.133,BUY,5.101e-05,45.97701148
31008628,2017-12-24T16:44:15.617,BUY,5.101e-05,116.06337624
31008630,2017-12-24T16:44:16.053,BUY,5.101e-05,116.06337624
31008633,2017-12-24T16:44:18.82,BUY,5.101e-05,29.69301049
31008635,2017-12-24T16:44:19.413,BUY,5.101e-05,170.27357076
31008639,2017-12-24T16:44:21.96,SELL,5.101e-05,25.76692139
31008640,2017-12-24T16:44:21.96,SELL,5.101e-05,96.61549936
31008646,2017-12-24T16:44:24.413,BUY,5.101e-05,88.90327305
31008648,2017-12-24T16:44:25.773,BUY,5.101e-05,57.69456969
31008650,2017-12-24T16:44:25.837,BUY,5.101e-05,143.96742304
31008653,2017-12-24T16:44:26.697,SELL,5.101e-05,52.07306911
31008654,2017-12-24T16:44:26.697,SELL,5.1e-05,30.58693089
31008656,2017-12-24T16:44:27.053,BUY,5.105e-05,214.8395434
31008671,2017-12-24T16:44:33.4,BUY,5.15e-05,26.63946588
31008724,2017-12-24T16:44:42.93,BUY,5.167e-05,29.01915264
31008737,2017-12-24T16:44:45.603,BUY,5.167e-05,145.123839
31008742,2017-12-24T16:44:47.413,BUY,5.167e-05,96.749226
31008745,2017-12-24T16:44:49.04,BUY,5.167e-05,57.91561835
31008746,2017-12-24T16:44:49.04,BUY,5.167e-05,46.43962848
31008748,2017-12-24T16:44:49.15,BUY,5.167e-05,38.70718018
31008750,2017-12-24T16:44:49.273,BUY,5.167e-05,57.91561835
31008752,2017-12-24T16:44:50.057,BUY,5.167e-05,96.749226
31008754,2017-12-24T16:44:51.79,BUY,5.167e-05,164.47368421
31008757,2017-12-24T16:44:51.93,BUY,5.167e-05,580.49535603
31008759,2017-12-24T16:44:54.18,BUY,5.166e-05,58.06077027
31008761,2017-12-24T16:44:55.447,BUY,5.166e-05,52.25469324
31008763,2017-12-24T16:44:55.523,BUY,5.166e-05,65.8022063
31008771,2017-12-24T16:44:59.273,BUY,5.166e-05,46.44861621
31008776,2017-12-24T16:45:03.663,SELL,5.151e-05,154.72328627
31008777,2017-12-24T16:45:03.663,SELL,5.15e-05,12.19548557
31008778,2017-12-24T16:45:03.663,SELL,5.15e-05,111.87680716
31008798,2017-12-24T16:45:20.243,SELL,5.166e-05,30.83740623
31008804,2017-12-24T16:45:24.12,SELL,5.166e-05,129.64789955
31008811,2017-12-24T16:45:31.463,BUY,5.169e-05,23.20185614
31008815,2017-12-24T16:45:35.087,BUY,5.171e-05,32.86294219
31008846,2017-12-24T16:45:51.073,BUY,5.164e-05,34.25144352
31008885,2017-12-24T16:46:25.853,BUY,5.171e-05,773.5447689
31008887,2017-12-24T16:46:32.213,SELL,5.164e-05,204.87865753
31008895,2017-12-24T16:46:41.887,SELL,5.151e-05,49.00999803
31008900,2017-12-24T16:46:43.963,SELL,5.151e-05,47.81646619
31008904,2017-12-24T16:46:54.573,BUY,5.157e-05,228.63786087
31008907,2017-12-24T16:46:58.057,BUY,5.155e-05,28.82952142
31008909,2017-12-24T16:46:59.12,BUY,5.154e-05,95.54394868
31008913,2017-12-24T16:47:02.963,BUY,5.154e-05,68.93910379
31008915,2017-12-24T16:47:03.45,BUY,5.154e-05,95.43806069
31008917,2017-12-24T16:47:04.62,BUY,5.153e-05,23.26934264
31008918,2017-12-24T16:47:07.463,SELL,5.15e-05,125.97387692
31008920,2017-12-24T16:47:09.307,BUY,5.151e-05,21.07739266
31008921,2017-12-24T16:47:09.307,BUY,5.152e-05,2.19194998
31008923,2017-12-24T16:47:13.81,SELL,5.15e-05,55.8952465
31008924,2017-12-24T16:47:13.81,SELL,5.15e-05,1000.0
31008933,2017-12-24T16:47:34.653,BUY,5.146e-05,85.99273839
31008935,2017-12-24T16:47:35.293,BUY,5.146e-05,23.31455216
31008937,2017-12-24T16:47:35.463,BUY,5.146e-05,25.25743151
31008943,2017-12-24T16:47:42.573,BUY,5.145e-05,194.25019425
31008945,2017-12-24T16:47:42.667,BUY,5.145e-05,25.25743151
31008952,2017-12-24T16:48:12.06,SELL,5.105e-05,81.56606851
31008961,2017-12-24T16:48:34.607,BUY,5.145e-05,132.30051202
31008963,2017-12-24T16:48:52.843,SELL,5.145e-05,250.0
31008966,2017-12-24T16:49:01.45,BUY,5.148e-05,58.27505827
31008968,2017-12-24T16:49:02.437,BUY,5.147e-05,194.25019425
31008969,2017-12-24T16:49:06.467,SELL,5.145e-05,6.42640731
31008973,2017-12-24T16:49:11.577,BUY,5.145e-05,20.0
31008975,2017-12-24T16:49:14.747,SELL,5.148e-05,77.12509712
31008983,2017-12-24T16:49:25.14,BUY,5.146e-05,133.25195225
31008990,2017-12-24T16:49:31.34,BUY,5.144e-05,194.28793471
31008993,2017-12-24T16:49:34.687,SELL,5.101e-05,44.34037431
31008994,2017-12-24T16:49:34.687,SELL,5.101e-05,800.0
31008998,2017-12-24T16:49:38.873,BUY,5.101e-05,120.09488
31009000,2017-12-24T16:49:39.077,BUY,5.101e-05,119.51331153
31009003,2017-12-24T16:49:42.343,BUY,5.101e-05,28.43113739
31009005,2017-12-24T16:49:45.513,BUY,5.101e-05,111.23521889
31009009,2017-12-24T16:49:50.123,BUY,5.101e-05,99.93959298
31009011,2017-12-24T16:49:51.2,BUY,5.101e-05,212.345
31009013,2017-12-24T16:49:51.263,BUY,5.101e-05,212.345
31009015,2017-12-24T16:49:52.467,BUY,5.101e-05,17.53311291
31009017,2017-12-24T16:49:54.827,BUY,5.101e-05,294.05998823
31009019,2017-12-24T16:49:57.03,BUY,5.101e-05,228.136
31009022,2017-12-24T16:49:57.61,BUY,5.101e-05,84.494
31009024,2017-12-24T16:49:59.11,BUY,5.101e-05,55.93250135
31009026,2017-12-24T16:50:00.2,BUY,5.101e-05,132.36992987
31009036,2017-12-24T16:50:07.14,BUY,5.101e-05,2.07433669
31009037,2017-12-24T16:50:07.14,BUY,5.101e-05,13.9984655
31009043,2017-12-24T16:50:11.687,BUY,5.144e-05,174.96111975
31009045,2017-12-24T16:50:12.123,BUY,5.144e-05,106.71368337
31009047,2017-12-24T16:50:12.717,SELL,5.143e-05,372.80528452
31009048,2017-12-24T16:50:12.717,SELL,5.101e-05,156.83199372
31009049,2017-12-24T16:50:12.717,SELL,5.101e-05,588.11997647
31009050,2017-12-24T16:50:12.717,SELL,5.1e-05,63.74099511
31009051,2017-12-24T16:50:12.717,SELL,5.1e-05,136.76475477
31009053,2017-12-24T16:50:13.843,BUY,5.1e-05,40.82426127
31009055,2017-12-24T16:50:14.577,BUY,5.1e-05,583.2037325
31009057,2017-12-24T16:50:15.53,BUY,5.1e-05,58.32037325
31009059,2017-12-24T16:50:16.327,BUY,5.1e-05,29.16018662
31009062,2017-12-24T16:50:17.14,BUY,5.1e-05,29.16018662
31009065,2017-12-24T16:50:17.36,BUY,5.1e-05,191.60758765
31009067,2017-12-24T16:50:18.453,BUY,5.1e-05,23.3281493
31009069,2017-12-24T16:50:18.75,BUY,5.1e-05,77.76049766
31009071,2017-12-24T16:50:18.827,BUY,5.1e-05,194.40124416
31009073,2017-12-24T16:50:19.217,BUY,5.1e-05,102.02469869
31009075,2017-12-24T16:50:20.89,BUY,5.1e-05,57.65904284
31009077,2017-12-24T16:50:22.06,BUY,5.1e-05,97.20062208
31009079,2017-12-24T16:50:23.657,BUY,5.1e-05,194.40124416
31009084,2017-12-24T16:50:31.39,BUY,5.1e-05,1145.88664443
31009090,2017-12-24T16:50:46.017,BUY,5.142e-05,85.48669127
31009092,2017-12-24T16:50:46.737,BUY,5.141e-05,141.08352144
31009094,2017-12-24T16:50:47.173,BUY,5.141e-05,29.16018662
31009096,2017-12-24T16:50:48.487,BUY,5.14e-05,97.25734292
31009098,2017-12-24T16:50:51.173,BUY,5.14e-05,31.11629716
31009100,2017-12-24T16:50:54.157,BUY,5.14e-05,38.89537145
31009102,2017-12-24T16:50:59.767,BUY,5.14e-05,31.12234973
31009104,2017-12-24T16:51:01.267,BUY,5.14e-05,68.09338521
31009106,2017-12-24T16:51:01.767,BUY,5.14e-05,77.82101167
31009108,2017-12-24T16:51:04.313,BUY,5.14e-05,389.10505836
31009110,2017-12-24T16:51:04.97,BUY,5.14e-05,48.63813229
31009112,2017-12-24T16:51:07.923,BUY,5.14e-05,38.91050583
31009114,2017-12-24T16:51:09,BUY,5.14e-05,112.84046692
31009116,2017-12-24T16:51:09.267,BUY,5.14e-05,58.36575875
31009118,2017-12-24T16:51:13.58,BUY,5.13e-05,19.49317738
31009120,2017-12-24T16:51:23.27,BUY,5.13e-05,1929.44756283
31009130,2017-12-24T16:51:35.003,SELL,5.13e-05,700.0
31009131,2017-12-24T16:51:35.207,SELL,5.13e-05,1810.66438574
31009133,2017-12-24T16:51:36.63,BUY,5.14e-05,29.18287937
31009134,2017-12-24T16:51:46.253,SELL,5.13e-05,433.1823984
31009136,2017-12-24T16:51:57.333,BUY,5.13e-05,233.91812865
31009138,2017-12-24T16:52:01.037,BUY,5.13e-05,355.39893844
31009139,2017-12-24T16:52:01.037,BUY,5.13e-05,1166.83109601
31009140,2017-12-24T16:52:01.037,BUY,5.13e-05,433.1823984
31009143,2017-12-24T16:52:05.613,SELL,5.13e-05,4440.55033465
31009145,2017-12-24T16:52:10.3,SELL,5.13e-05,6437.37056583
31009161,2017-12-24T16:52:16.427,BUY,5.13e-05,19.45525291
31009184,2017-12-24T16:52:25.003,BUY,5.13e-05,974.65886939
31009190,2017-12-24T16:52:26.193,BUY,5.13e-05,29.18287937
31009198,2017-12-24T16:52:53.193,BUY,5.13e-05,974.65886939
31009202,2017-12-24T16:53:02.49,BUY,5.13e-05,194.93177387
31009208,2017-12-24T16:53:08.913,BUY,5.13e-05,194.93
31009212,2017-12-24T16:53:16.27,BUY,5.13e-05,46.78362573
31009226,2017-12-24T16:53:27.38,BUY,5.13e-05,44.83430799
31009244,2017-12-24T16:53:47.507,BUY,5.14e-05,54.47470817
31009260,2017-12-24T16:54:00.07,BUY,5.14e-05,194.55252918
31009265,2017-12-24T16:54:05.897,BUY,5.14e-05,291.82879377
31009267,2017-12-24T16:54:15.523,BUY,5.14e-05,23.3463035
31009360,2017-12-24T16:55:53.947,BUY,5.14e-05,97.27676459
31009446,2017-12-24T16:56:57.213,BUY,5.14e-05,13.61867704
31009450,2017-12-24T16:56:57.947,BUY,5.14e-05,96.71606419
31009451,2017-12-24T16:56:57.947,BUY,5.14e-05,97.83646499
31009467,2017-12-24T16:57:14.933,BUY,5.14e-05,431.40296275
31009468,2017-12-24T16:57:14.933,BUY,5.14e-05,80.0
31009469,2017-12-24T16:57:14.933,BUY,5.14e-05,39.53465052
31009470,2017-12-24T16:57:14.933,BUY,5.14e-05,397.74142104
31009474,2017-12-24T16:57:16.79,SELL,5.14e-05,130.43307393
31009475,2017-12-24T16:57:18.79,SELL,5.14e-05,463.99560541
31009479,2017-12-24T16:57:19.667,BUY,5.145e-05,69.97084548
31009480,2017-12-24T16:57:19.98,SELL,5.14e-05,329.04099702
31009493,2017-12-24T16:57:28.713,SELL,5.14e-05,526.87008475
31009519,2017-12-24T16:58:04.84,BUY,5.145e-05,134.08830302
31009520,2017-12-24T16:58:04.84,BUY,5.145e-05,932.48733468
31009521,2017-12-24T16:58:04.84,BUY,5.148e-05,0.4243623
31009527,2017-12-24T16:58:10.073,BUY,5.148e-05,67.0
31009544,2017-12-24T16:58:36.92,BUY,5.148e-05,164.01130042
31009548,2017-12-24T16:58:38.107,BUY,5.148e-05,116.55011655
31009579,2017-12-24T16:59:11.56,BUY,5.148e-05,350.01422073
31009580,2017-12-24T16:59:14.047,SELL,5.148e-05,149.98577927
31009582,2017-12-24T16:59:15.81,BUY,5.148e-05,14.02552115
31009593,2017-12-24T16:59:24.737,SELL,5.148e-05,2.64395512
31009630,2017-12-24T17:00:17.19,SELL,5.148e-05,94.55666696
31009639,2017-12-24T17:00:26.817,BUY,5.154e-05,155.21924718
31009643,2017-12-24T17:00:37.44,BUY,5.153e-05,291.09256743
31009646,2017-12-24T17:00:49.597,BUY,5.153e-05,97.03135581
31009648,2017-12-24T17:00:52.583,BUY,5.153e-05,58.21851348
31009650,2017-12-24T17:00:57.333,BUY,5.153e-05,726.87238055
31009651,2017-12-24T17:01:01.99,SELL,5.148e-05,43.22098601
31009659,2017-12-24T17:01:11.833,BUY,5.148e-05,250.0
31009661,2017-12-24T17:01:18.303,BUY,5.148e-05,497.49962697
31009669,2017-12-24T17:02:04.977,BUY,5.153e-05,746.78518273
31009670,2017-12-24T17:02:04.977,BUY,5.153e-05,399.53847708
31009671,2017-12-24T17:02:11.787,SELL,5.153e-05,13.10897301
31009672,2017-12-24T17:02:13.88,SELL,5.153e-05,2424.47149222
31009675,2017-12-24T17:02:41.053,SELL,5.153e-05,1582.24426983
31009678,2017-12-24T17:02:56.477,SELL,5.153e-05,1206.53043
31009680,2017-12-24T17:03:00.43,BUY,5.154e-05,38.80481179
31009684,2017-12-24T17:03:24.26,BUY,5.154e-05,110.59371362
31009687,2017-12-24T17:03:29.667,BUY,5.154e-05,56.3532394
31009688,2017-12-24T17:03:29.667,BUY,5.154e-05,96.92576719
31009693,2017-12-24T17:03:40.277,SELL,5.153e-05,4495.861376
31009712,2017-12-24T17:03:50.573,BUY,5.154e-05,457.24089948
31009713,2017-12-24T17:03:50.573,BUY,5.154e-05,16.66947627
31009714,2017-12-24T17:03:50.573,BUY,5.154e-05,726.08962425
31009744,2017-12-24T17:04:11.54,SELL,5.153e-05,196.04049215
31009753,2017-12-24T17:04:15.993,BUY,5.154e-05,194.06
31009755,2017-12-24T17:04:16.027,BUY,5.154e-05,19.41
31009757,2017-12-24T17:04:16.04,BUY,5.154e-05,191.61637405
31009758,2017-12-24T17:04:16.04,BUY,5.154e-05,2.44362595
31009760,2017-12-24T17:04:16.057,BUY,5.154e-05,12.55637405
31009779,2017-12-24T17:04:16.387,BUY,5.171e-05,970.31
31009785,2017-12-24T17:04:16.45,BUY,5.171e-05,970.31
31009810,2017-12-24T17:04:16.76,BUY,5.171e-05,582.19
31009820,2017-12-24T17:04:16.853,BUY,5.171e-05,97.03
31009836,2017-12-24T17:04:17.01,BUY,5.171e-05,29.11
31009860,2017-12-24T17:04:17.7,BUY,5.172e-05,32.99
31009864,2017-12-24T17:04:17.79,BUY,5.172e-05,19.41
31009866,2017-12-24T17:04:17.853,BUY,5.172e-05,97.03
31009873,2017-12-24T17:04:18.387,BUY,5.172e-05,97.03
31009875,2017-12-24T17:04:18.65,SELL,5.171e-05,97.03
31009876,2017-12-24T17:04:18.65,SELL,5.171e-05,0.45331873
31009879,2017-12-24T17:04:18.963,BUY,5.172e-05,38.81
31009881,2017-12-24T17:04:19.12,BUY,5.172e-05,21.35
31009884,2017-12-24T17:04:19.9,BUY,5.172e-05,97.03
31009887,2017-12-24T17:04:19.98,SELL,5.171e-05,38.35668127
31009888,2017-12-24T17:04:19.98,SELL,5.171e-05,38.81
31009889,2017-12-24T17:04:19.98,SELL,5.171e-05,381.28303319
31009894,2017-12-24T17:04:22.417,BUY,5.172e-05,110.1795025
31009895,2017-12-24T17:04:22.417,BUY,5.173e-05,472.0104975
31009899,2017-12-24T17:04:25.713,BUY,5.173e-05,97.03
31009901,2017-12-24T17:04:25.963,BUY,5.173e-05,97.03
31009904,2017-12-24T17:04:28.433,BUY,5.173e-05,53.77000708
31009905,2017-12-24T17:04:28.433,BUY,5.174e-05,139.53999292
31009908,2017-12-24T17:04:35.043,BUY,5.174e-05,32.74913094
31009910,2017-12-24T17:04:39.65,SELL,5.171e-05,57.69456969
31009913,2017-12-24T17:05:05.607,BUY,5.174e-05,21.9632251
31009928,2017-12-24T17:05:58.62,SELL,5.171e-05,15.0
31009941,2017-12-24T17:06:24.327,SELL,5.171e-05,322.27239712
31009942,2017-12-24T17:06:24.327,SELL,5.171e-05,194.06
31009943,2017-12-24T17:06:24.327,SELL,5.171e-05,174.66
31009944,2017-12-24T17:06:24.327,SELL,5.171e-05,15.52
31009945,2017-12-24T17:06:24.327,SELL,5.171e-05,19.41
31009946,2017-12-24T17:06:24.327,SELL,5.171e-05,97.03
31009947,2017-12-24T17:06:24.327,SELL,5.171e-05,97.03
31009948,2017-12-24T17:06:24.327,SELL,5.171e-05,80.01760288
31009957,2017-12-24T17:06:31.64,BUY,5.174e-05,29.11
31010017,2017-12-24T17:07:09.937,BUY,5.174e-05,858.09712286
31010048,2017-12-24T17:07:32.123,BUY,5.173e-05,27.5187086
31010050,2017-12-24T17:07:34.36,SELL,5.171e-05,17.01239712
31010051,2017-12-24T17:07:34.373,SELL,5.171e-05,97.03
31010052,2017-12-24T17:07:34.373,SELL,5.171e-05,35.95760288
31010069,2017-12-24T17:07:46.81,BUY,5.174e-05,38.65481252
31010110,2017-12-24T17:08:29.657,BUY,5.173e-05,17.47
31010112,2017-12-24T17:08:31.063,BUY,5.173e-05,85.61146694
31010113,2017-12-24T17:08:31.063,BUY,5.174e-05,215.28953605
31010144,2017-12-24T17:08:45.127,BUY,5.174e-05,600.0
31010176,2017-12-24T17:09:00,BUY,5.174e-05,3777.42385435
31010218,2017-12-24T17:09:19.907,BUY,5.173e-05,90.0
31010262,2017-12-24T17:09:43.69,SELL,5.173e-05,31.9582658
31010285,2017-12-24T17:09:54.877,BUY,5.174e-05,8935.41930698
31010310,2017-12-24T17:10:07.61,BUY,5.174e-05,1179.41213171
31010313,2017-12-24T17:10:08.317,BUY,5.174e-05,246.6895563
31010317,2017-12-24T17:10:10.22,BUY,5.174e-05,127.67220181
31010334,2017-12-24T17:10:16.77,BUY,5.174e-05,12.47193814
31010343,2017-12-24T17:10:18.47,BUY,5.174e-05,496.05132896
31010346,2017-12-24T17:10:19.457,BUY,5.174e-05,50.0
31010397,2017-12-24T17:10:37.88,BUY,5.174e-05,12.47193814
31010400,2017-12-24T17:10:38.47,SELL,5.173e-05,125.15915765
31010455,2017-12-24T17:11:01.503,BUY,5.173e-05,12.47193814
31010483,2017-12-24T17:11:12.973,SELL,5.171e-05,22.26239712
31010484,2017-12-24T17:11:12.973,SELL,5.171e-05,192.79087746
31010485,2017-12-24T17:11:12.973,SELL,5.171e-05,19.4
31010486,2017-12-24T17:11:12.973,SELL,5.171e-05,279.0
31010510,2017-12-24T17:11:22.27,SELL,5.155e-05,109.01552753
31010517,2017-12-24T17:11:26.597,SELL,5.155e-05,11.1428544
31010533,2017-12-24T17:11:37.957,SELL,5.154e-05,26.25362595
31010534,2017-12-24T17:11:37.957,SELL,5.154e-05,40.36401731
31010551,2017-12-24T17:11:46.317,SELL,5.154e-05,76.07598269
31010552,2017-12-24T17:11:46.317,SELL,5.154e-05,194.06
31010553,2017-12-24T17:11:46.317,SELL,5.154e-05,19.41
31010554,2017-12-24T17:11:46.317,SELL,5.154e-05,38.81
31010555,2017-12-24T17:11:46.317,SELL,5.154e-05,19.41
31010556,2017-12-24T17:11:46.317,SELL,5.154e-05,77.62
31010557,2017-12-24T17:11:46.317,SELL,5.154e-05,58.22
31010558,2017-12-24T17:11:46.317,SELL,5.154e-05,29.11
31010559,2017-12-24T17:11:46.317,SELL,5.154e-05,77.62
31010560,2017-12-24T17:11:46.317,SELL,5.154e-05,29.11
31010561,2017-12-24T17:11:46.317,SELL,5.154e-05,21.35
31010562,2017-12-24T17:11:46.317,SELL,5.154e-05,38.81
31010563,2017-12-24T17:11:46.317,SELL,5.154e-05,23.29
31010564,2017-12-24T17:11:46.317,SELL,5.154e-05,58.22
31010565,2017-12-24T17:11:46.317,SELL,5.154e-05,48.52
31010566,2017-12-24T17:11:46.317,SELL,5.154e-05,29.11
31010567,2017-12-24T17:11:46.317,SELL,5.154e-05,21.35
31010568,2017-12-24T17:11:46.317,SELL,5.154e-05,194.06
31010569,2017-12-24T17:11:46.317,SELL,5.154e-05,291.09
31010570,2017-12-24T17:11:46.333,SELL,5.154e-05,23.29
31010571,2017-12-24T17:11:46.333,SELL,5.154e-05,29.11
31010572,2017-12-24T17:11:46.333,SELL,5.154e-05,21.35
31010573,2017-12-24T17:11:46.333,SELL,5.154e-05,19.41
31010574,2017-12-24T17:11:46.333,SELL,5.154e-05,58.22
31010575,2017-12-24T17:11:46.333,SELL,5.154e-05,46.02047049
31010585,2017-12-24T17:11:52.253,BUY,5.17e-05,316.67943481
31010639,2017-12-24T17:12:12.99,SELL,5.155e-05,125.0
31010675,2017-12-24T17:12:29.91,SELL,5.155e-05,68.98692095
31010676,2017-12-24T17:12:29.91,SELL,5.154e-05,148.03952951
31010677,2017-12-24T17:12:29.91,SELL,5.154e-05,194.06
31010678,2017-12-24T17:12:29.91,SELL,5.154e-05,19.41
31010679,2017-12-24T17:12:29.91,SELL,5.154e-05,194.06
31010680,2017-12-24T17:12:29.91,SELL,5.154e-05,38.81
31010681,2017-12-24T17:12:29.91,SELL,5.154e-05,19.41
31010682,2017-12-24T17:12:29.91,SELL,5.154e-05,58.22
31010683,2017-12-24T17:12:29.91,SELL,5.154e-05,38.81
31010684,2017-12-24T17:12:29.91,SELL,5.154e-05,19.41
31010685,2017-12-24T17:12:29.91,SELL,5.154e-05,38.81
31010686,2017-12-24T17:12:29.91,SELL,5.154e-05,19.41
31010687,2017-12-24T17:12:29.91,SELL,5.154e-05,29.11
31010688,2017-12-24T17:12:29.91,SELL,5.154e-05,97.03
31010689,2017-12-24T17:12:29.91,SELL,5.154e-05,19.41
31010690,2017-12-24T17:12:29.91,SELL,5.154e-05,388.12
31010691,2017-12-24T17:12:29.91,SELL,5.154e-05,19.41
31010692,2017-12-24T17:12:29.91,SELL,5.154e-05,38.81
31010693,2017-12-24T17:12:29.91,SELL,5.154e-05,29.11
31010694,2017-12-24T17:12:29.91,SELL,5.154e-05,194.06
31010695,2017-12-24T17:12:29.91,SELL,5.154e-05,58.22
31010696,2017-12-24T17:12:29.91,SELL,5.154e-05,77.62
31010697,2017-12-24T17:12:29.91,SELL,5.154e-05,253.55664387
31010707,2017-12-24T17:12:34.897,BUY,5.169e-05,21.62442329
31010708,2017-12-24T17:12:34.897,BUY,5.17e-05,171.16645417
31010761,2017-12-24T17:13:18.227,BUY,5.169e-05,200.0
31010762,2017-12-24T17:13:18.227,BUY,5.17e-05,12.15411102
31010763,2017-12-24T17:13:18.227,BUY,5.17e-05,250.0
31010764,2017-12-24T17:13:18.227,BUY,5.17e-05,358.66231985
31010847,2017-12-24T17:14:04.93,BUY,5.17e-05,641.33768015
31010848,2017-12-24T17:14:04.93,BUY,5.17e-05,600.0
31010849,2017-12-24T17:14:04.93,BUY,5.17e-05,500.0
31010853,2017-12-24T17:14:07.54,BUY,5.173e-05,448.83
31010865,2017-12-24T17:14:11.07,BUY,5.173e-05,45.9333
31010870,2017-12-24T17:14:11.93,BUY,5.173e-05,5.2367
31010879,2017-12-24T17:14:16.1,BUY,5.174e-05,41896.418
31010880,2017-12-24T17:14:16.913,SELL,5.17e-05,150.58057318
31010885,2017-12-24T17:14:18.087,BUY,5.174e-05,3442.273726
31010886,2017-12-24T17:14:18.087,BUY,5.174e-05,150.0
31010887,2017-12-24T17:14:18.087,BUY,5.174e-05,18.82075472
31010888,2017-12-24T17:14:18.087,BUY,5.174e-05,676.58491928
31010894,2017-12-24T17:14:19.337,BUY,5.174e-05,488.82773611
31010905,2017-12-24T17:14:21.76,BUY,5.197e-05,31.23213985
31010918,2017-12-24T17:14:24.65,BUY,5.219e-05,7.42449654
31010929,2017-12-24T17:14:26.82,BUY,5.22e-05,8765.0244
31010937,2017-12-24T17:14:27.663,BUY,5.22e-05,942.36470167
31010938,2017-12-24T17:14:27.697,SELL,5.22e-05,56.91405358
31010951,2017-12-24T17:14:29.43,BUY,5.221e-05,199.7756
31010953,2017-12-24T17:14:30.15,BUY,5.221e-05,22.77593637
31010960,2017-12-24T17:14:32.01,BUY,5.224e-05,128.1333
31010967,2017-12-24T17:14:32.883,BUY,5.224e-05,14.6081966
31010974,2017-12-24T17:14:35.71,BUY,5.243e-05,1117.2012
31010982,2017-12-24T17:14:36.493,BUY,5.243e-05,1117.2012
31010988,2017-12-24T17:14:37.18,BUY,5.243e-05,1117.2012
31010990,2017-12-24T17:14:38.163,BUY,5.243e-05,306.2475
31010995,2017-12-24T17:14:38.853,BUY,5.243e-05,34.91447235
31011004,2017-12-24T17:14:40.54,BUY,5.244e-05,83.67130012
31011005,2017-12-24T17:14:40.54,BUY,5.244e-05,251.01390036
31011006,2017-12-24T17:14:40.54,BUY,5.244e-05,53.85294133
31011007,2017-12-24T17:14:40.54,BUY,5.244e-05,702.29435819
31011016,2017-12-24T17:14:41.227,BUY,5.244e-05,124.36310037
31011028,2017-12-24T17:14:42.96,BUY,5.245e-05,190.14487228
31011029,2017-12-24T17:14:42.96,BUY,5.245e-05,7161.82052772
31011031,2017-12-24T17:14:43.82,BUY,5.245e-05,838.17947228
31011040,2017-12-24T17:14:44.993,SELL,5.243e-05,51.03129776
31011041,2017-12-24T17:14:45.04,SELL,5.243e-05,244.615755
31011043,2017-12-24T17:14:45.18,SELL,5.243e-05,500.0
31011044,2017-12-24T17:14:45.37,SELL,5.243e-05,51.03129776
31011046,2017-12-24T17:14:46.133,BUY,5.249e-05,333.1839
31011053,2017-12-24T17:14:46.82,BUY,5.249e-05,37.98542259
31011064,2017-12-24T17:14:48.133,SELL,5.245e-05,100.66094729
31011068,2017-12-24T17:14:48.743,BUY,5.25e-05,1533.3111
31011070,2017-12-24T17:14:48.947,BUY,5.25e-05,174.80895799
31011077,2017-12-24T17:14:49.87,SELL,5.255e-05,2.02577323
31011078,2017-12-24T17:14:49.87,SELL,5.25e-05,284.59651177
31011084,2017-12-24T17:14:51.477,SELL,5.249e-05,190.51247857
31011087,2017-12-24T17:14:51.76,BUY,5.261e-05,612.4979
31011088,2017-12-24T17:14:51.963,SELL,5.249e-05,31.11629716
31011090,2017-12-24T17:14:52.54,BUY,5.261e-05,69.8294125
31011093,2017-12-24T17:14:53.417,SELL,5.261e-05,97.03135581
31011095,2017-12-24T17:14:53.743,SELL,5.261e-05,132.896255
31011097,2017-12-24T17:14:54.353,SELL,5.261e-05,132.896255
31011110,2017-12-24T17:14:57.447,BUY,5.27e-05,1708.120058
31011111,2017-12-24T17:14:57.447,BUY,5.27e-05,274.021042
31011124,2017-12-24T17:14:59.197,BUY,5.27e-05,225.978958
31011125,2017-12-24T17:14:59.493,SELL,5.27e-05,39.53293214
31011136,2017-12-24T17:15:01.917,BUY,5.271e-05,58.53231919
31011137,2017-12-24T17:15:01.917,BUY,5.28e-05,1769.08915742
31011147,2017-12-24T17:15:03.477,BUY,5.281e-05,70.8882
31011152,2017-12-24T17:15:04.383,SELL,5.25e-05,192.19680952
31011154,2017-12-24T17:15:04.62,SELL,5.25e-05,98.74317912
31011161,2017-12-24T17:15:05.68,BUY,5.281e-05,8.0818
31011170,2017-12-24T17:15:06.57,BUY,5.283e-05,18.9358076
31011185,2017-12-24T17:15:08.963,SELL,5.281e-05,110.0
31011189,2017-12-24T17:15:09.133,BUY,5.281e-05,110.0
31011190,2017-12-24T17:15:09.133,BUY,5.283e-05,12.5643
31011207,2017-12-24T17:15:11.197,BUY,5.283e-05,111.2858
31011209,2017-12-24T17:15:11.307,BUY,5.283e-05,12.68747314
31011210,2017-12-24T17:15:11.307,BUY,5.292e-05,6.24116686
31011211,2017-12-24T17:15:11.51,SELL,5.27e-05,29.18287937
31011213,2017-12-24T17:15:11.73,SELL,5.27e-05,1722.32641294
31011223,2017-12-24T17:15:12.523,SELL,5.283e-05,38.80481179
31011227,2017-12-24T17:15:12.79,SELL,5.27e-05,112.84046692
31011229,2017-12-24T17:15:13.213,SELL,5.27e-05,58.27505827
31011234,2017-12-24T17:15:14.133,BUY,5.292e-05,38.7344
31011242,2017-12-24T17:15:15.853,BUY,5.292e-05,4.41602946
31011243,2017-12-24T17:15:15.853,BUY,5.292e-05,112.55257054
31011248,2017-12-24T17:15:16.57,BUY,5.292e-05,13.3352927
31011250,2017-12-24T17:15:16.697,SELL,5.292e-05,103.6333073
31011251,2017-12-24T17:15:16.697,SELL,5.283e-05,36.2420957
31011252,2017-12-24T17:15:16.853,SELL,5.283e-05,230.63617142
31011267,2017-12-24T17:15:18.87,SELL,5.283e-05,46.43962848
31011269,2017-12-24T17:15:19.29,SELL,5.283e-05,48.144
31011276,2017-12-24T17:15:19.853,BUY,5.298e-05,244.59486393
31011277,2017-12-24T17:15:19.853,BUY,5.298e-05,423.79813607
31011285,2017-12-24T17:15:20.68,BUY,5.298e-05,76.20186393
31011293,2017-12-24T17:15:21.883,SELL,5.283e-05,77.82101167
31011294,2017-12-24T17:15:21.9,SELL,5.283e-05,194.25019425
31011298,2017-12-24T17:15:22.573,BUY,5.299e-05,12624.6532
31011300,2017-12-24T17:15:23.29,BUY,5.299e-05,640.76822971
31011301,2017-12-24T17:15:23.29,BUY,5.299e-05,798.53728477
31011308,2017-12-24T17:15:25.54,SELL,5.284e-05,298.87356038
31011317,2017-12-24T17:15:26.603,BUY,5.298e-05,448.83
31011323,2017-12-24T17:15:27.307,BUY,5.298e-05,51.17
31011330,2017-12-24T17:15:27.79,SELL,5.299e-05,255.25175048
31011338,2017-12-24T17:15:28.633,BUY,5.3e-05,612.7833
31011343,2017-12-24T17:15:29.29,SELL,5.299e-05,388.87808671
31011348,2017-12-24T17:15:30.68,SELL,5.299e-05,90.52133653
31011350,2017-12-24T17:15:30.76,BUY,5.3e-05,54.87318326
31011351,2017-12-24T17:15:30.76,BUY,5.3e-05,14.9887047
31011353,2017-12-24T17:15:31.087,SELL,5.3e-05,48.144
31011355,2017-12-24T17:15:31.557,SELL,5.3e-05,45.50322593
31011365,2017-12-24T17:15:33.37,BUY,5.304e-05,617.38658243
31011368,2017-12-24T17:15:33.633,BUY,5.304e-05,805.06862923
31011369,2017-12-24T17:15:33.633,BUY,5.307e-05,79.79615676
31011370,2017-12-24T17:15:33.633,BUY,5.318e-05,61.09369786
31011371,2017-12-24T17:15:33.633,BUY,5.318e-05,36.0
31011372,2017-12-24T17:15:33.633,BUY,5.32e-05,492.57302266
31011373,2017-12-24T17:15:33.87,SELL,5.32e-05,237.28476205
31011374,2017-12-24T17:15:33.883,SELL,5.32e-05,188.71485186
31011384,2017-12-24T17:15:35.073,SELL,5.32e-05,673.0
31011387,2017-12-24T17:15:35.447,SELL,5.32e-05,22.88329519
31011390,2017-12-24T17:15:35.98,BUY,5.33e-05,25.0
31011391,2017-12-24T17:15:36.12,SELL,5.33e-05,162.48622958
31011399,2017-12-24T17:15:37.133,BUY,5.32e-05,259.74355745
31011400,2017-12-24T17:15:37.133,BUY,5.33e-05,695.917256
31011401,2017-12-24T17:15:37.133,BUY,5.337e-05,540.93260355
31011403,2017-12-24T17:15:37.587,SELL,5.304e-05,502.987376
31011415,2017-12-24T17:15:38.993,SELL,5.304e-05,169.94633382
31011417,2017-12-24T17:15:39.417,SELL,5.337e-05,301.060601
31011422,2017-12-24T17:15:39.917,SELL,5.337e-05,1883.0
31011425,2017-12-24T17:15:40.133,BUY,5.339e-05,143.2666
31011437,2017-12-24T17:15:40.853,BUY,5.339e-05,16.33351409
31011448,2017-12-24T17:15:42.807,BUY,5.339e-05,41.593
31011457,2017-12-24T17:15:43.667,BUY,5.339e-05,26.40927681
31011458,2017-12-24T17:15:43.667,BUY,5.342e-05,15.18372319
31011467,2017-12-24T17:15:44.557,BUY,5.342e-05,31.15119413
31011474,2017-12-24T17:15:45.853,SELL,5.299e-05,96.39662
31011479,2017-12-24T17:15:46.62,BUY,5.337e-05,562.3904
31011485,2017-12-24T17:15:47.4,BUY,5.337e-05,64.11673368
31011487,2017-12-24T17:15:47.43,SELL,5.342e-05,29.16018662
31011492,2017-12-24T17:15:47.79,SELL,5.342e-05,6.74614072
31011493,2017-12-24T17:15:47.807,SELL,5.299e-05,33.72129862
31011496,2017-12-24T17:15:48.09,SELL,5.337e-05,65.8022063
31011498,2017-12-24T17:15:48.387,SELL,5.299e-05,241.59257827
31011506,2017-12-24T17:15:49.93,SELL,5.299e-05,214.8395434
31011510,2017-12-24T17:15:50.73,SELL,5.299e-05,38.65481252
31011512,2017-12-24T17:15:50.93,BUY,5.304e-05,40.3947
31011513,2017-12-24T17:15:50.98,SELL,5.299e-05,34.78933127
31011514,2017-12-24T17:15:51.04,SELL,5.299e-05,58.36575875
31011515,2017-12-24T17:15:51.463,SELL,5.299e-05,58.32037325
31011518,2017-12-24T17:15:51.637,SELL,5.299e-05,58.55580573
31011521,2017-12-24T17:15:51.65,BUY,5.304e-05,40.3947
31011525,2017-12-24T17:15:52.167,SELL,5.292e-05,182.34685754
31011528,2017-12-24T17:15:52.713,BUY,5.304e-05,101.8831
31011536,2017-12-24T17:15:53.59,BUY,5.304e-05,11.61543471
31011537,2017-12-24T17:15:53.65,SELL,5.304e-05,90.26766529
31011549,2017-12-24T17:15:54.84,SELL,5.304e-05,23.3281493
31011558,2017-12-24T17:15:56.213,SELL,5.304e-05,174.96111975
31011576,2017-12-24T17:15:57.98,SELL,5.293e-05,392.07998431
31011578,2017-12-24T17:15:57.993,BUY,5.349e-05,45.0
31011579,2017-12-24T17:15:57.993,BUY,5.349e-05,121.7185
31011588,2017-12-24T17:15:58.73,BUY,5.349e-05,35.18142067
31011589,2017-12-24T17:15:58.76,SELL,5.349e-05,115.31808568
31011590,2017-12-24T17:15:58.84,SELL,5.349e-05,16.21899365
31011602,2017-12-24T17:15:59.73,SELL,5.304e-05,291.82879377
31011604,2017-12-24T17:15:59.79,BUY,5.35e-05,1264.6725
31011605,2017-12-24T17:15:59.84,SELL,5.304e-05,194.93177387
31011607,2017-12-24T17:15:59.98,SELL,5.304e-05,196.03999215
31011610,2017-12-24T17:16:00.447,SELL,5.304e-05,190.87612138
31011611,2017-12-24T17:16:00.573,SELL,5.304e-05,38.65481252
31011613,2017-12-24T17:16:00.933,SELL,5.304e-05,110.16621569
31011616,2017-12-24T17:16:01.01,BUY,5.349e-05,23.05074219
31011617,2017-12-24T17:16:01.027,BUY,5.35e-05,144.18222983
31011619,2017-12-24T17:16:01.15,SELL,5.35e-05,1097.43952798
31011620,2017-12-24T17:16:01.15,SELL,5.304e-05,808.41193447
31011623,2017-12-24T17:16:01.493,SELL,5.304e-05,25.12562814
31011625,2017-12-24T17:16:01.87,SELL,5.304e-05,250.24061597
31011627,2017-12-24T17:16:01.933,SELL,5.304e-05,40.82426127
31011632,2017-12-24T17:16:02.213,SELL,5.304e-05,69.97084548
31011634,2017-12-24T17:16:02.323,BUY,5.355e-05,29.321501
31011635,2017-12-24T17:16:02.323,BUY,5.355e-05,445.829199
31011636,2017-12-24T17:16:02.463,SELL,5.304e-05,193.27406262
31011638,2017-12-24T17:16:02.917,SELL,5.304e-05,63.33384
31011641,2017-12-24T17:16:03.057,BUY,5.355e-05,54.170801
31011642,2017-12-24T17:16:03.09,SELL,5.355e-05,38.91050583
31011643,2017-12-24T17:16:03.09,SELL,5.355e-05,23.26934264
31011647,2017-12-24T17:16:03.637,SELL,5.304e-05,95.34706331
31011649,2017-12-24T17:16:03.667,SELL,5.304e-05,291.09256743
31011652,2017-12-24T17:16:03.853,SELL,5.304e-05,54.47470817
31011653,2017-12-24T17:16:03.87,SELL,5.304e-05,38.89537145
31011654,2017-12-24T17:16:03.963,SELL,5.304e-05,444.23076923
31011655,2017-12-24T17:16:04.04,SELL,5.304e-05,211.37586471
31011657,2017-12-24T17:16:04.213,SELL,5.304e-05,134.71825689
31011659,2017-12-24T17:16:04.34,SELL,5.304e-05,194.40124416
31011661,2017-12-24T17:16:04.433,SELL,5.304e-05,27.5187086
31011664,2017-12-24T17:16:04.51,SELL,5.304e-05,194.40124416
31011665,2017-12-24T17:16:04.62,SELL,5.304e-05,44.83430799
31011667,2017-12-24T17:16:04.683,SELL,5.304e-05,92.77155005
31011671,2017-12-24T17:16:04.917,SELL,5.304e-05,23.20185614
31011672,2017-12-24T17:16:04.933,SELL,5.304e-05,29.16018662
31011674,2017-12-24T17:16:04.947,BUY,5.36e-05,974.0778
31011676,2017-12-24T17:16:05.073,SELL,5.304e-05,194.25019425
31011677,2017-12-24T17:16:05.103,SELL,5.304e-05,392.07998431
31011680,2017-12-24T17:16:05.167,SELL,5.304e-05,96.09840476
31011682,2017-12-24T17:16:05.277,SELL,5.304e-05,48.63813229
31011686,2017-12-24T17:16:05.807,SELL,5.304e-05,313.66398745
31011692,2017-12-24T17:16:06.12,BUY,5.349e-05,194.55252918
31011693,2017-12-24T17:16:06.12,BUY,5.354e-05,148.87202092
31011694,2017-12-24T17:16:06.12,BUY,5.359e-05,630.6532499
31011696,2017-12-24T17:16:06.167,SELL,5.304e-05,502.51256281
31011697,2017-12-24T17:16:06.29,SELL,5.304e-05,580.49535603
31011698,2017-12-24T17:16:06.34,SELL,5.304e-05,85.48669127
31011702,2017-12-24T17:16:06.853,SELL,5.304e-05,96.749226
31011704,2017-12-24T17:16:06.917,SELL,5.304e-05,52.25469324
31011705,2017-12-24T17:16:06.98,SELL,5.304e-05,23.31455216
31011706,2017-12-24T17:16:07.073,SELL,5.304e-05,193.27406262
31011711,2017-12-24T17:16:07.54,SELL,5.304e-05,32.86294219
31011713,2017-12-24T17:16:07.603,SELL,5.304e-05,57.99342741
31011715,2017-12-24T17:16:08.243,SELL,5.304e-05,164.47368421
31011717,2017-12-24T17:16:08.4,SELL,5.304e-05,196.03999215
31011718,2017-12-24T17:16:08.603,SELL,5.304e-05,50.3277114
31011720,2017-12-24T17:16:08.637,SELL,5.304e-05,68.09338521
31011721,2017-12-24T17:16:08.697,SELL,5.304e-05,97.25734292
31011724,2017-12-24T17:16:09.04,SELL,5.304e-05,1055.61897914
31011726,2017-12-24T17:16:09.103,BUY,5.361e-05,807.894
31011727,2017-12-24T17:16:09.433,SELL,5.304e-05,233.91812865
31011731,2017-12-24T17:16:09.637,SELL,5.304e-05,46.78362573
31011732,2017-12-24T17:16:09.743,SELL,5.304e-05,128.94055763
31011733,2017-12-24T17:16:09.743,SELL,5.304e-05,16.18328137
31011734,2017-12-24T17:16:09.76,SELL,5.304e-05,28.99110939
31011735,2017-12-24T17:16:10.12,SELL,5.304e-05,14.97425722
31011736,2017-12-24T17:16:10.12,SELL,5.293e-05,8.55054183
31011740,2017-12-24T17:16:10.493,SELL,5.293e-05,122.44945817
31011741,2017-12-24T17:16:10.493,SELL,5.292e-05,6.61761713
31011754,2017-12-24T17:16:12.34,BUY,5.361e-05,81.64607518
31011762,2017-12-24T17:16:13.62,SELL,5.293e-05,695.78662543
31011770,2017-12-24T17:16:15.277,SELL,5.294e-05,974.65886939
31011775,2017-12-24T17:16:15.73,BUY,5.349e-05,93.03359768
31011776,2017-12-24T17:16:15.807,SELL,5.294e-05,38.83495145
31011779,2017-12-24T17:16:15.917,BUY,5.349e-05,81.60840232
31011780,2017-12-24T17:16:15.95,SELL,5.349e-05,25.12562814
31011797,2017-12-24T17:16:18.73,SELL,5.295e-05,25.25743151
31011799,2017-12-24T17:16:20.637,SELL,5.296e-05,28.99110939
31011806,2017-12-24T17:16:21.747,BUY,5.304e-05,52.2604
31011807,2017-12-24T17:16:21.79,SELL,5.295e-05,257.32223829
31011808,2017-12-24T17:16:21.79,SELL,5.294e-05,325.88149421
31011813,2017-12-24T17:16:22.463,BUY,5.304e-05,5.95811348
31011815,2017-12-24T17:16:22.527,SELL,5.304e-05,46.30228652
31011816,2017-12-24T17:16:22.527,SELL,5.297e-05,52.63950511
31011817,2017-12-24T17:16:22.7,SELL,5.297e-05,526.2799173
31011821,2017-12-24T17:16:23.247,SELL,5.298e-05,164.99291293
31011822,2017-12-24T17:16:23.527,SELL,5.298e-05,46.44861621
31011823,2017-12-24T17:16:23.603,SELL,5.298e-05,576.59042859
31011825,2017-12-24T17:16:23.79,SELL,5.298e-05,28.82952142
31011830,2017-12-24T17:16:24.54,SELL,5.299e-05,38.13155386
31011833,2017-12-24T17:16:25.183,SELL,5.304e-05,38.70718018
31011835,2017-12-24T17:16:25.48,SELL,5.304e-05,58.06077027
31011836,2017-12-24T17:16:25.51,SELL,5.304e-05,23.3463035
31011838,2017-12-24T17:16:25.823,SELL,5.304e-05,22.83625063
31011839,2017-12-24T17:16:25.823,SELL,5.296e-05,2.42118088
31011842,2017-12-24T17:16:26.057,BUY,5.359e-05,1178.0597
31011844,2017-12-24T17:16:26.807,SELL,5.296e-05,497.49962697
31011846,2017-12-24T17:16:26.853,SELL,5.296e-05,29.16018662
31011849,2017-12-24T17:16:27.23,BUY,5.358e-05,1178.0597
31011854,2017-12-24T17:16:27.9,SELL,5.297e-05,144.95554696
31011855,2017-12-24T17:16:28.057,SELL,5.297e-05,383.21517531
31011861,2017-12-24T17:16:28.853,SELL,5.298e-05,171.98547678
31011864,2017-12-24T17:16:30.293,SELL,5.358e-05,175.94088336
31011877,2017-12-24T17:16:32.557,SELL,5.358e-05,116.55011655
31011900,2017-12-24T17:16:36.183,BUY,5.358e-05,273.9744
31011905,2017-12-24T17:16:36.9,BUY,5.358e-05,273.9744
31011908,2017-12-24T17:16:38.167,BUY,5.358e-05,113.01869481
31011909,2017-12-24T17:16:38.167,BUY,5.358e-05,234.36950519
31011916,2017-12-24T17:16:38.84,BUY,5.357e-05,131.0
31011917,2017-12-24T17:16:38.84,BUY,5.357e-05,216.3882
31011922,2017-12-24T17:16:40.073,BUY,5.357e-05,1488.99452326
31011937,2017-12-24T17:16:42.387,SELL,5.356e-05,282.5796698
31011960,2017-12-24T17:16:46.37,SELL,5.294e-05,241.569632
31011963,2017-12-24T17:16:47.277,BUY,5.304e-05,66.06845745
31011977,2017-12-24T17:16:49.573,BUY,5.295e-05,350.0
31011979,2017-12-24T17:16:50.293,BUY,5.304e-05,30.0858887
31011980,2017-12-24T17:16:50.31,BUY,5.356e-05,155.83106129
31011981,2017-12-24T17:16:50.4,SELL,5.295e-05,48.31851565
31011991,2017-12-24T17:16:51.76,BUY,5.355e-05,241.569632
31011992,2017-12-24T17:16:51.76,BUY,5.355e-05,332.832368
31011998,2017-12-24T17:16:52.387,SELL,5.296e-05,110.59371362
31012001,2017-12-24T17:16:52.51,BUY,5.355e-05,65.48614765
31012004,2017-12-24T17:16:52.65,SELL,5.355e-05,31.12234973
31012009,2017-12-24T17:16:53.45,BUY,5.356e-05,2701.16324953
31012010,2017-12-24T17:16:53.463,BUY,5.358e-05,499.63602118
31012014,2017-12-24T17:16:53.95,SELL,5.355e-05,29.01915264
31012015,2017-12-24T17:16:53.963,SELL,5.355e-05,96.749226
31012016,2017-12-24T17:16:54.323,SELL,5.355e-05,110.59371362
31012033,2017-12-24T17:16:56.45,BUY,5.358e-05,489.9964
31012041,2017-12-24T17:16:57.45,BUY,5.358e-05,55.86327927
31012049,2017-12-24T17:16:59.527,SELL,5.295e-05,1226.42751249
31012051,2017-12-24T17:16:59.917,BUY,5.357e-05,112.38562163
31012052,2017-12-24T17:16:59.917,BUY,5.359e-05,161.58877837
31012055,2017-12-24T17:17:00.98,BUY,5.359e-05,143.6207264
31012056,2017-12-24T17:17:00.98,SELL,5.359e-05,130.3536736
31012058,2017-12-24T17:17:01.917,BUY,5.361e-05,10.45992482
31012072,2017-12-24T17:17:03.62,BUY,5.354e-05,554.2032
31012076,2017-12-24T17:17:05.06,SELL,5.29e-05,137.87820758
31012082,2017-12-24T17:17:06.37,BUY,5.354e-05,56.7172
31012088,2017-12-24T17:17:07.153,BUY,5.354e-05,6.46618243
31012090,2017-12-24T17:17:07.247,SELL,5.354e-05,34.78933126
31012092,2017-12-24T17:17:07.357,SELL,5.354e-05,15.46168631
31012104,2017-12-24T17:17:10.06,SELL,5.354e-05,28.99110938
31012106,2017-12-24T17:17:10.23,BUY,5.356e-05,89.766
31012111,2017-12-24T17:17:10.917,BUY,5.356e-05,10.234
31012113,2017-12-24T17:17:11.073,SELL,5.356e-05,79.532
31012114,2017-12-24T17:17:11.073,SELL,5.354e-05,1540.04129653
31012119,2017-12-24T17:17:12.09,BUY,5.358e-05,198.9473
31012123,2017-12-24T17:17:12.917,BUY,5.357e-05,56.34458027
31012124,2017-12-24T17:17:12.917,BUY,5.358e-05,22.68147573
31012130,2017-12-24T17:17:14.043,BUY,5.366e-05,30.41111318
31012131,2017-12-24T17:17:14.747,SELL,5.291e-05,91.95402296
31012133,2017-12-24T17:17:14.903,BUY,5.366e-05,96.4689
31012134,2017-12-24T17:17:14.917,SELL,5.291e-05,46.38577502
31012151,2017-12-24T17:17:17.857,BUY,5.365e-05,138.0792
31012152,2017-12-24T17:17:17.903,SELL,5.292e-05,19.41
31012159,2017-12-24T17:17:18.903,BUY,5.365e-05,15.74203763
31012165,2017-12-24T17:17:19.84,SELL,5.293e-05,193.8962924
31012166,2017-12-24T17:17:19.95,SELL,5.293e-05,22.92533299
31012169,2017-12-24T17:17:21.107,BUY,5.367e-05,124.1821
31012173,2017-12-24T17:17:21.823,BUY,5.366e-05,124.1821
31012177,2017-12-24T17:17:22.98,SELL,5.294e-05,24.20532678
31012178,2017-12-24T17:17:22.98,SELL,5.293e-05,66.08812694
31012181,2017-12-24T17:17:23.42,BUY,5.367e-05,14.15769798
31012182,2017-12-24T17:17:23.637,SELL,5.367e-05,100.02306102
31012195,2017-12-24T17:17:25.67,BUY,5.367e-05,169.7797
31012199,2017-12-24T17:17:26.42,BUY,5.367e-05,19.35614673
31012207,2017-12-24T17:17:27.56,SELL,5.367e-05,77.53283086
31012211,2017-12-24T17:17:28.107,BUY,5.362e-05,685.0178
31012212,2017-12-24T17:17:28.31,SELL,5.297e-05,155.74280507
31012213,2017-12-24T17:17:28.31,SELL,5.296e-05,1830.10795142
31012215,2017-12-24T17:17:28.793,BUY,5.362e-05,685.0178
31012216,2017-12-24T17:17:28.933,SELL,5.296e-05,78.0
31012221,2017-12-24T17:17:30.107,BUY,5.362e-05,44.0078
31012231,2017-12-24T17:17:31.06,BUY,5.362e-05,5.01718614
31012244,2017-12-24T17:17:33.467,BUY,5.361e-05,32.74913094
31012245,2017-12-24T17:17:33.467,BUY,5.367e-05,1888.08307797
31012247,2017-12-24T17:17:35.17,BUY,5.367e-05,20.02487345
31012251,2017-12-24T17:17:35.607,BUY,5.368e-05,76.93415523
31012259,2017-12-24T17:17:37.48,BUY,5.368e-05,34.71744477
31012260,2017-12-24T17:17:37.48,BUY,5.368e-05,581.23955523
31012265,2017-12-24T17:17:38.17,BUY,5.367e-05,155.74280507
31012266,2017-12-24T17:17:38.17,BUY,5.368e-05,70.22378797
31012278,2017-12-24T17:17:39.903,BUY,5.37e-05,3404.16217811
31012279,2017-12-24T17:17:39.903,BUY,5.37e-05,170.76177829
31012294,2017-12-24T17:17:42.747,BUY,5.37e-05,17.4142044
31012307,2017-12-24T17:17:44.793,SELL,5.37e-05,313.43898564
31012312,2017-12-24T17:17:45.59,SELL,5.37e-05,34.70070919
31012313,2017-12-24T17:17:45.59,SELL,5.297e-05,313.29929081
31012322,2017-12-24T17:17:47.183,BUY,5.377e-05,13.0
31012329,2017-12-24T17:17:49.12,BUY,5.378e-05,281.2362
31012332,2017-12-24T17:17:50.137,BUY,5.378e-05,32.06309081
31012345,2017-12-24T17:17:51.387,SELL,5.354e-05,90.0
31012346,2017-12-24T17:17:51.387,SELL,5.3e-05,159.0
31012355,2017-12-24T17:17:53.03,BUY,5.378e-05,159.0
31012356,2017-12-24T17:17:53.03,BUY,5.379e-05,28.30189
31012361,2017-12-24T17:17:54.043,SELL,5.301e-05,155.71340854
31012362,2017-12-24T17:17:54.043,SELL,5.3e-05,40.32708361
31012366,2017-12-24T17:17:54.81,BUY,5.379e-05,35.8062
31012367,2017-12-24T17:17:55.217,SELL,5.3e-05,130.455928
31012369,2017-12-24T17:17:55.387,BUY,5.377e-05,40.32708361
31012370,2017-12-24T17:17:55.387,BUY,5.379e-05,4.08214151
31012371,2017-12-24T17:17:55.387,BUY,5.38e-05,282.58165778
31012381,2017-12-24T17:17:56.48,BUY,5.378e-05,27.88622
31012388,2017-12-24T17:17:57.793,BUY,5.378e-05,92.0727
