123181458,2017-12-24T15:07:36.56,BUY,0.0813,10.639283
123181466,2017-12-24T15:07:37.343,BUY,0.0813,11.202286
123181554,2017-12-24T15:07:55.793,BUY,0.0813,0.51273416
123181559,2017-12-24T15:07:56.06,BUY,0.0813,0.24383652
123181575,2017-12-24T15:07:57.683,BUY,0.0813,0.15533025
123181590,2017-12-24T15:08:01.92,BUY,0.0813,0.10350443
123181640,2017-12-24T15:08:14.56,BUY,0.0813,0.19832089
123181652,2017-12-24T15:08:20.31,BUY,0.0813,0.1
123181666,2017-12-24T15:08:26.683,BUY,0.0813,0.08588561
123181772,2017-12-24T15:08:52.447,BUY,0.0813,0.36807995
123181882,2017-12-24T15:09:14.32,BUY,0.0813,0.01796357
123181884,2017-12-24T15:09:15.193,BUY,0.0813,0.01796377
123181919,2017-12-24T15:09:21.617,BUY,0.0813,0.06097873
123182141,2017-12-24T15:10:04.707,BUY,0.0813,0.08569126
123182153,2017-12-24T15:10:07.55,BUY,0.0813,0.50709992
123182194,2017-12-24T15:10:16.987,BUY,0.0813,0.22590369
123182201,2017-12-24T15:10:18.297,BUY,0.0813,4.620214
123182257,2017-12-24T15:10:25.313,SELL,0.08106918,0.03
123182276,2017-12-24T15:10:27.327,SELL,0.08106918,0.35868177
123182390,2017-12-24T15:10:45.327,SELL,0.08106918,0.04821913
123182391,2017-12-24T15:10:45.327,SELL,0.08106918,1.0
123182392,2017-12-24T15:10:45.327,SELL,0.08106918,0.5
123182393,2017-12-24T15:10:45.327,SELL,0.08106918,0.12
123182397,2017-12-24T15:10:46.293,BUY,0.08106918,2.23
123182399,2017-12-24T15:10:46.543,BUY,0.08106918,0.02391267
123182408,2017-12-24T15:10:49.2,BUY,0.08106918,0.15962732
123182435,2017-12-24T15:10:53.873,BUY,0.08106918,0.09779186
123182439,2017-12-24T15:10:54.293,SELL,0.08106914,0.829335
123182440,2017-12-24T15:10:54.293,SELL,0.08106828,0.15962732
123182441,2017-12-24T15:10:54.293,SELL,0.08106828,0.15962732
123182442,2017-12-24T15:10:54.293,SELL,0.0810682,3.85141036
123182473,2017-12-24T15:10:59.403,BUY,0.08106918,0.2071715
123182479,2017-12-24T15:10:59.98,BUY,0.08106918,0.42
123182516,2017-12-24T15:11:06.23,SELL,0.0810682,0.30968182
123182530,2017-12-24T15:11:08.963,SELL,0.0810682,0.46143102
123182531,2017-12-24T15:11:08.963,SELL,0.0809688,0.09838852
123182532,2017-12-24T15:11:08.963,SELL,0.08085032,0.2144029
123182533,2017-12-24T15:11:08.963,SELL,0.0808503,4.22577756
123182582,2017-12-24T15:11:18.103,BUY,0.0808503,0.02855013
123182620,2017-12-24T15:11:27.48,BUY,0.0808503,0.01427185
123182641,2017-12-24T15:11:34.213,BUY,0.0808503,0.03466237
123182644,2017-12-24T15:11:34.993,SELL,0.08085012,0.00996964
123182645,2017-12-24T15:11:34.993,SELL,0.08085012,0.06168884
123182654,2017-12-24T15:11:41.243,BUY,0.0808503,0.01144209
123182655,2017-12-24T15:11:41.243,BUY,0.0808503,0.05056521
123182659,2017-12-24T15:11:42.867,BUY,0.0808503,0.18979631
123182675,2017-12-24T15:11:50.383,BUY,0.0808503,0.00823744
123182693,2017-12-24T15:11:56.35,BUY,0.0808503,0.08657977
123182698,2017-12-24T15:11:58.367,BUY,0.0808503,0.08657977
123182705,2017-12-24T15:12:00.43,BUY,0.0808503,0.10602207
123182708,2017-12-24T15:12:01.49,BUY,0.0808503,0.06067671
123182709,2017-12-24T15:12:01.49,BUY,0.0808503,0.02590306
123182720,2017-12-24T15:12:07.07,BUY,0.0808503,0.08657977
123182735,2017-12-24T15:12:17.63,BUY,0.0808503,0.08657977
123182741,2017-12-24T15:12:19.317,BUY,0.0808503,0.60443667
123182753,2017-12-24T15:12:22.77,BUY,0.0808503,0.08657977
123182773,2017-12-24T15:12:30.863,BUY,0.0808503,0.12508112
123182774,2017-12-24T15:12:30.863,BUY,0.0808503,0.00992397
123182775,2017-12-24T15:12:30.863,BUY,0.0808503,0.25157249
123182778,2017-12-24T15:12:31.113,BUY,0.0808503,0.02460092
123182799,2017-12-24T15:12:38.8,BUY,0.0808503,0.28
123182803,2017-12-24T15:12:39.957,BUY,0.0808503,0.00710696
123182805,2017-12-24T15:12:40.033,BUY,0.0808503,0.56172563
123182821,2017-12-24T15:12:43.923,BUY,0.0808503,0.64055899
123182839,2017-12-24T15:12:57.877,BUY,0.0808503,0.1
123182844,2017-12-24T15:13:01.47,BUY,0.0808503,0.06234268
123182846,2017-12-24T15:13:01.533,BUY,0.0808503,0.03876282
123182847,2017-12-24T15:13:01.72,SELL,0.08068626,0.03259344
123182858,2017-12-24T15:13:06.063,BUY,0.0808503,0.12266875
123182874,2017-12-24T15:13:11.373,BUY,0.0808503,0.01972162
123182905,2017-12-24T15:13:29.263,SELL,0.08068626,0.0146392
123182910,2017-12-24T15:13:35.437,BUY,0.0808503,0.00747926
123182913,2017-12-24T15:13:42.59,BUY,0.0808503,0.1152
123182992,2017-12-24T15:14:24.477,BUY,0.0808503,1.26485414
123182993,2017-12-24T15:14:24.477,BUY,0.0808503,0.09027741
123182994,2017-12-24T15:14:24.477,BUY,0.0808503,0.15339239
123182995,2017-12-24T15:14:24.477,BUY,0.0808503,0.05327706
123183002,2017-12-24T15:14:26.227,BUY,0.0808503,4.6e-07
123183208,2017-12-24T15:15:12.647,BUY,0.0808503,0.01565224
123183284,2017-12-24T15:15:25.177,BUY,0.0808503,0.02400342
123183299,2017-12-24T15:15:27.533,BUY,0.08120428,0.01194377
123183352,2017-12-24T15:15:48.75,SELL,0.08121868,0.01354368
123183353,2017-12-24T15:15:48.75,SELL,0.0812043,0.00035632
123183356,2017-12-24T15:15:49.407,SELL,0.0812043,1.453e-05
123183365,2017-12-24T15:15:53.423,SELL,0.0812,4.4614
123183366,2017-12-24T15:15:54.093,SELL,0.0812,1.68084138
123183368,2017-12-24T15:15:54.093,SELL,0.08097469,0.01358449
123183369,2017-12-24T15:15:54.093,SELL,0.0808503,0.01008554
123183370,2017-12-24T15:15:54.093,SELL,0.08068647,0.08269394
123183371,2017-12-24T15:15:54.11,SELL,0.0806864,0.06975641
123183372,2017-12-24T15:15:54.11,SELL,0.08068635,3.24182824
123183385,2017-12-24T15:15:56.69,BUY,0.08129988,0.46666667
123183428,2017-12-24T15:16:09.517,BUY,0.08129988,0.1
123183524,2017-12-24T15:16:29.14,BUY,0.08129988,0.06975641
123183525,2017-12-24T15:16:29.14,BUY,0.08129989,0.02139438
123183526,2017-12-24T15:16:29.14,BUY,0.08129998,0.48764516
123183551,2017-12-24T15:16:41.027,BUY,0.08129998,0.02895075
123183571,2017-12-24T15:16:44.06,BUY,0.08129998,0.42
123183598,2017-12-24T15:16:48.26,BUY,0.08129998,0.01309701
123183601,2017-12-24T15:16:49.7,BUY,0.08129998,4.27962867
123183720,2017-12-24T15:17:11.807,BUY,0.08129997,0.02235219
123183721,2017-12-24T15:17:11.807,BUY,0.08129998,0.02223252
123183722,2017-12-24T15:17:11.807,BUY,0.08129998,0.45541529
123183765,2017-12-24T15:17:22.29,BUY,0.08129998,0.01641916
123183868,2017-12-24T15:17:38.79,BUY,0.08129998,1.01494733
123183878,2017-12-24T15:17:40.35,BUY,0.08129998,0.019
123184050,2017-12-24T15:18:15.143,SELL,0.0810405,0.0164558
123184057,2017-12-24T15:18:18.16,SELL,0.081,0.0299999
123184058,2017-12-24T15:18:18.16,SELL,0.08080014,0.1700001
123184089,2017-12-24T15:18:26.393,BUY,0.0810405,0.0659132
123184092,2017-12-24T15:18:26.673,BUY,0.08129998,0.262143
123184105,2017-12-24T15:18:29.847,SELL,0.0810405,0.09640266
123184120,2017-12-24T15:18:35.86,BUY,0.08129998,1.27
123184142,2017-12-24T15:18:41.22,BUY,0.08129998,0.2195
123184165,2017-12-24T15:18:45.767,BUY,0.08129999,1.59
123184178,2017-12-24T15:18:49.407,BUY,0.08129999,1.2
123184236,2017-12-24T15:19:03.157,BUY,0.08129999,0.21
123184243,2017-12-24T15:19:04.827,BUY,0.0813,0.377
123184245,2017-12-24T15:19:04.97,BUY,0.0813,0.377
123184277,2017-12-24T15:19:10.593,BUY,0.0813,0.06134686
123184282,2017-12-24T15:19:12.92,BUY,0.0813,0.133005
123184313,2017-12-24T15:19:19.81,BUY,0.0813,0.19357343
123184326,2017-12-24T15:19:21.357,BUY,0.0813,1.55
123184370,2017-12-24T15:19:32.42,BUY,0.0813,0.92
123184398,2017-12-24T15:19:38.153,SELL,0.0811001,0.10318903
123184476,2017-12-24T15:19:53.743,SELL,0.08129999,0.07361625
123184505,2017-12-24T15:20:06.743,SELL,0.0811,0.11390625
123184515,2017-12-24T15:20:10.523,SELL,0.0811,0.06363558
123184622,2017-12-24T15:20:41.617,BUY,0.0813,1.0
123184650,2017-12-24T15:20:47.88,BUY,0.0813,0.02
123184658,2017-12-24T15:20:51.037,BUY,0.0813,1.80067976
123184676,2017-12-24T15:20:54.66,SELL,0.08110005,0.01518802
123184686,2017-12-24T15:20:57.067,BUY,0.08110003,0.14
123184687,2017-12-24T15:20:57.067,BUY,0.0813,3.839264
123184746,2017-12-24T15:21:12.613,BUY,0.0813,0.25
123184753,2017-12-24T15:21:14.02,BUY,0.0813,1.066751
123184756,2017-12-24T15:21:14.927,BUY,0.0813,1.0
123184779,2017-12-24T15:21:21.363,BUY,0.0813,0.89
123184816,2017-12-24T15:21:29.36,SELL,0.08110048,0.05881586
123184840,2017-12-24T15:21:35.47,BUY,0.0813,0.36808118
123184883,2017-12-24T15:21:51,BUY,0.0813,0.31983497
123184889,2017-12-24T15:21:53.92,BUY,0.0813,0.48808674
123184921,2017-12-24T15:22:11.53,BUY,0.0813,1.49660777
123184971,2017-12-24T15:22:24.73,BUY,0.08129999,0.02597804
123184972,2017-12-24T15:22:24.73,BUY,0.0813,0.29476029
123185030,2017-12-24T15:22:38.653,BUY,0.0813,1.23353782
123185032,2017-12-24T15:22:38.713,BUY,0.0813,0.9897013
123185036,2017-12-24T15:22:39.23,BUY,0.0813,1.53720872
123185049,2017-12-24T15:22:41.403,BUY,0.0813,0.03286068
123185092,2017-12-24T15:22:48.76,BUY,0.0813,3.09
123185096,2017-12-24T15:22:48.95,BUY,0.0813,0.90300381
123185099,2017-12-24T15:22:49.54,BUY,0.0813,0.19045833
123185105,2017-12-24T15:22:50.137,BUY,0.0813,0.190391
123185108,2017-12-24T15:22:50.4,BUY,0.0813,0.19022117
123185127,2017-12-24T15:22:53.183,BUY,0.0813,1.15158344
123185129,2017-12-24T15:22:53.197,BUY,0.0813,0.90763333
123185135,2017-12-24T15:22:54.197,BUY,0.0813,0.06134686
123185144,2017-12-24T15:22:56.87,BUY,0.0813,0.34548302
123185196,2017-12-24T15:23:21.617,BUY,0.0813,0.61346863
123185225,2017-12-24T15:23:29.897,BUY,0.0813,2.45
123185273,2017-12-24T15:23:38.93,SELL,0.08110008,0.05316714
123185338,2017-12-24T15:23:57.177,SELL,0.08110008,0.11923966
123185356,2017-12-24T15:24:07.55,SELL,0.08110008,0.04422062
123185385,2017-12-24T15:24:18.097,SELL,0.0811,0.52245817
123185388,2017-12-24T15:24:18.27,BUY,0.0811,0.11671075
123185412,2017-12-24T15:24:21.8,BUY,0.0811,0.18677879
123185443,2017-12-24T15:24:28.627,BUY,0.0811,0.04611004
123185452,2017-12-24T15:24:29.69,BUY,0.0811,0.1
123185464,2017-12-24T15:24:31.597,BUY,0.0811,2.38657205
123185501,2017-12-24T15:24:39.8,SELL,0.0810405,0.02621971
123185502,2017-12-24T15:24:39.8,SELL,0.0810405,0.0747505
123185523,2017-12-24T15:24:44.783,BUY,0.0810405,0.01381436
123185538,2017-12-24T15:24:48.547,BUY,0.0811,0.01
123185547,2017-12-24T15:24:51.517,BUY,0.0811,2.08699752
123185548,2017-12-24T15:24:51.517,BUY,0.0811,0.08915152
123185549,2017-12-24T15:24:51.517,BUY,0.08110008,0.95577938
123185550,2017-12-24T15:24:51.517,BUY,0.0813,6.88693865
123185584,2017-12-24T15:25:04.547,BUY,0.08129999,1.20850512
123185606,2017-12-24T15:25:08.187,BUY,0.08129999,0.25335441
123185615,2017-12-24T15:25:10.123,BUY,0.08129999,0.58913713
123185617,2017-12-24T15:25:10.233,BUY,0.08129999,0.00703948
123185627,2017-12-24T15:25:13.047,BUY,0.08129999,0.25335441
123185668,2017-12-24T15:25:23.89,BUY,0.08129999,0.12300123
123185723,2017-12-24T15:25:36.043,SELL,0.08096096,0.1473593
123185725,2017-12-24T15:25:36.48,BUY,0.08096096,0.14736022
123185728,2017-12-24T15:25:36.527,BUY,0.08096096,0.07675582
123185780,2017-12-24T15:25:43.183,SELL,0.08096086,0.03857401
123185873,2017-12-24T15:26:01.87,SELL,0.08113,0.05
123185874,2017-12-24T15:26:01.87,SELL,0.08096096,0.06969912
123185875,2017-12-24T15:26:01.87,SELL,0.08096086,0.15172572
123185877,2017-12-24T15:26:02.43,BUY,0.08096086,1.75095771
123185965,2017-12-24T15:26:19.4,BUY,0.08129999,0.0227714
123185966,2017-12-24T15:26:19.4,BUY,0.08129999,1.02248909
123185967,2017-12-24T15:26:19.4,BUY,0.0813,1.41476441
123185982,2017-12-24T15:26:25.12,BUY,0.0813,0.08656458
123186001,2017-12-24T15:26:28.79,BUY,0.0813,0.00822915
123186025,2017-12-24T15:26:41.4,BUY,0.0813,0.03456177
123186043,2017-12-24T15:26:48.023,BUY,0.0813,0.05437311
123186083,2017-12-24T15:26:58.79,BUY,0.0813,1.01615069
123186278,2017-12-24T15:27:46.237,BUY,0.08129999,0.00858635
123186297,2017-12-24T15:27:50.83,SELL,0.08092147,0.02295231
123186307,2017-12-24T15:27:51.923,BUY,0.08092147,0.07704713
123186325,2017-12-24T15:27:55.173,BUY,0.08092147,5.6e-07
123186340,2017-12-24T15:28:02.97,BUY,0.0812706,0.37060902
123186341,2017-12-24T15:28:02.97,BUY,0.08129999,0.01836077
123186342,2017-12-24T15:28:02.97,BUY,0.0813,2.19367021
123186381,2017-12-24T15:28:08.517,BUY,0.0813,0.07293105
123186395,2017-12-24T15:28:11.127,BUY,0.0813,0.3
123186432,2017-12-24T15:28:16.203,BUY,0.0813,1.44869
123186452,2017-12-24T15:28:20.33,BUY,0.0813,4.1912875
123186454,2017-12-24T15:28:20.517,BUY,0.0813,4.10493521
123186455,2017-12-24T15:28:20.517,BUY,0.0813,0.04930334
123186456,2017-12-24T15:28:20.517,BUY,0.0813,0.02587396
123186457,2017-12-24T15:28:20.517,BUY,0.0813,0.01220757
123186458,2017-12-24T15:28:20.517,BUY,0.0813,2.04385655
123186459,2017-12-24T15:28:20.517,BUY,0.0813,0.06969912
123186460,2017-12-24T15:28:20.517,BUY,0.0813,0.59722132
123186465,2017-12-24T15:28:21.673,BUY,0.0813,1.0
123186488,2017-12-24T15:28:27.907,BUY,0.0813,0.04295239
123188625,2017-12-24T15:37:00.96,BUY,0.08179654,4.7e-07
123188681,2017-12-24T15:37:07.023,BUY,0.0818,0.00760109
123188700,2017-12-24T15:37:10.053,BUY,0.08185437,0.15768625
123188701,2017-12-24T15:37:10.053,BUY,0.08189794,0.5
123188702,2017-12-24T15:37:10.053,BUY,0.08189794,3.04793362
123188704,2017-12-24T15:37:10.087,BUY,0.08189893,0.10954585
123188705,2017-12-24T15:37:10.1,BUY,0.0819,0.03534041
123188706,2017-12-24T15:37:10.1,BUY,0.08190082,0.34427152
123188707,2017-12-24T15:37:10.1,BUY,0.08190995,0.04572874
123188708,2017-12-24T15:37:10.1,BUY,0.08193142,0.81180622
123188718,2017-12-24T15:37:10.71,SELL,0.0818,0.05560205
123188728,2017-12-24T15:37:11.43,SELL,0.0818,0.07504137
123188804,2017-12-24T15:37:23.087,BUY,0.08191999,0.02504563
123188805,2017-12-24T15:37:23.087,BUY,0.08192,0.03
123188806,2017-12-24T15:37:23.087,BUY,0.08194333,0.32225768
123188807,2017-12-24T15:37:23.087,BUY,0.08195239,0.18936197
123188808,2017-12-24T15:37:23.087,BUY,0.08195703,0.29616499
123188809,2017-12-24T15:37:23.087,BUY,0.08197926,0.05013441
123188810,2017-12-24T15:37:23.087,BUY,0.08199997,0.23670411
123188817,2017-12-24T15:37:25.07,BUY,0.082,0.48784741
123188818,2017-12-24T15:37:25.07,BUY,0.082,0.3
123188819,2017-12-24T15:37:25.07,BUY,0.082,0.2222
123188820,2017-12-24T15:37:25.07,BUY,0.082,0.2462963
123188821,2017-12-24T15:37:25.07,BUY,0.082,0.08258329
123188827,2017-12-24T15:37:26.053,BUY,0.082,0.16741671
123188828,2017-12-24T15:37:26.053,BUY,0.082,0.97560976
123188829,2017-12-24T15:37:26.053,BUY,0.082,0.11614853
123188859,2017-12-24T15:37:29.913,BUY,0.082,1.805677
123188884,2017-12-24T15:37:34.053,BUY,0.082,0.29279557
123188888,2017-12-24T15:37:34.82,BUY,0.082,0.61541691
123188910,2017-12-24T15:37:40.693,BUY,0.082,5.36786199
123188911,2017-12-24T15:37:40.693,BUY,0.082,0.52695882
123188946,2017-12-24T15:37:47.13,BUY,0.08201493,0.00701696
123188947,2017-12-24T15:37:47.13,BUY,0.08202319,0.80982912
123188948,2017-12-24T15:37:47.13,BUY,0.08204896,0.05021522
123188949,2017-12-24T15:37:47.13,BUY,0.08205248,0.01381298
123188950,2017-12-24T15:37:47.13,BUY,0.08207289,0.06368092
123188951,2017-12-24T15:37:47.13,BUY,0.08207396,0.1137938
123188980,2017-12-24T15:37:50.16,SELL,0.08202319,0.0131244
123188982,2017-12-24T15:37:50.193,BUY,0.08201493,0.16211315
123188988,2017-12-24T15:37:51.38,BUY,0.08207396,1.8e-07
123188989,2017-12-24T15:37:51.38,BUY,0.08207765,0.23305389
123188990,2017-12-24T15:37:51.38,BUY,0.08210027,0.01698707
123188991,2017-12-24T15:37:51.38,BUY,0.08210409,0.42660485
123188992,2017-12-24T15:37:51.38,BUY,0.0821148,0.01
123188993,2017-12-24T15:37:51.38,BUY,0.08211864,0.00927012
123188994,2017-12-24T15:37:51.38,BUY,0.08212186,0.20562753
123188995,2017-12-24T15:37:51.38,BUY,0.08213767,0.03803065
123188996,2017-12-24T15:37:51.38,BUY,0.08215154,0.14514541
123189022,2017-12-24T15:37:54.753,BUY,0.08216,0.05173009
123189028,2017-12-24T15:37:55.16,BUY,0.08216,1.03291437
123189082,2017-12-24T15:38:05.8,BUY,0.08216717,0.35373453
123189098,2017-12-24T15:38:09.003,BUY,0.08216717,0.02512746
123189099,2017-12-24T15:38:09.003,BUY,0.08216831,0.14781928
123189100,2017-12-24T15:38:09.003,BUY,0.08217212,0.02420102
123189101,2017-12-24T15:38:09.003,BUY,0.08219106,0.13176853
123189102,2017-12-24T15:38:09.003,BUY,0.0822129,0.12779025
123189103,2017-12-24T15:38:09.003,BUY,0.0822138,0.17131573
123189104,2017-12-24T15:38:09.003,BUY,0.08221686,0.48704873
123189106,2017-12-24T15:38:09.16,SELL,0.082,0.01779029
123189114,2017-12-24T15:38:10.113,SELL,0.08180502,0.11115044
123189153,2017-12-24T15:38:16.283,BUY,0.08221732,0.0281255
123189154,2017-12-24T15:38:16.283,BUY,0.08223,0.1
123189155,2017-12-24T15:38:16.283,BUY,0.08223672,0.16771024
123189156,2017-12-24T15:38:16.283,BUY,0.08223836,0.04567112
123189157,2017-12-24T15:38:16.283,BUY,0.08225,0.21954466
123189158,2017-12-24T15:38:16.283,BUY,0.08225284,0.19319598
123189159,2017-12-24T15:38:16.283,BUY,0.08226105,0.04826859
123189160,2017-12-24T15:38:16.283,BUY,0.0822634,0.04199431
123189161,2017-12-24T15:38:16.283,BUY,0.08227233,0.89611461
123189162,2017-12-24T15:38:16.283,BUY,0.08229173,5.25580299
123189166,2017-12-24T15:38:17.033,SELL,0.08180502,0.1
123189170,2017-12-24T15:38:17.08,BUY,0.08229173,1.740625
123189184,2017-12-24T15:38:21.097,BUY,0.08229173,0.406248
123189185,2017-12-24T15:38:21.61,SELL,0.08180503,0.0501547
123189220,2017-12-24T15:38:28.017,SELL,0.08180503,0.01989554
123189227,2017-12-24T15:38:28.517,BUY,0.08229173,0.11488211
123189264,2017-12-24T15:38:32.143,SELL,0.08201494,0.01863546
123189282,2017-12-24T15:38:35.157,BUY,0.08229173,0.00790492
123189295,2017-12-24T15:38:37.3,BUY,0.08229173,0.52
123189375,2017-12-24T15:38:46.283,BUY,0.08229173,1.396108
123189388,2017-12-24T15:38:47.567,SELL,0.08180512,0.04716229
123189472,2017-12-24T15:38:55.737,SELL,0.0818054,0.044
123189496,2017-12-24T15:38:59.987,BUY,0.08229173,0.25367602
123189551,2017-12-24T15:39:08.597,BUY,0.08229173,0.81
123189578,2017-12-24T15:39:16.033,SELL,0.0818053,0.31542748
123189615,2017-12-24T15:39:25.937,BUY,0.08229173,0.22
123189625,2017-12-24T15:39:27.03,SELL,0.0818053,0.21111096
123189630,2017-12-24T15:39:27.593,SELL,0.0818053,0.10360517
123189639,2017-12-24T15:39:28.39,BUY,0.0818053,1.22241468
123189648,2017-12-24T15:39:30.33,BUY,0.0818053,0.67398015
123189652,2017-12-24T15:39:30.72,BUY,0.08221406,0.01855175
123189653,2017-12-24T15:39:30.72,BUY,0.08229173,0.56037216
123189695,2017-12-24T15:39:35.61,BUY,0.08229172,0.23711628
123189696,2017-12-24T15:39:35.627,BUY,0.08229173,1.25377072
123189785,2017-12-24T15:40:10.98,BUY,0.08229173,0.09521287
123189794,2017-12-24T15:40:11.997,BUY,0.08229173,0.09521287
123189883,2017-12-24T15:40:28.573,BUY,0.08204861,0.06158452
123189884,2017-12-24T15:40:28.573,BUY,0.08229173,0.05993441
123189950,2017-12-24T15:40:40.357,BUY,0.08229173,0.61130979
123190034,2017-12-24T15:41:03.823,BUY,0.08229172,1.0
123190055,2017-12-24T15:41:12.807,SELL,0.08180541,0.20665732
123190129,2017-12-24T15:41:53.523,SELL,0.08180541,0.07453236
123190131,2017-12-24T15:41:54.32,SELL,0.08180541,0.00242337
123190132,2017-12-24T15:41:54.32,SELL,0.08180541,0.18707663
123190134,2017-12-24T15:41:59.833,SELL,0.08180541,0.02473351
123190140,2017-12-24T15:42:04.77,SELL,0.08180541,0.25
123190142,2017-12-24T15:42:04.803,SELL,0.08180541,0.12719936
123190143,2017-12-24T15:42:05.037,SELL,0.08180541,1.45463767
123190144,2017-12-24T15:42:05.037,SELL,0.0818054,2.0
123190145,2017-12-24T15:42:05.037,SELL,0.0818053,0.67398015
123190146,2017-12-24T15:42:05.037,SELL,0.08180503,1.5
123190152,2017-12-24T15:42:06.63,SELL,0.0817232,0.00978914
123190153,2017-12-24T15:42:06.63,SELL,0.08165043,0.02053049
123190154,2017-12-24T15:42:06.63,SELL,0.08163698,0.00624314
123190157,2017-12-24T15:42:07.507,SELL,0.08163698,0.369
123190207,2017-12-24T15:42:16.41,SELL,0.08163698,0.07201466
123190218,2017-12-24T15:42:19.55,SELL,0.08163698,0.26063373
123190230,2017-12-24T15:42:21.44,BUY,0.0817232,0.09346213
123190235,2017-12-24T15:42:21.863,SELL,0.08163699,0.2488596
123190242,2017-12-24T15:42:23.41,SELL,0.08163699,0.2488596
123190243,2017-12-24T15:42:23.567,SELL,0.08163699,0.2488596
123190247,2017-12-24T15:42:24.427,SELL,0.081637,0.2488596
123190287,2017-12-24T15:42:29.723,SELL,0.081637,0.01982101
123190325,2017-12-24T15:42:32.927,BUY,0.0817232,0.2247191
123190342,2017-12-24T15:42:34.613,BUY,0.0817232,0.18181877
123190343,2017-12-24T15:42:34.613,BUY,0.08229168,0.03781283
123190344,2017-12-24T15:42:34.613,BUY,0.08229169,0.0114803
123190345,2017-12-24T15:42:34.613,BUY,0.08229169,0.03
123190346,2017-12-24T15:42:34.613,BUY,0.08229169,0.31820192
123190391,2017-12-24T15:42:47.643,SELL,0.08163701,0.73312795
123190392,2017-12-24T15:42:47.643,SELL,0.081637,0.06906536
123190411,2017-12-24T15:42:55.61,BUY,0.081637,0.13
123190482,2017-12-24T15:43:06.797,BUY,0.081637,0.12115047
123190635,2017-12-24T15:43:56.17,SELL,0.0818054,0.00078598
123190636,2017-12-24T15:43:56.17,SELL,0.08164,1.14787315
123190721,2017-12-24T15:44:14.42,SELL,0.0818054,0.064
123190725,2017-12-24T15:44:15.34,SELL,0.0818054,3.381e-05
123190801,2017-12-24T15:44:40.917,SELL,0.08164,0.04762449
123190841,2017-12-24T15:44:50.277,SELL,0.08164,0.0364689
123190852,2017-12-24T15:44:53.883,SELL,0.08164,0.16737466
123190868,2017-12-24T15:45:00.853,SELL,0.08164,0.61130979
123190902,2017-12-24T15:45:39.13,SELL,0.08164,3.88856878
123190903,2017-12-24T15:45:39.13,SELL,0.081637,0.36559645
123190904,2017-12-24T15:45:39.13,SELL,0.081637,0.21
123190905,2017-12-24T15:45:39.13,SELL,0.08163698,0.22208003
123190906,2017-12-24T15:45:39.13,SELL,0.08163698,1.50319036
123190907,2017-12-24T15:45:39.13,SELL,0.08163698,1.66996438
123190914,2017-12-24T15:45:44.757,BUY,0.08180539,0.57130766
123190915,2017-12-24T15:45:44.757,BUY,0.0818054,1.77912953
123190916,2017-12-24T15:45:44.757,BUY,0.0818054,0.01779029
123190917,2017-12-24T15:45:44.757,BUY,0.0818054,0.05166246
123190918,2017-12-24T15:45:44.757,BUY,0.0818054,0.09
123190919,2017-12-24T15:45:44.757,BUY,0.0818054,0.23534206
123190940,2017-12-24T15:45:58.69,SELL,0.08163698,3.562e-05
123191014,2017-12-24T15:46:23.47,SELL,0.08161098,0.17486517
123191022,2017-12-24T15:46:27.457,SELL,0.08161098,0.05441832
123191023,2017-12-24T15:46:27.457,SELL,0.0816,0.04203252
123191024,2017-12-24T15:46:27.457,SELL,0.0815829,0.00758177
123191043,2017-12-24T15:46:39.8,SELL,0.0815829,0.13731108
123191046,2017-12-24T15:46:40.343,BUY,0.08163698,0.03602352
123191047,2017-12-24T15:46:40.343,BUY,0.08163698,0.13397648
123191056,2017-12-24T15:46:45.36,BUY,0.08163698,0.07320837
123191057,2017-12-24T15:46:45.36,BUY,0.0818054,0.11237044
123191058,2017-12-24T15:46:45.36,BUY,0.08181325,2.12034659
123191059,2017-12-24T15:46:45.36,BUY,0.08229162,0.73312795
123191060,2017-12-24T15:46:45.36,BUY,0.08229163,0.06906536
123191061,2017-12-24T15:46:45.36,BUY,0.0822917,0.08033261
123191062,2017-12-24T15:46:45.36,BUY,0.08229172,0.26868061
123191063,2017-12-24T15:46:45.36,BUY,0.08229173,7.81161863
123191064,2017-12-24T15:46:45.36,BUY,0.08229173,0.08714569
123191065,2017-12-24T15:46:45.36,BUY,0.08229173,0.16446627
123191066,2017-12-24T15:46:45.36,BUY,0.08229173,0.09838852
123191067,2017-12-24T15:46:45.36,BUY,0.08229173,0.03466237
123191068,2017-12-24T15:46:45.36,BUY,0.08229837,0.02881416
123191069,2017-12-24T15:46:45.377,BUY,0.08232143,0.11547078
123191070,2017-12-24T15:46:45.377,BUY,0.08232283,0.13422667
123191071,2017-12-24T15:46:45.377,BUY,0.08232287,0.0913657
123191072,2017-12-24T15:46:45.377,BUY,0.08235452,0.10184873
123191073,2017-12-24T15:46:45.377,BUY,0.08236548,0.13474711
123191074,2017-12-24T15:46:45.377,BUY,0.08237205,0.03270704
123191075,2017-12-24T15:46:45.377,BUY,0.08238327,0.02425089
123191076,2017-12-24T15:46:45.377,BUY,0.08238412,0.02876819
123191077,2017-12-24T15:46:45.377,BUY,0.08238998,0.00608387
123191078,2017-12-24T15:46:45.377,BUY,0.0824,1.96848555
123191079,2017-12-24T15:46:45.377,BUY,0.0824,0.37182515
123191080,2017-12-24T15:46:45.377,BUY,0.08240998,1.04966868
123191081,2017-12-24T15:46:45.377,BUY,0.08242054,0.12206116
123191082,2017-12-24T15:46:45.377,BUY,0.08243178,0.00974599
123191083,2017-12-24T15:46:45.377,BUY,0.08245134,0.06220658
123191084,2017-12-24T15:46:45.377,BUY,0.08245158,0.03665213
123191085,2017-12-24T15:46:45.377,BUY,0.08245383,0.04860143
123191086,2017-12-24T15:46:45.377,BUY,0.08245995,3.05855678
123191131,2017-12-24T15:47:01.873,SELL,0.08159701,0.01418924
123191185,2017-12-24T15:47:13.2,BUY,0.08228373,0.00977106
123191203,2017-12-24T15:47:15.047,SELL,0.08228373,0.00977106
123191222,2017-12-24T15:47:17.7,SELL,0.08228373,0.0168
123191223,2017-12-24T15:47:18.547,SELL,0.08228373,2.594e-05
123191317,2017-12-24T15:47:37.857,SELL,0.08159701,0.01457895
123191318,2017-12-24T15:47:37.857,SELL,0.08159701,0.06511191
123191389,2017-12-24T15:47:44.183,SELL,0.08159701,0.00419426
123191390,2017-12-24T15:47:44.183,SELL,0.0815829,0.0072269
123191391,2017-12-24T15:47:44.183,SELL,0.0815,0.0682697
123191525,2017-12-24T15:48:00.48,SELL,0.08150166,0.01480224
123191701,2017-12-24T15:48:34.133,SELL,0.08150254,0.00981564
123191702,2017-12-24T15:48:34.133,SELL,0.08150173,0.21674808
123192053,2017-12-24T15:49:43.91,SELL,0.08151178,0.3
123192220,2017-12-24T15:50:12.52,SELL,0.08152178,0.5
123192261,2017-12-24T15:50:18.33,BUY,0.0822794,0.00977158
123192262,2017-12-24T15:50:18.33,BUY,0.0822794,0.00977158
123192263,2017-12-24T15:50:18.33,BUY,0.08228122,0.19029973
123192264,2017-12-24T15:50:18.33,BUY,0.08228205,0.06930617
123192265,2017-12-24T15:50:18.33,BUY,0.08228205,0.2104111
123192300,2017-12-24T15:50:23.987,SELL,0.08155081,0.00980983
123192301,2017-12-24T15:50:23.987,SELL,0.08155,0.02057027
123192354,2017-12-24T15:50:29.283,BUY,0.08227841,0.1215371
123192360,2017-12-24T15:50:30.47,BUY,0.08227841,0.1215371
123192485,2017-12-24T15:50:43.767,BUY,0.08227757,0.00977179
123192486,2017-12-24T15:50:43.767,BUY,0.08227841,0.12
123192487,2017-12-24T15:50:43.767,BUY,0.08227841,0.13736721
123192491,2017-12-24T15:50:44.017,BUY,0.08227841,1.264363
123192611,2017-12-24T15:51:03.547,BUY,0.08227567,0.04616823
123192797,2017-12-24T15:51:30.263,BUY,0.08223707,0.02876819
123192798,2017-12-24T15:51:30.263,BUY,0.08227302,0.00977234
123192799,2017-12-24T15:51:30.263,BUY,0.08227565,1.0
123192800,2017-12-24T15:51:30.263,BUY,0.08227841,0.75933447
123192803,2017-12-24T15:51:30.323,BUY,0.08227841,0.342935
123192830,2017-12-24T15:51:37.51,SELL,0.08227565,0.06546736
123192836,2017-12-24T15:51:40.433,BUY,0.08227841,0.07
123192838,2017-12-24T15:51:40.51,BUY,0.08227841,1.94200032
123192847,2017-12-24T15:51:42.433,SELL,0.08227565,0.04735824
123192861,2017-12-24T15:51:49.857,SELL,0.08227565,0.08954067
123192892,2017-12-24T15:52:02.34,SELL,0.08227565,0.05201928
123192901,2017-12-24T15:52:04.027,SELL,0.08227565,0.18571332
123192978,2017-12-24T15:52:24.71,BUY,0.0822784,0.03720615
123192979,2017-12-24T15:52:24.71,BUY,0.0822784,2.25937469
123193002,2017-12-24T15:52:35.133,BUY,0.08227841,0.03713416
123193009,2017-12-24T15:52:39.023,SELL,0.0822784,0.12
123193038,2017-12-24T15:52:48.96,BUY,0.08227841,0.01529691
123193053,2017-12-24T15:52:54.82,SELL,0.0822784,0.0979471
123193054,2017-12-24T15:52:54.82,SELL,0.08227565,0.29335701
123193055,2017-12-24T15:52:54.82,SELL,0.08170095,0.01290972
123193056,2017-12-24T15:52:54.82,SELL,0.08160134,0.19578617
123193115,2017-12-24T15:53:05.35,BUY,0.0822784,0.01396254
123193301,2017-12-24T15:53:30.457,BUY,0.0822784,0.01663533
123193336,2017-12-24T15:53:34.097,SELL,0.0822784,0.03127075
123193337,2017-12-24T15:53:34.097,SELL,0.0816158,0.96872925
123193414,2017-12-24T15:53:43.237,BUY,0.08227841,0.0079588
123193415,2017-12-24T15:53:43.237,BUY,0.08227841,0.02
123193416,2017-12-24T15:53:43.423,SELL,0.08227841,0.14219519
123193430,2017-12-24T15:53:46.41,BUY,0.08227833,0.01654858
123193444,2017-12-24T15:53:48.817,BUY,0.08223135,0.03657444
123193615,2017-12-24T15:54:18.203,BUY,0.08228122,0.00977136
123193616,2017-12-24T15:54:18.203,BUY,0.08228122,0.00977136
123193617,2017-12-24T15:54:18.203,BUY,0.08228205,0.14857425
123193655,2017-12-24T15:54:25.14,SELL,0.08162191,0.00980128
123193656,2017-12-24T15:54:25.14,SELL,0.08162191,0.00447417
123193832,2017-12-24T15:54:59.593,BUY,0.08228031,0.00977147
123193924,2017-12-24T15:55:38.823,SELL,0.08228031,0.00286023
123194032,2017-12-24T15:56:21.353,BUY,0.08227539,0.34794972
123194033,2017-12-24T15:56:21.353,BUY,0.08227565,0.24620024
123194034,2017-12-24T15:56:21.353,BUY,0.08228,0.16807349
123194035,2017-12-24T15:56:21.353,BUY,0.08228031,0.02784785
123194048,2017-12-24T15:56:23.587,SELL,0.08228031,0.0708
123194050,2017-12-24T15:56:24.057,SELL,0.08228031,2.361e-05
123194213,2017-12-24T15:56:59.803,SELL,0.08228031,0.01015814
123194229,2017-12-24T15:57:04.787,SELL,0.0816311,0.06199458
123194247,2017-12-24T15:57:10.287,BUY,0.08169055,2.204
123194348,2017-12-24T15:57:32.067,BUY,0.08169055,2.835639
123194354,2017-12-24T15:57:32.613,SELL,0.0816311,0.09781983
123194371,2017-12-24T15:57:34.177,BUY,0.08169055,0.1
123194374,2017-12-24T15:57:34.847,BUY,0.08169055,2.835639
123194391,2017-12-24T15:57:37.05,BUY,0.08169055,2.0
123194407,2017-12-24T15:57:40.66,BUY,0.08169055,0.43803751
123194409,2017-12-24T15:57:41.597,BUY,0.08169055,1.790684
123194419,2017-12-24T15:57:44.173,SELL,0.0816311,0.02385083
123194420,2017-12-24T15:57:44.173,SELL,0.0816311,0.0465
123194421,2017-12-24T15:57:44.173,SELL,0.0816311,0.02
123194422,2017-12-24T15:57:44.173,SELL,0.08162272,0.00980119
123194423,2017-12-24T15:57:44.173,SELL,0.08162191,0.1741506
123194424,2017-12-24T15:57:44.173,SELL,0.08160218,0.06953538
123194425,2017-12-24T15:57:44.173,SELL,0.08159701,0.02876819
123194426,2017-12-24T15:57:44.173,SELL,0.08156,0.02949377
123194440,2017-12-24T15:57:47.58,BUY,0.0816311,1.134848
123194442,2017-12-24T15:57:47.783,BUY,0.0816311,0.12250233
123194454,2017-12-24T15:57:48.91,BUY,0.0816311,0.54948216
123194702,2017-12-24T15:58:36.327,BUY,0.0816311,0.19316751
123194897,2017-12-24T15:59:18.153,SELL,0.0816311,0.15
123194916,2017-12-24T15:59:22.183,BUY,0.08169055,4.9e-07
123194917,2017-12-24T15:59:22.183,BUY,0.08224793,0.02876819
123194918,2017-12-24T15:59:22.183,BUY,0.08228203,0.03696198
123194919,2017-12-24T15:59:22.183,BUY,0.08228203,0.54480508
123195004,2017-12-24T15:59:38.04,BUY,0.08228203,0.1118655
123195200,2017-12-24T16:00:19.257,BUY,0.08228202,0.00634027
123195219,2017-12-24T16:00:24.803,SELL,0.0816311,0.1568
123195222,2017-12-24T16:00:25.337,SELL,0.0816311,3.249e-05
123195371,2017-12-24T16:00:44.867,BUY,0.0822812,0.00977136
123195372,2017-12-24T16:00:44.867,BUY,0.08228203,0.1117619
123195375,2017-12-24T16:00:45.07,SELL,0.08159701,0.02876819
123195381,2017-12-24T16:00:45.473,SELL,0.08156,0.02412472
123195387,2017-12-24T16:00:46.02,BUY,0.08155374,0.0529
123195388,2017-12-24T16:00:46.02,BUY,0.0822812,0.00977136
123195389,2017-12-24T16:00:46.02,BUY,0.08228203,0.0588619
123195414,2017-12-24T16:00:49.66,BUY,0.0822812,0.00977136
123195415,2017-12-24T16:00:49.66,BUY,0.08228203,0.1117619
123195418,2017-12-24T16:00:50.583,SELL,0.08150172,0.00981574
123195419,2017-12-24T16:00:50.583,SELL,0.08150091,0.67782823
123195420,2017-12-24T16:00:50.583,SELL,0.0815,0.04185603
123195421,2017-12-24T16:00:50.66,SELL,0.0815,2.764e-05
123195422,2017-12-24T16:00:51.21,SELL,0.08147912,0.12024111
123195424,2017-12-24T16:00:51.317,BUY,0.08147861,0.00981574
123195426,2017-12-24T16:00:51.363,BUY,0.08147861,0.67782823
123195430,2017-12-24T16:00:52.053,BUY,0.08149,0.0932009
123195437,2017-12-24T16:00:53.303,BUY,0.08149,0.00023359
123195441,2017-12-24T16:00:54.723,BUY,0.0816311,0.12153326
123195448,2017-12-24T16:00:56.317,SELL,0.08149,0.0485
123195449,2017-12-24T16:00:57.897,SELL,0.08149,2.439e-05
123195478,2017-12-24T16:01:02.55,BUY,0.0816311,0.03698785
123195479,2017-12-24T16:01:02.55,BUY,0.0822812,0.00977136
123195480,2017-12-24T16:01:02.55,BUY,0.082282,0.05719004
123195492,2017-12-24T16:01:05.94,BUY,0.082282,0.00634027
123195563,2017-12-24T16:01:19.457,SELL,0.0814531,0.0098216
123195564,2017-12-24T16:01:19.473,SELL,0.08145229,0.16222743
123195565,2017-12-24T16:01:19.473,SELL,0.08145221,0.49645097
123195567,2017-12-24T16:01:20.003,SELL,0.08145221,4.385e-05
123195570,2017-12-24T16:01:20.52,SELL,0.0814295,0.05556758
123195674,2017-12-24T16:01:38.94,BUY,0.0814531,0.016
123195826,2017-12-24T16:02:09.437,BUY,0.0814531,0.00820534
123195842,2017-12-24T16:02:11.873,SELL,0.0814531,0.03506506
123195893,2017-12-24T16:02:18.843,BUY,0.08145309,0.00188708
123195894,2017-12-24T16:02:18.843,BUY,0.08228032,0.00977147
123195895,2017-12-24T16:02:18.843,BUY,0.08228115,0.15934145
123196021,2017-12-24T16:02:58.95,SELL,0.08134847,0.00983423
123196022,2017-12-24T16:02:58.95,SELL,0.08134846,0.20118364
123196023,2017-12-24T16:02:58.95,SELL,0.08134767,0.27414346
123196024,2017-12-24T16:02:59.67,SELL,0.08134767,0.46159211
123196025,2017-12-24T16:02:59.67,SELL,0.08134765,0.02356921
123196033,2017-12-24T16:03:06.357,BUY,0.08227517,0.63516376
123196037,2017-12-24T16:03:08.31,SELL,0.08134847,0.00677741
123196038,2017-12-24T16:03:08.357,SELL,0.08134847,0.00305682
123196041,2017-12-24T16:03:09.637,BUY,0.08134847,0.05635292
123196042,2017-12-24T16:03:09.637,BUY,0.08134847,0.31730271
123196043,2017-12-24T16:03:09.637,BUY,0.08134847,0.30963739
123196045,2017-12-24T16:03:10.247,BUY,0.08134847,0.00704488
123196047,2017-12-24T16:03:10.527,BUY,0.08134847,0.03687838
123196057,2017-12-24T16:03:19.76,BUY,0.08134847,0.02385613
123196061,2017-12-24T16:03:22.557,BUY,0.08134847,0.22056999
123196062,2017-12-24T16:03:22.557,BUY,0.08134847,0.02943001
123196065,2017-12-24T16:03:23.963,BUY,0.08134847,0.16095157
123196066,2017-12-24T16:03:23.98,SELL,0.08134847,0.04977098
123196067,2017-12-24T16:03:23.98,SELL,0.08134846,0.0122928
123196068,2017-12-24T16:03:23.98,SELL,0.08134846,0.00983423
123196086,2017-12-24T16:03:33.323,BUY,0.08134846,0.00621663
123196164,2017-12-24T16:03:48.4,BUY,0.08227347,0.00977228
123196174,2017-12-24T16:03:52.197,BUY,0.08227418,0.0097722
123196175,2017-12-24T16:03:52.197,BUY,0.08227492,0.00366156
123196177,2017-12-24T16:03:54.727,SELL,0.08227347,0.011023
123196178,2017-12-24T16:03:54.727,SELL,0.08227347,0.00696567
123196204,2017-12-24T16:04:01.337,BUY,0.08227347,0.017
123196205,2017-12-24T16:04:01.337,BUY,0.08227347,0.017989
123196206,2017-12-24T16:04:01.337,BUY,0.08227408,0.00977221
123196207,2017-12-24T16:04:01.337,BUY,0.08227489,1.85477402
123196249,2017-12-24T16:04:10.32,BUY,0.08227347,0.01289407
123196257,2017-12-24T16:04:10.79,BUY,0.08227347,0.01110593
123196266,2017-12-24T16:04:12.6,SELL,0.08227347,0.00420143
123196267,2017-12-24T16:04:12.6,SELL,0.08150081,0.00981585
123196271,2017-12-24T16:04:13.757,BUY,0.08227408,0.00977221
123196272,2017-12-24T16:04:13.757,BUY,0.08227408,0.00977221
123196276,2017-12-24T16:04:16.82,SELL,0.08227408,0.016997
123196277,2017-12-24T16:04:16.897,SELL,0.08227408,0.05489588
123196303,2017-12-24T16:04:29.507,SELL,0.08160111,0.017
123196304,2017-12-24T16:04:29.52,SELL,0.08160111,0.02272086
123196305,2017-12-24T16:04:29.52,SELL,0.08160111,0.00637914
123196309,2017-12-24T16:04:31.287,SELL,0.08160111,1.391e-05
123196442,2017-12-24T16:05:09.033,SELL,0.08150081,0.00981585
123196528,2017-12-24T16:05:24.69,SELL,0.08150081,0.00981585
123196529,2017-12-24T16:05:24.69,SELL,0.0815,0.10129859
123196544,2017-12-24T16:05:27.19,SELL,0.0815,0.42395874
123196558,2017-12-24T16:05:29.877,SELL,0.0815,0.11019623
123196605,2017-12-24T16:05:37.22,SELL,0.0815,0.05166018
123196606,2017-12-24T16:05:37.22,SELL,0.08134846,0.12878125
123196607,2017-12-24T16:05:37.22,SELL,0.08134782,5.81955857
123196625,2017-12-24T16:05:42.47,BUY,0.08160111,0.02472287
123196643,2017-12-24T16:05:49.83,BUY,0.08160111,0.07527713
123196646,2017-12-24T16:05:51.237,SELL,0.08168271,9.023e-05
123196656,2017-12-24T16:05:54.08,BUY,0.08150081,0.77
123196661,2017-12-24T16:05:55.063,BUY,0.08150081,0.2
123196680,2017-12-24T16:05:58.017,BUY,0.08150081,0.12441287
123196724,2017-12-24T16:06:05.017,BUY,0.08168271,1.144595
123196727,2017-12-24T16:06:05.22,BUY,0.08168271,9e-08
123196728,2017-12-24T16:06:05.22,BUY,0.08217917,0.0097835
123196729,2017-12-24T16:06:05.22,BUY,0.08217978,0.16021641
123196797,2017-12-24T16:06:16.75,SELL,0.08150081,0.03610773
123196798,2017-12-24T16:06:16.75,SELL,0.08150081,0.01349679
123196799,2017-12-24T16:06:16.75,SELL,0.08150081,0.060346
123196917,2017-12-24T16:06:42.577,SELL,0.08150081,0.06204542
123196918,2017-12-24T16:06:42.577,SELL,0.08134846,0.00983423
123196919,2017-12-24T16:06:42.577,SELL,0.08134802,0.03851999
123197022,2017-12-24T16:07:05.277,SELL,0.08134846,0.00983423
123197023,2017-12-24T16:07:05.277,SELL,0.08134802,0.01
123197024,2017-12-24T16:07:05.277,SELL,0.08134799,0.04222676
123197025,2017-12-24T16:07:05.277,SELL,0.08134766,0.89131938
123197026,2017-12-24T16:07:05.277,SELL,0.08134765,0.02377141
123197035,2017-12-24T16:07:09.09,BUY,0.08217911,0.01213816
123197036,2017-12-24T16:07:09.293,SELL,0.08134847,0.00983423
123197037,2017-12-24T16:07:09.293,SELL,0.08134765,0.07275099
123197038,2017-12-24T16:07:09.293,SELL,0.08134765,0.02850996
123197220,2017-12-24T16:07:52.197,SELL,0.08134934,0.00983412
123197221,2017-12-24T16:07:52.197,SELL,0.08134853,0.00284231
123197419,2017-12-24T16:08:24.57,SELL,0.0813502,0.03210335
123197420,2017-12-24T16:08:24.57,SELL,0.08135019,0.00983402
123197421,2017-12-24T16:08:24.57,SELL,0.08134938,0.15880597
123197422,2017-12-24T16:08:24.57,SELL,0.08134937,0.04065389
123197434,2017-12-24T16:08:26.15,BUY,0.08134853,0.00319851
123197504,2017-12-24T16:08:45.21,SELL,0.08134846,0.00983423
123197505,2017-12-24T16:08:45.21,SELL,0.08134769,0.05607451
123197506,2017-12-24T16:08:45.21,SELL,0.08134765,0.1399347
123197570,2017-12-24T16:09:01.49,BUY,0.08217718,0.00978373
123197571,2017-12-24T16:09:01.49,BUY,0.08217792,0.05285529
123197572,2017-12-24T16:09:01.49,BUY,0.08217826,0.0097836
123197573,2017-12-24T16:09:01.49,BUY,0.082179,0.0317608
123197575,2017-12-24T16:09:01.96,BUY,0.082179,0.02109449
123197576,2017-12-24T16:09:01.96,BUY,0.08217909,0.89131938
123197577,2017-12-24T16:09:01.96,BUY,0.0821791,0.08758613
123197629,2017-12-24T16:09:28.097,BUY,0.08217699,0.03683031
123197630,2017-12-24T16:09:28.097,BUY,0.082177,0.0254094
123197632,2017-12-24T16:09:29.503,SELL,0.08217718,0.93776029
123197638,2017-12-24T16:09:35.38,SELL,0.08155,3.5
123197641,2017-12-24T16:09:37.707,SELL,0.0815,0.04218032
123197643,2017-12-24T16:09:38.393,BUY,0.0815,0.03668099
123197717,2017-12-24T16:10:10.593,BUY,0.08149991,0.01761843
123197718,2017-12-24T16:10:10.593,BUY,0.08149991,0.00584493
123197728,2017-12-24T16:10:18.83,BUY,0.08141852,0.02346336
123197729,2017-12-24T16:10:19.937,SELL,0.08145,0.45457098
123197730,2017-12-24T16:10:19.953,SELL,0.0814,1.99985221
123197733,2017-12-24T16:10:21.203,BUY,0.0814,0.0335007
123197735,2017-12-24T16:10:21.39,SELL,0.08135024,0.00983402
123197736,2017-12-24T16:10:21.39,SELL,0.08134943,0.97866598
123197740,2017-12-24T16:10:22.33,BUY,0.08139991,0.00979731
123197741,2017-12-24T16:10:22.33,BUY,0.08139991,0.00979731
123197742,2017-12-24T16:10:22.33,BUY,0.08139991,0.00979731
123197743,2017-12-24T16:10:22.33,BUY,0.0814,0.97060807
123197756,2017-12-24T16:10:35.373,BUY,0.0814,1.01701571
123197799,2017-12-24T16:11:09.53,SELL,0.08134943,0.2396
123197815,2017-12-24T16:11:22.48,BUY,0.08139999,0.29785203
123197826,2017-12-24T16:11:31.4,SELL,0.08134943,0.4491
123197861,2017-12-24T16:11:41.713,BUY,0.08139999,0.0958643
123197863,2017-12-24T16:11:41.87,SELL,0.08134943,0.07620916
123197864,2017-12-24T16:11:41.87,SELL,0.08134943,0.78468575
123197881,2017-12-24T16:11:50.277,SELL,0.08134943,0.538672
123197883,2017-12-24T16:11:51.807,SELL,0.08134943,0.2294
123197900,2017-12-24T16:12:00.227,BUY,0.08139999,0.02450897
123197990,2017-12-24T16:12:26.57,BUY,0.08139998,0.03646771
123197991,2017-12-24T16:12:26.57,BUY,0.08139999,0.01353229
123198163,2017-12-24T16:13:04.367,BUY,0.08139998,0.01
123198176,2017-12-24T16:13:07.99,SELL,0.08139998,0.99
123198177,2017-12-24T16:13:07.99,SELL,0.0813747,0.44153117
123198200,2017-12-24T16:13:25.753,BUY,0.08139999,0.73116681
123198222,2017-12-24T16:13:48.63,BUY,0.08139999,0.01992029
123198236,2017-12-24T16:13:59.86,BUY,0.08139999,0.03032112
123198307,2017-12-24T16:14:37.94,BUY,0.08139999,0.07941478
123198388,2017-12-24T16:15:11.627,SELL,0.08139998,0.58720866
123198389,2017-12-24T16:15:11.627,SELL,0.08139998,0.24508606
123198390,2017-12-24T16:15:11.627,SELL,0.08139998,0.08080769
123198391,2017-12-24T16:15:11.627,SELL,0.08139998,0.65503047
123198400,2017-12-24T16:15:12.36,BUY,0.08139999,0.02249976
123198413,2017-12-24T16:15:13.093,BUY,0.08139999,0.41227452
123198433,2017-12-24T16:15:16.123,SELL,0.0813747,0.13706696
123198441,2017-12-24T16:15:19.843,SELL,0.0813747,0.04112105
123198445,2017-12-24T16:15:22.11,BUY,0.08139999,0.62438512
123198446,2017-12-24T16:15:22.11,BUY,0.0814,5.39561488
123198479,2017-12-24T16:15:34.987,BUY,0.08139999,0.02833592
123198502,2017-12-24T16:15:39.36,BUY,0.08139999,0.05247177
123198526,2017-12-24T16:15:46.343,BUY,0.0814,2.651808
123198538,2017-12-24T16:15:50.42,BUY,0.0814,4.6e-07
123198561,2017-12-24T16:15:54.687,SELL,0.08140007,0.15911326
123198562,2017-12-24T16:15:54.687,SELL,0.08140007,0.15911326
123198563,2017-12-24T16:15:54.687,SELL,0.08140007,0.15911326
123198564,2017-12-24T16:15:54.687,SELL,0.0814,0.27845897
123198579,2017-12-24T16:15:57.28,BUY,0.0815,0.04766418
123198581,2017-12-24T16:15:57.31,BUY,0.0815,0.65519118
123198584,2017-12-24T16:15:58.077,BUY,0.0815,0.31646527
123198593,2017-12-24T16:15:59.28,BUY,0.0815,0.31646527
123198597,2017-12-24T16:15:59.453,BUY,0.0815,3.58535279
123198598,2017-12-24T16:15:59.453,BUY,0.0815,1.1534025
123198625,2017-12-24T16:16:05.373,BUY,0.0815,1.5
123198645,2017-12-24T16:16:08.5,BUY,0.08157802,0.01847885
123198726,2017-12-24T16:16:20.56,SELL,0.08150055,0.01
123198835,2017-12-24T16:16:36.107,BUY,0.082,0.029175
123199226,2017-12-24T16:17:53.54,BUY,0.08199999,0.02865903
123199282,2017-12-24T16:18:01.477,BUY,0.08199999,0.0073576
123199283,2017-12-24T16:18:01.477,BUY,0.08199999,0.0954141
123199337,2017-12-24T16:18:11.583,SELL,0.08150245,0.01581218
123199344,2017-12-24T16:18:13.757,BUY,0.08199999,0.78779768
123199345,2017-12-24T16:18:13.757,BUY,0.08199999,0.03100672
123199346,2017-12-24T16:18:13.757,BUY,0.082,5.56e-06
123199363,2017-12-24T16:18:16.723,BUY,0.08209998,0.43071852
123199365,2017-12-24T16:18:16.77,BUY,0.08209998,0.30644892
123199366,2017-12-24T16:18:16.77,BUY,0.0821,0.35506027
123199392,2017-12-24T16:18:20.757,SELL,0.08199999,0.23115246
123199406,2017-12-24T16:18:22.24,BUY,0.08199998,0.09974938
123199455,2017-12-24T16:18:32.693,BUY,0.08199998,0.01564615
123199580,2017-12-24T16:18:51.02,BUY,0.08199995,0.4473559
123199701,2017-12-24T16:19:23.44,BUY,0.0819,1.12834905
123199702,2017-12-24T16:19:23.44,BUY,0.0819,0.50176095
123199773,2017-12-24T16:19:34.61,BUY,0.0819,0.18172451
123199775,2017-12-24T16:19:34.783,BUY,0.0819,0.18172565
123199786,2017-12-24T16:19:36.003,BUY,0.0819,0.18172565
123199792,2017-12-24T16:19:39.83,SELL,0.08150037,0.05690082
123199882,2017-12-24T16:20:01.887,BUY,0.0818054,0.00825278
123199883,2017-12-24T16:20:01.887,BUY,0.08189991,0.09174722
123199915,2017-12-24T16:20:11.54,SELL,0.08150035,0.08030587
123199916,2017-12-24T16:20:11.54,SELL,0.08150032,0.79109971
123200057,2017-12-24T16:20:48.12,SELL,0.08154,0.14679912
123200177,2017-12-24T16:21:30.54,SELL,0.08150032,0.19096884
123200178,2017-12-24T16:21:30.54,SELL,0.08150032,0.63713845
123200180,2017-12-24T16:21:30.79,BUY,0.08150032,0.03614491
123200371,2017-12-24T16:22:13.13,SELL,0.08150001,0.21777516
123200372,2017-12-24T16:22:13.13,SELL,0.0815,0.14306341
123200401,2017-12-24T16:22:31.107,BUY,0.08149991,0.0754931
123200402,2017-12-24T16:22:31.107,BUY,0.08149999,0.03598701
123200403,2017-12-24T16:22:31.107,BUY,0.0815,0.33535154
123200405,2017-12-24T16:22:31.67,BUY,0.0815,0.40445868
123200406,2017-12-24T16:22:31.67,BUY,0.08150032,0.04056108
123200412,2017-12-24T16:22:33.683,BUY,0.08150032,0.01780442
123200432,2017-12-24T16:22:49.57,BUY,0.08150032,0.21282396
123200435,2017-12-24T16:22:51.363,BUY,0.08150032,0.08060926
123200631,2017-12-24T16:23:47.577,BUY,0.08150032,0.0140056
123200632,2017-12-24T16:23:47.577,BUY,0.08180531,0.05032873
123200633,2017-12-24T16:23:47.577,BUY,0.0818054,0.00353404
123200665,2017-12-24T16:23:52.2,BUY,0.0818054,0.295
123200669,2017-12-24T16:23:52.48,BUY,0.0818054,0.013
123200708,2017-12-24T16:24:02.6,BUY,0.08150031,1.78116265
123200732,2017-12-24T16:24:08.71,BUY,0.0818054,0.21322115
123200808,2017-12-24T16:24:21.14,SELL,0.0818054,2.0
123200888,2017-12-24T16:24:32.573,SELL,0.0818054,0.66221451
123201039,2017-12-24T16:25:09.437,BUY,0.08184922,0.08637724
123201046,2017-12-24T16:25:10.89,SELL,0.08184923,0.1197
123201093,2017-12-24T16:25:21.383,SELL,0.08184922,0.4288
123201101,2017-12-24T16:25:22.913,BUY,0.08199979,0.03355249
123201102,2017-12-24T16:25:22.913,BUY,0.08199988,0.08862341
123201239,2017-12-24T16:25:44.17,BUY,0.08199979,0.03355249
123201240,2017-12-24T16:25:44.17,BUY,0.08199979,0.01775324
123201248,2017-12-24T16:25:47.39,BUY,0.08199988,0.5
123201263,2017-12-24T16:25:50.043,SELL,0.08199979,0.05094564
123201303,2017-12-24T16:26:00.587,BUY,0.08199988,0.20768994
123201304,2017-12-24T16:26:00.587,BUY,0.08199991,0.01118416
123201305,2017-12-24T16:26:00.587,BUY,0.082,0.1336345
123201306,2017-12-24T16:26:00.587,BUY,0.082,0.16004811
123201444,2017-12-24T16:26:33.183,BUY,0.08217615,0.00978385
123201500,2017-12-24T16:26:43.867,BUY,0.08217911,0.02430199
123201504,2017-12-24T16:26:45.367,BUY,0.08219991,0.00745611
123201505,2017-12-24T16:26:45.367,BUY,0.0822,0.0555217
123201516,2017-12-24T16:26:58.75,SELL,0.08217911,0.106
123201569,2017-12-24T16:27:15.48,SELL,0.08217911,0.22602154
123201570,2017-12-24T16:27:15.48,SELL,0.08217615,0.22137846
123201571,2017-12-24T16:27:16.073,SELL,0.08217615,4.833e-05
123201613,2017-12-24T16:27:25.897,SELL,0.082,0.98744329
123201719,2017-12-24T16:27:42.813,SELL,0.08199979,0.03182378
123201845,2017-12-24T16:28:04.133,SELL,0.08199979,0.7659
123201849,2017-12-24T16:28:04.367,SELL,0.08199979,2.485e-05
123201856,2017-12-24T16:28:07.38,SELL,0.08184922,0.01861669
123201898,2017-12-24T16:28:15.94,SELL,0.08184922,0.08972404
123201902,2017-12-24T16:28:16.55,SELL,0.08184922,0.06205565
123201911,2017-12-24T16:28:19.877,SELL,0.08184922,0.24776267
123202022,2017-12-24T16:28:47.523,SELL,0.08184922,0.01024534
123202037,2017-12-24T16:28:49.88,SELL,0.08184922,0.2751
123202039,2017-12-24T16:28:50.083,SELL,0.08184922,2.271e-05
123202040,2017-12-24T16:28:50.083,SELL,0.0818054,0.12456434
123202083,2017-12-24T16:29:01.097,BUY,0.08189999,0.00822915
123202084,2017-12-24T16:29:01.097,BUY,0.0819,0.49013658
123202099,2017-12-24T16:29:06.75,SELL,0.08163186,0.06929182
123202106,2017-12-24T16:29:08.827,BUY,0.08163186,0.09749635
123202120,2017-12-24T16:29:12.717,BUY,0.08163186,0.11560201
123202121,2017-12-24T16:29:12.717,BUY,0.08189999,6.52414699
123202186,2017-12-24T16:29:31.397,BUY,0.08189998,0.015
123202187,2017-12-24T16:29:31.397,BUY,0.08189999,5.9482
123202221,2017-12-24T16:29:43.517,BUY,0.08189999,0.66
123202239,2017-12-24T16:29:50.623,BUY,0.08189999,0.28735301
123202240,2017-12-24T16:29:50.623,BUY,0.0819,10.43994699
123202255,2017-12-24T16:30:01.993,SELL,0.08189998,0.85238746
123202258,2017-12-24T16:30:03.01,BUY,0.08177386,1.254e-05
123202259,2017-12-24T16:30:03.01,BUY,0.0819,0.01733284
123202277,2017-12-24T16:30:08.46,SELL,0.08176658,0.0173
123202279,2017-12-24T16:30:08.663,SELL,0.08176658,3.08e-06
123202292,2017-12-24T16:30:13.083,BUY,0.0819,1.0
123202298,2017-12-24T16:30:14.66,SELL,0.0815487,0.00939407
123202368,2017-12-24T16:30:31.093,SELL,0.0815487,0.02226086
123202382,2017-12-24T16:30:34.81,SELL,0.08154871,2.63981485
123202386,2017-12-24T16:30:39.26,BUY,0.0815487,0.70957244
123202423,2017-12-24T16:31:01.33,SELL,0.0815487,0.0175325
123202428,2017-12-24T16:31:10.797,SELL,0.08154869,0.04418894
123202450,2017-12-24T16:31:33.443,SELL,0.08150032,0.00859
123199337,2017-12-24T16:18:11.583,SELL,0.08150245,0.01581218
123199344,2017-12-24T16:18:13.757,BUY,0.08199999,0.78779768
123199345,2017-12-24T16:18:13.757,BUY,0.08199999,0.03100672
123199346,2017-12-24T16:18:13.757,BUY,0.082,5.56e-06
123199363,2017-12-24T16:18:16.723,BUY,0.08209998,0.43071852
123199365,2017-12-24T16:18:16.77,BUY,0.08209998,0.30644892
123199366,2017-12-24T16:18:16.77,BUY,0.0821,0.35506027
123199392,2017-12-24T16:18:20.757,SELL,0.08199999,0.23115246
123199406,2017-12-24T16:18:22.24,BUY,0.08199998,0.09974938
123199455,2017-12-24T16:18:32.693,BUY,0.08199998,0.01564615
123199580,2017-12-24T16:18:51.02,BUY,0.08199995,0.4473559
123199701,2017-12-24T16:19:23.44,BUY,0.0819,1.12834905
123199702,2017-12-24T16:19:23.44,BUY,0.0819,0.50176095
123199773,2017-12-24T16:19:34.61,BUY,0.0819,0.18172451
123199775,2017-12-24T16:19:34.783,BUY,0.0819,0.18172565
123199786,2017-12-24T16:19:36.003,BUY,0.0819,0.18172565
123199792,2017-12-24T16:19:39.83,SELL,0.08150037,0.05690082
123199882,2017-12-24T16:20:01.887,BUY,0.0818054,0.00825278
123199883,2017-12-24T16:20:01.887,BUY,0.08189991,0.09174722
123199915,2017-12-24T16:20:11.54,SELL,0.08150035,0.08030587
123199916,2017-12-24T16:20:11.54,SELL,0.08150032,0.79109971
123200057,2017-12-24T16:20:48.12,SELL,0.08154,0.14679912
123200177,2017-12-24T16:21:30.54,SELL,0.08150032,0.19096884
123200178,2017-12-24T16:21:30.54,SELL,0.08150032,0.63713845
123200180,2017-12-24T16:21:30.79,BUY,0.08150032,0.03614491
123200371,2017-12-24T16:22:13.13,SELL,0.08150001,0.21777516
123200372,2017-12-24T16:22:13.13,SELL,0.0815,0.14306341
123200401,2017-12-24T16:22:31.107,BUY,0.08149991,0.0754931
123200402,2017-12-24T16:22:31.107,BUY,0.08149999,0.03598701
123200403,2017-12-24T16:22:31.107,BUY,0.0815,0.33535154
123200405,2017-12-24T16:22:31.67,BUY,0.0815,0.40445868
123200406,2017-12-24T16:22:31.67,BUY,0.08150032,0.04056108
123200412,2017-12-24T16:22:33.683,BUY,0.08150032,0.01780442
123200432,2017-12-24T16:22:49.57,BUY,0.08150032,0.21282396
123200435,2017-12-24T16:22:51.363,BUY,0.08150032,0.08060926
123200631,2017-12-24T16:23:47.577,BUY,0.08150032,0.0140056
123200632,2017-12-24T16:23:47.577,BUY,0.08180531,0.05032873
123200633,2017-12-24T16:23:47.577,BUY,0.0818054,0.00353404
123200665,2017-12-24T16:23:52.2,BUY,0.0818054,0.295
123200669,2017-12-24T16:23:52.48,BUY,0.0818054,0.013
123200708,2017-12-24T16:24:02.6,BUY,0.08150031,1.78116265
123200732,2017-12-24T16:24:08.71,BUY,0.0818054,0.21322115
123200808,2017-12-24T16:24:21.14,SELL,0.0818054,2.0
123200888,2017-12-24T16:24:32.573,SELL,0.0818054,0.66221451
123201039,2017-12-24T16:25:09.437,BUY,0.08184922,0.08637724
123201046,2017-12-24T16:25:10.89,SELL,0.08184923,0.1197
123201093,2017-12-24T16:25:21.383,SELL,0.08184922,0.4288
123201101,2017-12-24T16:25:22.913,BUY,0.08199979,0.03355249
123201102,2017-12-24T16:25:22.913,BUY,0.08199988,0.08862341
123201239,2017-12-24T16:25:44.17,BUY,0.08199979,0.03355249
123201240,2017-12-24T16:25:44.17,BUY,0.08199979,0.01775324
123201248,2017-12-24T16:25:47.39,BUY,0.08199988,0.5
123201263,2017-12-24T16:25:50.043,SELL,0.08199979,0.05094564
123201303,2017-12-24T16:26:00.587,BUY,0.08199988,0.20768994
123201304,2017-12-24T16:26:00.587,BUY,0.08199991,0.01118416
123201305,2017-12-24T16:26:00.587,BUY,0.082,0.1336345
123201306,2017-12-24T16:26:00.587,BUY,0.082,0.16004811
123201444,2017-12-24T16:26:33.183,BUY,0.08217615,0.00978385
123201500,2017-12-24T16:26:43.867,BUY,0.08217911,0.02430199
123201504,2017-12-24T16:26:45.367,BUY,0.08219991,0.00745611
123201505,2017-12-24T16:26:45.367,BUY,0.0822,0.0555217
123201516,2017-12-24T16:26:58.75,SELL,0.08217911,0.106
123201569,2017-12-24T16:27:15.48,SELL,0.08217911,0.22602154
123201570,2017-12-24T16:27:15.48,SELL,0.08217615,0.22137846
123201571,2017-12-24T16:27:16.073,SELL,0.08217615,4.833e-05
123201613,2017-12-24T16:27:25.897,SELL,0.082,0.98744329
123201719,2017-12-24T16:27:42.813,SELL,0.08199979,0.03182378
123201845,2017-12-24T16:28:04.133,SELL,0.08199979,0.7659
123201849,2017-12-24T16:28:04.367,SELL,0.08199979,2.485e-05
123201856,2017-12-24T16:28:07.38,SELL,0.08184922,0.01861669
123201898,2017-12-24T16:28:15.94,SELL,0.08184922,0.08972404
123201902,2017-12-24T16:28:16.55,SELL,0.08184922,0.06205565
123201911,2017-12-24T16:28:19.877,SELL,0.08184922,0.24776267
123202022,2017-12-24T16:28:47.523,SELL,0.08184922,0.01024534
123202037,2017-12-24T16:28:49.88,SELL,0.08184922,0.2751
123202039,2017-12-24T16:28:50.083,SELL,0.08184922,2.271e-05
123202040,2017-12-24T16:28:50.083,SELL,0.0818054,0.12456434
123202083,2017-12-24T16:29:01.097,BUY,0.08189999,0.00822915
123202084,2017-12-24T16:29:01.097,BUY,0.0819,0.49013658
123202099,2017-12-24T16:29:06.75,SELL,0.08163186,0.06929182
123202106,2017-12-24T16:29:08.827,BUY,0.08163186,0.09749635
123202120,2017-12-24T16:29:12.717,BUY,0.08163186,0.11560201
123202121,2017-12-24T16:29:12.717,BUY,0.08189999,6.52414699
123202186,2017-12-24T16:29:31.397,BUY,0.08189998,0.015
123202187,2017-12-24T16:29:31.397,BUY,0.08189999,5.9482
123202221,2017-12-24T16:29:43.517,BUY,0.08189999,0.66
123202239,2017-12-24T16:29:50.623,BUY,0.08189999,0.28735301
123202240,2017-12-24T16:29:50.623,BUY,0.0819,10.43994699
123202255,2017-12-24T16:30:01.993,SELL,0.08189998,0.85238746
123202258,2017-12-24T16:30:03.01,BUY,0.08177386,1.254e-05
123202259,2017-12-24T16:30:03.01,BUY,0.0819,0.01733284
123202277,2017-12-24T16:30:08.46,SELL,0.08176658,0.0173
123202279,2017-12-24T16:30:08.663,SELL,0.08176658,3.08e-06
123202292,2017-12-24T16:30:13.083,BUY,0.0819,1.0
123202298,2017-12-24T16:30:14.66,SELL,0.0815487,0.00939407
123202368,2017-12-24T16:30:31.093,SELL,0.0815487,0.02226086
123202382,2017-12-24T16:30:34.81,SELL,0.08154871,2.63981485
123202386,2017-12-24T16:30:39.26,BUY,0.0815487,0.70957244
123202423,2017-12-24T16:31:01.33,SELL,0.0815487,0.0175325
123202428,2017-12-24T16:31:10.797,SELL,0.08154869,0.04418894
123202450,2017-12-24T16:31:33.443,SELL,0.08150032,0.00859
123202469,2017-12-24T16:31:48.297,SELL,0.0815487,0.01753373
123202470,2017-12-24T16:31:48.313,SELL,0.08154869,0.07726627
123202471,2017-12-24T16:31:48.58,SELL,0.08154869,2.354e-05
123202475,2017-12-24T16:31:52.61,SELL,0.08153019,0.016121
123202476,2017-12-24T16:31:52.61,SELL,0.08150032,0.06119608
123202477,2017-12-24T16:31:52.61,SELL,0.08140025,0.056434
123202478,2017-12-24T16:31:52.61,SELL,0.08140023,9.91687802
123202507,2017-12-24T16:32:06.883,BUY,0.08189995,0.04729641
123202516,2017-12-24T16:32:15.21,SELL,0.08140023,0.0141085
123202528,2017-12-24T16:32:22.473,BUY,0.08140023,0.03741
123202539,2017-12-24T16:32:27.703,BUY,0.08140023,0.037411
123202540,2017-12-24T16:32:28.533,SELL,0.08140022,0.59
123202547,2017-12-24T16:32:30.673,BUY,0.08140023,0.06142488
123202549,2017-12-24T16:32:31.297,BUY,0.08140023,0.027781
123202554,2017-12-24T16:32:34.047,BUY,0.08140023,0.018277
123202559,2017-12-24T16:32:40.45,BUY,0.08140023,2.2e-07
123202560,2017-12-24T16:32:40.45,BUY,0.0815487,0.02999978
123202567,2017-12-24T16:32:47.667,BUY,0.0815487,2.2e-07
123202568,2017-12-24T16:32:47.667,BUY,0.0816999,0.0123568
123202580,2017-12-24T16:33:05.41,BUY,0.08169985,0.02695927
123202594,2017-12-24T16:33:16.687,BUY,0.08169985,0.01223992
123202599,2017-12-24T16:33:22.077,SELL,0.08140022,0.87932247
123202601,2017-12-24T16:33:23.31,BUY,0.08140022,1.48
123202603,2017-12-24T16:33:23.56,BUY,0.08140022,0.64067753
123202607,2017-12-24T16:33:33.76,SELL,0.08150032,0.9793
123202608,2017-12-24T16:33:34.057,SELL,0.08150032,2.636e-05
123202626,2017-12-24T16:33:58.17,BUY,0.08169981,0.01737377
123202630,2017-12-24T16:34:04.637,SELL,0.08140022,0.5
123202636,2017-12-24T16:34:13.383,BUY,0.08169981,0.01344344
123202689,2017-12-24T16:34:59.07,BUY,0.0816998,6.10466611
123202702,2017-12-24T16:35:14.94,BUY,0.08169978,0.00671696
123202712,2017-12-24T16:35:23.297,BUY,0.08169978,0.09246458
123202713,2017-12-24T16:35:23.297,BUY,0.0816998,0.02993474
123202748,2017-12-24T16:36:00.86,BUY,0.08150025,0.10217224
123202751,2017-12-24T16:36:02.893,BUY,0.08150025,0.01488611
123200631,2017-12-24T16:23:47.577,BUY,0.08150032,0.0140056
123200632,2017-12-24T16:23:47.577,BUY,0.08180531,0.05032873
123200633,2017-12-24T16:23:47.577,BUY,0.0818054,0.00353404
123200665,2017-12-24T16:23:52.2,BUY,0.0818054,0.295
123200669,2017-12-24T16:23:52.48,BUY,0.0818054,0.013
123200708,2017-12-24T16:24:02.6,BUY,0.08150031,1.78116265
123200732,2017-12-24T16:24:08.71,BUY,0.0818054,0.21322115
123200808,2017-12-24T16:24:21.14,SELL,0.0818054,2.0
123200888,2017-12-24T16:24:32.573,SELL,0.0818054,0.66221451
123201039,2017-12-24T16:25:09.437,BUY,0.08184922,0.08637724
123201046,2017-12-24T16:25:10.89,SELL,0.08184923,0.1197
123201093,2017-12-24T16:25:21.383,SELL,0.08184922,0.4288
123201101,2017-12-24T16:25:22.913,BUY,0.08199979,0.03355249
123201102,2017-12-24T16:25:22.913,BUY,0.08199988,0.08862341
123201239,2017-12-24T16:25:44.17,BUY,0.08199979,0.03355249
123201240,2017-12-24T16:25:44.17,BUY,0.08199979,0.01775324
123201248,2017-12-24T16:25:47.39,BUY,0.08199988,0.5
123201263,2017-12-24T16:25:50.043,SELL,0.08199979,0.05094564
123201303,2017-12-24T16:26:00.587,BUY,0.08199988,0.20768994
123201304,2017-12-24T16:26:00.587,BUY,0.08199991,0.01118416
123201305,2017-12-24T16:26:00.587,BUY,0.082,0.1336345
123201306,2017-12-24T16:26:00.587,BUY,0.082,0.16004811
123201444,2017-12-24T16:26:33.183,BUY,0.08217615,0.00978385
123201500,2017-12-24T16:26:43.867,BUY,0.08217911,0.02430199
123201504,2017-12-24T16:26:45.367,BUY,0.08219991,0.00745611
123201505,2017-12-24T16:26:45.367,BUY,0.0822,0.0555217
123201516,2017-12-24T16:26:58.75,SELL,0.08217911,0.106
123201569,2017-12-24T16:27:15.48,SELL,0.08217911,0.22602154
123201570,2017-12-24T16:27:15.48,SELL,0.08217615,0.22137846
123201571,2017-12-24T16:27:16.073,SELL,0.08217615,4.833e-05
123201613,2017-12-24T16:27:25.897,SELL,0.082,0.98744329
123201719,2017-12-24T16:27:42.813,SELL,0.08199979,0.03182378
123201845,2017-12-24T16:28:04.133,SELL,0.08199979,0.7659
123201849,2017-12-24T16:28:04.367,SELL,0.08199979,2.485e-05
123201856,2017-12-24T16:28:07.38,SELL,0.08184922,0.01861669
123201898,2017-12-24T16:28:15.94,SELL,0.08184922,0.08972404
123201902,2017-12-24T16:28:16.55,SELL,0.08184922,0.06205565
123201911,2017-12-24T16:28:19.877,SELL,0.08184922,0.24776267
123202022,2017-12-24T16:28:47.523,SELL,0.08184922,0.01024534
123202037,2017-12-24T16:28:49.88,SELL,0.08184922,0.2751
123202039,2017-12-24T16:28:50.083,SELL,0.08184922,2.271e-05
123202040,2017-12-24T16:28:50.083,SELL,0.0818054,0.12456434
123202083,2017-12-24T16:29:01.097,BUY,0.08189999,0.00822915
123202084,2017-12-24T16:29:01.097,BUY,0.0819,0.49013658
123202099,2017-12-24T16:29:06.75,SELL,0.08163186,0.06929182
123202106,2017-12-24T16:29:08.827,BUY,0.08163186,0.09749635
123202120,2017-12-24T16:29:12.717,BUY,0.08163186,0.11560201
123202121,2017-12-24T16:29:12.717,BUY,0.08189999,6.52414699
123202186,2017-12-24T16:29:31.397,BUY,0.08189998,0.015
123202187,2017-12-24T16:29:31.397,BUY,0.08189999,5.9482
123202221,2017-12-24T16:29:43.517,BUY,0.08189999,0.66
123202239,2017-12-24T16:29:50.623,BUY,0.08189999,0.28735301
123202240,2017-12-24T16:29:50.623,BUY,0.0819,10.43994699
123202255,2017-12-24T16:30:01.993,SELL,0.08189998,0.85238746
123202258,2017-12-24T16:30:03.01,BUY,0.08177386,1.254e-05
123202259,2017-12-24T16:30:03.01,BUY,0.0819,0.01733284
123202277,2017-12-24T16:30:08.46,SELL,0.08176658,0.0173
123202279,2017-12-24T16:30:08.663,SELL,0.08176658,3.08e-06
123202292,2017-12-24T16:30:13.083,BUY,0.0819,1.0
123202298,2017-12-24T16:30:14.66,SELL,0.0815487,0.00939407
123202368,2017-12-24T16:30:31.093,SELL,0.0815487,0.02226086
123202382,2017-12-24T16:30:34.81,SELL,0.08154871,2.63981485
123202386,2017-12-24T16:30:39.26,BUY,0.0815487,0.70957244
123202423,2017-12-24T16:31:01.33,SELL,0.0815487,0.0175325
123202428,2017-12-24T16:31:10.797,SELL,0.08154869,0.04418894
123202450,2017-12-24T16:31:33.443,SELL,0.08150032,0.00859
123202469,2017-12-24T16:31:48.297,SELL,0.0815487,0.01753373
123202470,2017-12-24T16:31:48.313,SELL,0.08154869,0.07726627
123202471,2017-12-24T16:31:48.58,SELL,0.08154869,2.354e-05
123202475,2017-12-24T16:31:52.61,SELL,0.08153019,0.016121
123202476,2017-12-24T16:31:52.61,SELL,0.08150032,0.06119608
123202477,2017-12-24T16:31:52.61,SELL,0.08140025,0.056434
123202478,2017-12-24T16:31:52.61,SELL,0.08140023,9.91687802
123202507,2017-12-24T16:32:06.883,BUY,0.08189995,0.04729641
123202516,2017-12-24T16:32:15.21,SELL,0.08140023,0.0141085
123202528,2017-12-24T16:32:22.473,BUY,0.08140023,0.03741
123202539,2017-12-24T16:32:27.703,BUY,0.08140023,0.037411
123202540,2017-12-24T16:32:28.533,SELL,0.08140022,0.59
123202547,2017-12-24T16:32:30.673,BUY,0.08140023,0.06142488
123202549,2017-12-24T16:32:31.297,BUY,0.08140023,0.027781
123202554,2017-12-24T16:32:34.047,BUY,0.08140023,0.018277
123202559,2017-12-24T16:32:40.45,BUY,0.08140023,2.2e-07
123202560,2017-12-24T16:32:40.45,BUY,0.0815487,0.02999978
123202567,2017-12-24T16:32:47.667,BUY,0.0815487,2.2e-07
123202568,2017-12-24T16:32:47.667,BUY,0.0816999,0.0123568
123202580,2017-12-24T16:33:05.41,BUY,0.08169985,0.02695927
123202594,2017-12-24T16:33:16.687,BUY,0.08169985,0.01223992
123202599,2017-12-24T16:33:22.077,SELL,0.08140022,0.87932247
123202601,2017-12-24T16:33:23.31,BUY,0.08140022,1.48
123202603,2017-12-24T16:33:23.56,BUY,0.08140022,0.64067753
123202607,2017-12-24T16:33:33.76,SELL,0.08150032,0.9793
123202608,2017-12-24T16:33:34.057,SELL,0.08150032,2.636e-05
123202626,2017-12-24T16:33:58.17,BUY,0.08169981,0.01737377
123202630,2017-12-24T16:34:04.637,SELL,0.08140022,0.5
123202636,2017-12-24T16:34:13.383,BUY,0.08169981,0.01344344
123202689,2017-12-24T16:34:59.07,BUY,0.0816998,6.10466611
123202702,2017-12-24T16:35:14.94,BUY,0.08169978,0.00671696
123202712,2017-12-24T16:35:23.297,BUY,0.08169978,0.09246458
123202713,2017-12-24T16:35:23.297,BUY,0.0816998,0.02993474
123202748,2017-12-24T16:36:00.86,BUY,0.08150025,0.10217224
123202751,2017-12-24T16:36:02.893,BUY,0.08150025,0.01488611
123202757,2017-12-24T16:36:08.123,BUY,0.08150025,0.08
123202762,2017-12-24T16:36:08.827,BUY,0.08150025,0.09244806
123202766,2017-12-24T16:36:11.11,BUY,0.08150025,1.01684377
123202767,2017-12-24T16:36:11.11,BUY,0.08150025,1.20144292
123202768,2017-12-24T16:36:11.11,BUY,0.08169978,0.05
123202769,2017-12-24T16:36:11.11,BUY,0.08169981,1.24983931
123202787,2017-12-24T16:36:23.073,BUY,0.08150025,0.3
123202823,2017-12-24T16:36:50.343,SELL,0.08140034,0.10413133
123202824,2017-12-24T16:36:50.343,SELL,0.08140033,0.15859018
123202825,2017-12-24T16:36:50.343,SELL,0.08140033,0.15859018
123202826,2017-12-24T16:36:50.343,SELL,0.08140033,0.30666818
123202833,2017-12-24T16:37:00.823,BUY,0.08169979,0.03034822
123202837,2017-12-24T16:37:03.9,BUY,0.08169979,0.10265138
123202849,2017-12-24T16:37:17.82,SELL,0.08140033,0.945
123202854,2017-12-24T16:37:32.797,SELL,0.08140033,0.04
123202856,2017-12-24T16:37:35.233,SELL,0.08140033,0.0158875
123202903,2017-12-24T16:38:31.417,SELL,0.08140034,0.33371335
123202929,2017-12-24T16:38:47.13,SELL,0.08162572,0.02
123202942,2017-12-24T16:38:52.787,BUY,0.0816499,0.11069753
123202943,2017-12-24T16:38:52.787,BUY,0.08164999,0.13930247
123202954,2017-12-24T16:39:05.767,BUY,0.0816499,0.06123706
123202967,2017-12-24T16:39:17.513,SELL,0.0814381,0.02
123202969,2017-12-24T16:39:17.747,SELL,0.0814381,0.02
123202970,2017-12-24T16:39:17.967,SELL,0.0814381,0.02
123202972,2017-12-24T16:39:18.543,SELL,0.0814381,0.37877211
123202973,2017-12-24T16:39:18.543,SELL,0.08143809,0.02
123202974,2017-12-24T16:39:18.543,SELL,0.08143809,1.51996843
123202975,2017-12-24T16:39:18.543,SELL,0.08143809,0.01995946
123203009,2017-12-24T16:39:33.413,SELL,0.08143809,0.10252622
123203010,2017-12-24T16:39:33.413,SELL,0.08143809,0.05797378
123203011,2017-12-24T16:39:33.82,SELL,0.08143809,2.527e-05
123203022,2017-12-24T16:39:39.223,SELL,0.08143809,0.02261259
123203023,2017-12-24T16:39:39.223,SELL,0.08143809,0.12248568
123203034,2017-12-24T16:39:43.643,BUY,0.08143809,0.19654481
123203038,2017-12-24T16:39:48.08,BUY,0.08143809,0.015567
123203041,2017-12-24T16:39:52.22,BUY,0.08143809,0.037311
123203051,2017-12-24T16:39:55.483,BUY,0.081438,0.053386
123203052,2017-12-24T16:39:55.483,BUY,0.08143809,1.68120316
123203074,2017-12-24T16:40:04.637,BUY,0.081438,0.033834
123203086,2017-12-24T16:40:14.26,BUY,0.081438,0.019552
123203103,2017-12-24T16:40:22.52,SELL,0.081438,0.31747272
123203111,2017-12-24T16:40:27.707,BUY,0.081438,0.04889948
123203117,2017-12-24T16:40:28.503,BUY,0.081438,0.12279264
123203132,2017-12-24T16:40:37.267,BUY,0.081438,0.44495652
123203138,2017-12-24T16:40:42.593,BUY,0.081438,0.27175153
123203139,2017-12-24T16:40:42.593,BUY,0.081438,0.00772898
123203140,2017-12-24T16:40:42.593,BUY,0.081438,1.0
123203141,2017-12-24T16:40:42.593,BUY,0.08143809,0.15497938
123203157,2017-12-24T16:40:54.573,BUY,0.08143809,0.25
123203158,2017-12-24T16:40:55.34,SELL,0.081438,0.01779533
123203160,2017-12-24T16:40:57.4,BUY,0.08143809,0.01311679
123203179,2017-12-24T16:41:08.943,BUY,0.08143809,0.30617959
123203205,2017-12-24T16:41:18.627,BUY,0.0816499,0.03506717
123203235,2017-12-24T16:41:36.87,BUY,0.081649,0.11997209
123203351,2017-12-24T16:42:37.633,BUY,0.08164897,0.00767056
123203427,2017-12-24T16:43:34.783,BUY,0.08164896,0.02294806
123203428,2017-12-24T16:43:34.783,BUY,0.08164897,0.02723916
123203429,2017-12-24T16:43:34.8,BUY,0.08164897,0.27161395
123203430,2017-12-24T16:43:34.8,BUY,0.08164897,14.89919883
123203431,2017-12-24T16:43:35.893,SELL,0.08143818,0.11672864
123203432,2017-12-24T16:43:35.893,SELL,0.08143817,0.14769134
123203433,2017-12-24T16:43:35.893,SELL,0.08143817,0.14769134
123203434,2017-12-24T16:43:35.893,SELL,0.08143809,1.69382041
123203435,2017-12-24T16:43:35.893,SELL,0.081438,0.26220467
123203442,2017-12-24T16:43:39.86,BUY,0.081438,0.094232
123203444,2017-12-24T16:43:39.86,BUY,0.081438,0.09075592
123203447,2017-12-24T16:43:44.187,BUY,0.081438,0.37948718
123203448,2017-12-24T16:43:44.187,BUY,0.08164895,0.12235268
123203449,2017-12-24T16:43:44.187,BUY,0.08164897,25.04867114
123203484,2017-12-24T16:43:58.23,BUY,0.08164897,4.2
123203502,2017-12-24T16:44:12.397,BUY,0.08164897,0.02197327
123203539,2017-12-24T16:44:27.377,BUY,0.08164897,0.19639025
123203584,2017-12-24T16:44:53.18,BUY,0.08164897,0.30053229
123203585,2017-12-24T16:44:53.18,BUY,0.08164897,0.06242611
123203626,2017-12-24T16:45:02.833,BUY,0.08164897,0.40669489
123203627,2017-12-24T16:45:02.833,BUY,0.08164897,0.12137966
123203628,2017-12-24T16:45:02.833,BUY,0.08164897,0.1704512
123203629,2017-12-24T16:45:02.833,BUY,0.0816499,0.08
123203714,2017-12-24T16:45:24.67,BUY,0.08169978,0.0351582
123203715,2017-12-24T16:45:24.67,BUY,0.08169981,0.48406281
123203734,2017-12-24T16:45:28.153,SELL,0.081649,0.14877617
123203736,2017-12-24T16:45:28.67,BUY,0.08169981,0.12239932
123203745,2017-12-24T16:45:29.98,BUY,0.08169981,0.12239932
123203763,2017-12-24T16:45:42.07,BUY,0.08169981,0.04626637
123203775,2017-12-24T16:45:52.71,SELL,0.081649,0.11904761
123203794,2017-12-24T16:46:03.11,SELL,0.081649,0.3629584
123203805,2017-12-24T16:46:17.623,SELL,0.081649,0.11930406
123203810,2017-12-24T16:46:27.12,SELL,0.081649,0.25942288
123203815,2017-12-24T16:46:31.447,SELL,0.081649,1.26060173
123203830,2017-12-24T16:46:40.333,BUY,0.08169972,0.02981339
123203851,2017-12-24T16:46:58.53,SELL,0.081649,0.78412129
123203852,2017-12-24T16:46:58.53,SELL,0.081649,0.08535186
123203865,2017-12-24T16:47:09.963,SELL,0.08164897,0.01940134
123203930,2017-12-24T16:47:47.017,BUY,0.08169971,0.03473612
123203931,2017-12-24T16:47:47.03,BUY,0.08169972,0.0062
123203932,2017-12-24T16:47:47.03,BUY,0.08169981,1.11831759
123203933,2017-12-24T16:47:47.03,BUY,0.08169981,0.17614472
123203934,2017-12-24T16:47:47.03,BUY,0.08169981,0.01419957
123204077,2017-12-24T16:48:41.89,BUY,0.08169981,4.3e-07
123204078,2017-12-24T16:48:41.89,BUY,0.08169981,0.21933515
123204082,2017-12-24T16:48:44.22,SELL,0.08164897,0.0904053
123204083,2017-12-24T16:48:44.22,SELL,0.08155575,0.02785653
123204084,2017-12-24T16:48:44.22,SELL,0.08141163,0.28120441
123204085,2017-12-24T16:48:44.22,SELL,0.08141162,0.38304466
123204089,2017-12-24T16:48:53.497,SELL,0.08141162,0.10262738
123204100,2017-12-24T16:48:56.87,BUY,0.08169981,0.18066485
123204101,2017-12-24T16:48:56.87,BUY,0.08169981,0.07665654
123204102,2017-12-24T16:48:56.87,BUY,0.08169985,0.0997927
123204103,2017-12-24T16:48:56.87,BUY,0.08189994,0.03531636
123204104,2017-12-24T16:48:56.87,BUY,0.08189998,0.0530721
123204142,2017-12-24T16:49:16.677,BUY,0.08169981,0.38176529
123204146,2017-12-24T16:49:18.253,BUY,0.08169981,4.86291075
123204220,2017-12-24T16:49:46.573,SELL,0.08141165,0.05717288
123204263,2017-12-24T16:49:58.71,BUY,0.08189997,0.11630001
123204329,2017-12-24T16:50:17.157,BUY,0.08189995,0.51933071
123204330,2017-12-24T16:50:17.157,BUY,0.08189997,0.13066929
123204349,2017-12-24T16:50:20.547,BUY,0.08189997,0.391518
123204394,2017-12-24T16:50:33.81,BUY,0.08189997,0.12210012
123204396,2017-12-24T16:50:36.06,BUY,0.08189997,0.12210012
123204398,2017-12-24T16:50:37.76,BUY,0.08189997,0.24
123204408,2017-12-24T16:50:40.48,BUY,0.08189997,0.04221193
123204413,2017-12-24T16:50:41.383,BUY,0.08189997,0.0592494
123204414,2017-12-24T16:50:41.383,BUY,0.08189997,0.09693424
123204432,2017-12-24T16:50:51.32,BUY,0.08189998,0.01428557
123204461,2017-12-24T16:51:06.16,BUY,0.08189998,0.03484233
123204462,2017-12-24T16:51:06.16,BUY,0.082,0.08191333
123204468,2017-12-24T16:51:12.08,BUY,0.082,4.4
123204480,2017-12-24T16:51:24.997,BUY,0.082,0.10605055
123204518,2017-12-24T16:52:13.06,BUY,0.082,0.0122256
123204520,2017-12-24T16:52:13.653,BUY,0.082,0.1329468
123204522,2017-12-24T16:52:13.777,BUY,0.082,0.341651
123204523,2017-12-24T16:52:14.7,SELL,0.08189997,0.04214165
123204525,2017-12-24T16:52:15.073,BUY,0.082,5.37002523
123204526,2017-12-24T16:52:15.073,BUY,0.082,0.06690877
123204591,2017-12-24T16:53:02.747,BUY,0.08199999,0.0344744
123204592,2017-12-24T16:53:02.747,BUY,0.082,0.13737062
123204598,2017-12-24T16:53:09.103,BUY,0.082,0.19178032
123204599,2017-12-24T16:53:09.103,BUY,0.082,0.0125
123204604,2017-12-24T16:53:09.933,BUY,0.08201853,0.043918
123204701,2017-12-24T16:53:45.983,SELL,0.08190051,0.20427457
123204702,2017-12-24T16:53:45.983,SELL,0.0819005,0.66978583
123204713,2017-12-24T16:53:47.72,BUY,0.08201853,5.32e-06
123204773,2017-12-24T16:54:16.68,BUY,0.08219999,0.03565015
123204792,2017-12-24T16:54:21.02,SELL,0.08201863,0.0122534
123204798,2017-12-24T16:54:21.6,BUY,0.0822,0.08922817
123204801,2017-12-24T16:54:22.053,BUY,0.0822,0.33854315
123204802,2017-12-24T16:54:22.053,BUY,0.0822002,0.04637187
123204803,2017-12-24T16:54:22.053,BUY,0.08223791,0.02
123204804,2017-12-24T16:54:22.053,BUY,0.08227408,0.07189188
123204805,2017-12-24T16:54:22.053,BUY,0.08227408,0.068
123204806,2017-12-24T16:54:22.053,BUY,0.08227615,0.06953538
123204807,2017-12-24T16:54:22.053,BUY,0.08228203,0.3
123204808,2017-12-24T16:54:22.053,BUY,0.08228203,0.18163373
123204812,2017-12-24T16:54:22.223,SELL,0.08228203,0.06089006
123204872,2017-12-24T16:54:36.877,BUY,0.08228373,0.02451245
123204873,2017-12-24T16:54:36.877,BUY,0.08228373,0.01235213
123204966,2017-12-24T16:55:16.46,BUY,0.08233995,0.0374277
123204967,2017-12-24T16:55:16.46,BUY,0.08233999,0.01142196
123204983,2017-12-24T16:55:19.253,BUY,0.08233999,0.01358932
123204998,2017-12-24T16:55:25.72,BUY,0.08233999,0.09383064
123204999,2017-12-24T16:55:25.72,BUY,0.08245994,0.02761701
123205003,2017-12-24T16:55:27.597,SELL,0.08228373,0.96313542
123205021,2017-12-24T16:55:39.903,SELL,0.08201853,0.02766561
123205022,2017-12-24T16:55:39.903,SELL,0.08201853,0.007
123205028,2017-12-24T16:55:42.45,BUY,0.08234021,0.0132309
123205036,2017-12-24T16:55:45.387,SELL,0.08234021,0.04532538
123205037,2017-12-24T16:55:45.637,SELL,0.08234021,2.58241018
123205064,2017-12-24T16:56:02.477,BUY,0.0823402,0.01323754
123205065,2017-12-24T16:56:02.65,SELL,0.08189998,0.06123706
123205111,2017-12-24T16:56:36.53,BUY,0.08234021,0.02869403
123205126,2017-12-24T16:56:41.56,SELL,0.0819,0.02473291
123205150,2017-12-24T16:56:53.803,BUY,0.08234021,0.49150222
123205151,2017-12-24T16:56:53.803,BUY,0.08245994,1.50351025
123205174,2017-12-24T16:57:10.55,BUY,0.08199999,0.01969322
123205188,2017-12-24T16:57:28.123,BUY,0.08199999,0.01262725
123205203,2017-12-24T16:57:44.837,BUY,0.08199999,0.00191479
123205204,2017-12-24T16:57:44.837,BUY,0.082,0.00992317
123205205,2017-12-24T16:57:44.837,BUY,0.08245994,0.0006229
123205230,2017-12-24T16:58:05.127,BUY,0.08245994,1.72901081
123205250,2017-12-24T16:58:20.967,BUY,0.08245994,0.36290349
123205293,2017-12-24T16:58:45.63,SELL,0.08189998,0.65601607
123205320,2017-12-24T16:59:19.717,SELL,0.08189998,0.2
123205322,2017-12-24T16:59:26.73,SELL,0.08189998,0.01
123205342,2017-12-24T16:59:47.49,SELL,0.08189998,1.0
123205357,2017-12-24T17:00:04.547,BUY,0.08240349,0.0151822
123205358,2017-12-24T17:00:04.547,BUY,0.08245994,0.04586786
123205359,2017-12-24T17:00:05.28,SELL,0.08189998,0.5086449
123205360,2017-12-24T17:00:05.28,SELL,0.08189998,0.2435898
123205361,2017-12-24T17:00:05.28,SELL,0.08189998,0.06598743
123205375,2017-12-24T17:00:15.247,SELL,0.08189998,0.14621729
123205376,2017-12-24T17:00:15.247,SELL,0.08189998,0.06950652
123205377,2017-12-24T17:00:15.247,SELL,0.08189997,0.28427619
123205425,2017-12-24T17:00:44.177,BUY,0.08189998,0.12127106
123203865,2017-12-24T16:47:09.963,SELL,0.08164897,0.01940134
123203930,2017-12-24T16:47:47.017,BUY,0.08169971,0.03473612
123203931,2017-12-24T16:47:47.03,BUY,0.08169972,0.0062
123203932,2017-12-24T16:47:47.03,BUY,0.08169981,1.11831759
123203933,2017-12-24T16:47:47.03,BUY,0.08169981,0.17614472
123203934,2017-12-24T16:47:47.03,BUY,0.08169981,0.01419957
123204077,2017-12-24T16:48:41.89,BUY,0.08169981,4.3e-07
123204078,2017-12-24T16:48:41.89,BUY,0.08169981,0.21933515
123204082,2017-12-24T16:48:44.22,SELL,0.08164897,0.0904053
123204083,2017-12-24T16:48:44.22,SELL,0.08155575,0.02785653
123204084,2017-12-24T16:48:44.22,SELL,0.08141163,0.28120441
123204085,2017-12-24T16:48:44.22,SELL,0.08141162,0.38304466
123204089,2017-12-24T16:48:53.497,SELL,0.08141162,0.10262738
123204100,2017-12-24T16:48:56.87,BUY,0.08169981,0.18066485
123204101,2017-12-24T16:48:56.87,BUY,0.08169981,0.07665654
123204102,2017-12-24T16:48:56.87,BUY,0.08169985,0.0997927
123204103,2017-12-24T16:48:56.87,BUY,0.08189994,0.03531636
123204104,2017-12-24T16:48:56.87,BUY,0.08189998,0.0530721
123204142,2017-12-24T16:49:16.677,BUY,0.08169981,0.38176529
123204146,2017-12-24T16:49:18.253,BUY,0.08169981,4.86291075
123204220,2017-12-24T16:49:46.573,SELL,0.08141165,0.05717288
123204263,2017-12-24T16:49:58.71,BUY,0.08189997,0.11630001
123204329,2017-12-24T16:50:17.157,BUY,0.08189995,0.51933071
123204330,2017-12-24T16:50:17.157,BUY,0.08189997,0.13066929
123204349,2017-12-24T16:50:20.547,BUY,0.08189997,0.391518
123204394,2017-12-24T16:50:33.81,BUY,0.08189997,0.12210012
123204396,2017-12-24T16:50:36.06,BUY,0.08189997,0.12210012
123204398,2017-12-24T16:50:37.76,BUY,0.08189997,0.24
123204408,2017-12-24T16:50:40.48,BUY,0.08189997,0.04221193
123204413,2017-12-24T16:50:41.383,BUY,0.08189997,0.0592494
123204414,2017-12-24T16:50:41.383,BUY,0.08189997,0.09693424
123204432,2017-12-24T16:50:51.32,BUY,0.08189998,0.01428557
123204461,2017-12-24T16:51:06.16,BUY,0.08189998,0.03484233
123204462,2017-12-24T16:51:06.16,BUY,0.082,0.08191333
123204468,2017-12-24T16:51:12.08,BUY,0.082,4.4
123204480,2017-12-24T16:51:24.997,BUY,0.082,0.10605055
123204518,2017-12-24T16:52:13.06,BUY,0.082,0.0122256
123204520,2017-12-24T16:52:13.653,BUY,0.082,0.1329468
123204522,2017-12-24T16:52:13.777,BUY,0.082,0.341651
123204523,2017-12-24T16:52:14.7,SELL,0.08189997,0.04214165
123204525,2017-12-24T16:52:15.073,BUY,0.082,5.37002523
123204526,2017-12-24T16:52:15.073,BUY,0.082,0.06690877
123204591,2017-12-24T16:53:02.747,BUY,0.08199999,0.0344744
123204592,2017-12-24T16:53:02.747,BUY,0.082,0.13737062
123204598,2017-12-24T16:53:09.103,BUY,0.082,0.19178032
123204599,2017-12-24T16:53:09.103,BUY,0.082,0.0125
123204604,2017-12-24T16:53:09.933,BUY,0.08201853,0.043918
123204701,2017-12-24T16:53:45.983,SELL,0.08190051,0.20427457
123204702,2017-12-24T16:53:45.983,SELL,0.0819005,0.66978583
123204713,2017-12-24T16:53:47.72,BUY,0.08201853,5.32e-06
123204773,2017-12-24T16:54:16.68,BUY,0.08219999,0.03565015
123204792,2017-12-24T16:54:21.02,SELL,0.08201863,0.0122534
123204798,2017-12-24T16:54:21.6,BUY,0.0822,0.08922817
123204801,2017-12-24T16:54:22.053,BUY,0.0822,0.33854315
123204802,2017-12-24T16:54:22.053,BUY,0.0822002,0.04637187
123204803,2017-12-24T16:54:22.053,BUY,0.08223791,0.02
123204804,2017-12-24T16:54:22.053,BUY,0.08227408,0.07189188
123204805,2017-12-24T16:54:22.053,BUY,0.08227408,0.068
123204806,2017-12-24T16:54:22.053,BUY,0.08227615,0.06953538
123204807,2017-12-24T16:54:22.053,BUY,0.08228203,0.3
123204808,2017-12-24T16:54:22.053,BUY,0.08228203,0.18163373
123204812,2017-12-24T16:54:22.223,SELL,0.08228203,0.06089006
123204872,2017-12-24T16:54:36.877,BUY,0.08228373,0.02451245
123204873,2017-12-24T16:54:36.877,BUY,0.08228373,0.01235213
123204966,2017-12-24T16:55:16.46,BUY,0.08233995,0.0374277
123204967,2017-12-24T16:55:16.46,BUY,0.08233999,0.01142196
123204983,2017-12-24T16:55:19.253,BUY,0.08233999,0.01358932
123204998,2017-12-24T16:55:25.72,BUY,0.08233999,0.09383064
123204999,2017-12-24T16:55:25.72,BUY,0.08245994,0.02761701
123205003,2017-12-24T16:55:27.597,SELL,0.08228373,0.96313542
123205021,2017-12-24T16:55:39.903,SELL,0.08201853,0.02766561
123205022,2017-12-24T16:55:39.903,SELL,0.08201853,0.007
123205028,2017-12-24T16:55:42.45,BUY,0.08234021,0.0132309
123205036,2017-12-24T16:55:45.387,SELL,0.08234021,0.04532538
123205037,2017-12-24T16:55:45.637,SELL,0.08234021,2.58241018
123205064,2017-12-24T16:56:02.477,BUY,0.0823402,0.01323754
123205065,2017-12-24T16:56:02.65,SELL,0.08189998,0.06123706
123205111,2017-12-24T16:56:36.53,BUY,0.08234021,0.02869403
123205126,2017-12-24T16:56:41.56,SELL,0.0819,0.02473291
123205150,2017-12-24T16:56:53.803,BUY,0.08234021,0.49150222
123205151,2017-12-24T16:56:53.803,BUY,0.08245994,1.50351025
123205174,2017-12-24T16:57:10.55,BUY,0.08199999,0.01969322
123205188,2017-12-24T16:57:28.123,BUY,0.08199999,0.01262725
123205203,2017-12-24T16:57:44.837,BUY,0.08199999,0.00191479
123205204,2017-12-24T16:57:44.837,BUY,0.082,0.00992317
123205205,2017-12-24T16:57:44.837,BUY,0.08245994,0.0006229
123205230,2017-12-24T16:58:05.127,BUY,0.08245994,1.72901081
123205250,2017-12-24T16:58:20.967,BUY,0.08245994,0.36290349
123205293,2017-12-24T16:58:45.63,SELL,0.08189998,0.65601607
123205320,2017-12-24T16:59:19.717,SELL,0.08189998,0.2
123205322,2017-12-24T16:59:26.73,SELL,0.08189998,0.01
123205342,2017-12-24T16:59:47.49,SELL,0.08189998,1.0
123205357,2017-12-24T17:00:04.547,BUY,0.08240349,0.0151822
123205358,2017-12-24T17:00:04.547,BUY,0.08245994,0.04586786
123205359,2017-12-24T17:00:05.28,SELL,0.08189998,0.5086449
123205360,2017-12-24T17:00:05.28,SELL,0.08189998,0.2435898
123205361,2017-12-24T17:00:05.28,SELL,0.08189998,0.06598743
123205375,2017-12-24T17:00:15.247,SELL,0.08189998,0.14621729
123205376,2017-12-24T17:00:15.247,SELL,0.08189998,0.06950652
123205377,2017-12-24T17:00:15.247,SELL,0.08189997,0.28427619
123205425,2017-12-24T17:00:44.177,BUY,0.08189998,0.12127106
123205437,2017-12-24T17:00:54.83,BUY,0.08189998,0.10380847
123205505,2017-12-24T17:01:50.093,BUY,0.08189998,0.02822236
123205506,2017-12-24T17:01:50.093,BUY,0.08189998,0.2787474
123205565,2017-12-24T17:02:27.867,BUY,0.08245992,0.03380817
123205566,2017-12-24T17:02:27.867,BUY,0.08245994,0.06619183
123205577,2017-12-24T17:02:32.927,SELL,0.08189997,0.03633635
123205593,2017-12-24T17:02:50.03,BUY,0.08245988,0.86989346
123205623,2017-12-24T17:03:14.18,BUY,0.08245994,0.0463213
123205624,2017-12-24T17:03:14.18,BUY,0.08245994,0.0536787
123205658,2017-12-24T17:04:00.247,BUY,0.08189998,0.03710575
123205659,2017-12-24T17:04:00.247,BUY,0.08245994,0.06289425
123205683,2017-12-24T17:04:16.29,SELL,0.08189997,0.02049226
123205684,2017-12-24T17:04:16.43,SELL,0.08189997,0.02690426
123205690,2017-12-24T17:04:18.943,SELL,0.08189997,0.06705929
123205696,2017-12-24T17:04:20.46,SELL,0.08189997,0.01341043
123205697,2017-12-24T17:04:20.74,SELL,0.08189997,0.00669188
123205701,2017-12-24T17:04:22.96,SELL,0.08189997,0.02418823
123205705,2017-12-24T17:04:25.27,SELL,0.08189997,0.01777243
123205709,2017-12-24T17:04:26.8,SELL,0.08189997,0.01738859
123205710,2017-12-24T17:04:26.94,SELL,0.08189997,0.00868844
123205713,2017-12-24T17:04:31.33,SELL,0.08189997,0.02667362
123205716,2017-12-24T17:04:33.19,SELL,0.08189997,0.1
123205717,2017-12-24T17:04:34.83,SELL,0.08189997,0.02586023
123205718,2017-12-24T17:04:35.643,SELL,0.08189997,0.01294171
123205720,2017-12-24T17:04:40.03,SELL,0.08189997,0.00703948
123205739,2017-12-24T17:04:57.51,BUY,0.08189998,0.22914773
123205743,2017-12-24T17:05:05.43,BUY,0.08189998,0.04842623
123205744,2017-12-24T17:05:06.587,SELL,0.08189997,0.32390048
123205745,2017-12-24T17:05:06.587,SELL,0.08189997,0.17609952
123205752,2017-12-24T17:05:08.727,BUY,0.08189998,0.72242604
123205762,2017-12-24T17:05:16.46,BUY,0.08245994,0.0122598
123205763,2017-12-24T17:05:16.46,BUY,0.08245994,1.54894802
123205781,2017-12-24T17:05:24.597,BUY,0.08245994,0.12210012
123205810,2017-12-24T17:05:44.373,BUY,0.08245992,0.06048391
123205877,2017-12-24T17:06:39.83,BUY,0.08245977,0.12730303
123205913,2017-12-24T17:07:05.637,BUY,0.08245974,0.3257274
123205917,2017-12-24T17:07:07.243,BUY,0.08245972,0.02425426
123205921,2017-12-24T17:07:10.837,SELL,0.08189998,0.1298
123205928,2017-12-24T17:07:15.867,SELL,0.08189998,0.53623584
123205929,2017-12-24T17:07:15.867,SELL,0.08189998,0.02518438
123205930,2017-12-24T17:07:15.867,SELL,0.08189998,0.43857978
123205938,2017-12-24T17:07:19.193,SELL,0.08189998,0.06209881
123205952,2017-12-24T17:07:28.677,SELL,0.08189998,0.02119955
123205960,2017-12-24T17:07:34.347,SELL,0.08189998,0.433564
123205968,2017-12-24T17:07:47.203,SELL,0.08189998,0.039439
123205979,2017-12-24T17:07:53.14,SELL,0.08189998,0.01166669
123206046,2017-12-24T17:08:38.86,SELL,0.08189998,3.32114827
123206047,2017-12-24T17:08:38.86,SELL,0.08189998,1.8840122
123206048,2017-12-24T17:08:38.86,SELL,0.08189998,1.79483953
123206066,2017-12-24T17:08:50,SELL,0.08189998,0.27627762
123206075,2017-12-24T17:08:55.497,SELL,0.08189998,0.23669083
123206076,2017-12-24T17:08:55.56,SELL,0.08189998,0.79222348
123206149,2017-12-24T17:09:54.467,SELL,0.081905,1.005
123206150,2017-12-24T17:09:54.467,SELL,0.08189998,0.68588332
123206160,2017-12-24T17:09:57.467,SELL,0.08189998,0.0101912
123206171,2017-12-24T17:10:06.557,SELL,0.08189998,0.22652079
123206181,2017-12-24T17:10:19.57,SELL,0.08189998,0.0226425
123206197,2017-12-24T17:10:31.58,BUY,0.08245497,0.12127827
123206203,2017-12-24T17:10:33.207,BUY,0.08245497,0.08489482
123206222,2017-12-24T17:10:45.827,SELL,0.08189998,0.01
123206238,2017-12-24T17:10:53.623,BUY,0.08245497,0.23217168
123206242,2017-12-24T17:10:55.42,SELL,0.08245497,0.01759065
123206251,2017-12-24T17:10:56.62,BUY,0.08245497,3.5e-07
123206252,2017-12-24T17:10:56.62,BUY,0.082455,0.01432989
123206272,2017-12-24T17:11:02.01,SELL,0.08245497,0.0423
123206274,2017-12-24T17:11:02.213,SELL,0.08245497,4.129e-05
123206279,2017-12-24T17:11:03.12,BUY,0.08245497,0.02148684
123206300,2017-12-24T17:11:15.447,SELL,0.082,0.86412853
123206301,2017-12-24T17:11:15.447,SELL,0.08196786,0.22339794
123206304,2017-12-24T17:11:17.087,SELL,0.08196786,4.0
123206367,2017-12-24T17:12:05.76,SELL,0.082,0.05
123206368,2017-12-24T17:12:05.76,SELL,0.08196785,1.01452411
123206369,2017-12-24T17:12:05.76,SELL,0.08189998,0.87563171
123206403,2017-12-24T17:12:22.49,BUY,0.08217748,0.01321006
123206423,2017-12-24T17:12:30.74,SELL,0.08189998,0.05943969
123206492,2017-12-24T17:12:57.107,BUY,0.08217748,3.313e-05
123206510,2017-12-24T17:13:02.09,SELL,0.08217748,0.38232527
123206511,2017-12-24T17:13:02.09,SELL,0.08189998,1.33458321
123206541,2017-12-24T17:13:07.667,SELL,0.08202342,0.07600122
123206542,2017-12-24T17:13:07.667,SELL,0.08189998,0.07399878
123206559,2017-12-24T17:13:13.54,BUY,0.08245203,0.04990124
123206617,2017-12-24T17:14:21.71,SELL,0.08202342,0.30893179
123206639,2017-12-24T17:14:36.44,SELL,0.08202342,0.43672485
123206642,2017-12-24T17:14:42.877,SELL,0.08202342,0.43672486
123206688,2017-12-24T17:15:29.787,BUY,0.08245202,0.01429135
123206689,2017-12-24T17:15:29.787,BUY,0.08245202,0.10699133
123206694,2017-12-24T17:15:31.427,BUY,0.08245202,0.11831595
123206695,2017-12-24T17:15:31.427,BUY,0.08245203,0.00296673
123206729,2017-12-24T17:16:07.263,SELL,0.08245185,3.496211
123206730,2017-12-24T17:16:08.2,SELL,0.08245185,0.181
123206731,2017-12-24T17:16:08.42,SELL,0.08245185,1.102789
123206732,2017-12-24T17:16:08.42,SELL,0.08202343,0.14822884
123206733,2017-12-24T17:16:08.42,SELL,0.08202342,2.34802561
123206734,2017-12-24T17:16:08.42,SELL,0.08202342,0.0072967
123206735,2017-12-24T17:16:08.42,SELL,0.0819,0.87
123206736,2017-12-24T17:16:08.42,SELL,0.08189999,0.20766022
123206737,2017-12-24T17:16:08.42,SELL,0.08189998,0.09599963
123206741,2017-12-24T17:16:10.31,SELL,0.08189998,1.283789
123206745,2017-12-24T17:16:13.543,BUY,0.08245184,0.02000867
123206837,2017-12-24T17:16:44.957,SELL,0.08190019,0.53100482
123206838,2017-12-24T17:16:44.957,SELL,0.08190009,0.22388718
123207067,2017-12-24T17:17:34.117,BUY,0.08190019,0.08501442
123207069,2017-12-24T17:17:34.163,BUY,0.08190019,0.02992322
123207198,2017-12-24T17:18:00.157,BUY,0.08244999,0.10133299
123207212,2017-12-24T17:18:01.563,BUY,0.08244999,0.01307491
123207308,2017-12-24T17:18:22.12,BUY,0.08244999,0.00609
123207511,2017-12-24T17:18:58.113,BUY,0.08244999,8.46878147
123207556,2017-12-24T17:19:20.2,BUY,0.082,0.02103416
123207561,2017-12-24T17:19:20.467,BUY,0.082,0.02103417
123207725,2017-12-24T17:20:34.98,BUY,0.082,0.12195121
123207802,2017-12-24T17:20:56.193,SELL,0.0819501,0.07033635
123207902,2017-12-24T17:21:45.93,SELL,0.08195011,0.5
123207919,2017-12-24T17:21:56.35,BUY,0.082,0.01
123208003,2017-12-24T17:22:15.83,SELL,0.08195011,0.01489632
123208041,2017-12-24T17:22:23.593,BUY,0.08199999,0.03300679
123208051,2017-12-24T17:22:24.987,SELL,0.08195011,0.15
123208164,2017-12-24T17:22:54.777,BUY,0.08199999,8.27e-05
123208165,2017-12-24T17:22:54.777,BUY,0.082,0.02919962
123208240,2017-12-24T17:23:04.367,BUY,0.08199999,0.20958877
123208241,2017-12-24T17:23:04.383,BUY,0.082,0.05773023
123208242,2017-12-24T17:23:04.383,BUY,0.082,0.004281
123208281,2017-12-24T17:23:11.803,BUY,0.082,0.00678213
123208282,2017-12-24T17:23:11.803,BUY,0.082,0.48224531
123208288,2017-12-24T17:23:12.38,BUY,0.082,1.82104573
123208295,2017-12-24T17:23:13.723,BUY,0.082,1.26
123208300,2017-12-24T17:23:14.397,BUY,0.082,0.48902744
123208314,2017-12-24T17:23:17.05,BUY,0.082,0.48902744
123208333,2017-12-24T17:23:19.83,SELL,0.08195011,0.00701695
123208334,2017-12-24T17:23:19.83,SELL,0.08195011,0.07086338
123208335,2017-12-24T17:23:19.83,SELL,0.0819501,1.60458951
123208371,2017-12-24T17:23:25.003,SELL,0.0819501,0.14577598
123208428,2017-12-24T17:23:34.047,BUY,0.08195011,0.48927142
123208432,2017-12-24T17:23:34.157,BUY,0.08195011,0.51072858
123208433,2017-12-24T17:23:34.157,BUY,0.082,2.38927142
123208459,2017-12-24T17:23:38.47,SELL,0.0819501,1.03289337
123208469,2017-12-24T17:23:39.623,SELL,0.0819501,0.50865557
123208470,2017-12-24T17:23:39.623,SELL,0.0819501,0.08033547
123208525,2017-12-24T17:23:48.933,BUY,0.0819501,0.0145887
123208555,2017-12-24T17:23:53.87,BUY,0.0819501,0.12322893
123208556,2017-12-24T17:23:53.87,BUY,0.082,0.87677107
123208563,2017-12-24T17:23:55.713,BUY,0.082,0.02922794
123208607,2017-12-24T17:24:02.15,SELL,0.08195,0.21270098
123208609,2017-12-24T17:24:03.447,BUY,0.082,5.57719783
123208610,2017-12-24T17:24:03.447,BUY,0.082,0.0365435
123208611,2017-12-24T17:24:03.447,BUY,0.08245183,0.03311647
123208612,2017-12-24T17:24:03.447,BUY,0.08245185,0.41519535
123208613,2017-12-24T17:24:03.447,BUY,0.08245203,0.09703327
123208614,2017-12-24T17:24:03.447,BUY,0.08245203,0.00706432
123208615,2017-12-24T17:24:03.447,BUY,0.0824521,0.03337421
123208616,2017-12-24T17:24:03.447,BUY,0.08245497,0.037
123208617,2017-12-24T17:24:03.447,BUY,0.08245497,0.037
123208618,2017-12-24T17:24:03.447,BUY,0.082455,0.014
123208619,2017-12-24T17:24:03.447,BUY,0.08245972,0.03357507
123208620,2017-12-24T17:24:03.447,BUY,0.08245977,0.00892068
123208621,2017-12-24T17:24:03.447,BUY,0.08245994,0.43351565
123208622,2017-12-24T17:24:03.447,BUY,0.08245994,0.98206855
123208623,2017-12-24T17:24:03.447,BUY,0.08245995,2.61128357
123208654,2017-12-24T17:24:13.413,BUY,0.08245994,0.24583452
123208714,2017-12-24T17:24:21.537,BUY,0.08244999,0.03023826
123208720,2017-12-24T17:24:22.817,SELL,0.08195,0.63934295
123208861,2017-12-24T17:24:56.717,BUY,0.08195,0.01709307
123208925,2017-12-24T17:25:09.933,BUY,0.08195,0.24736425
123208935,2017-12-24T17:25:11.073,SELL,0.08190121,0.33
123208944,2017-12-24T17:25:12.18,BUY,0.08195,0.09619973
123208945,2017-12-24T17:25:12.18,BUY,0.08195,0.13902496
123208978,2017-12-24T17:25:20.43,BUY,0.0819501,0.088207
123208979,2017-12-24T17:25:20.43,BUY,0.08244999,0.03381847
123209019,2017-12-24T17:25:25.21,BUY,0.08244999,0.12202547
123209345,2017-12-24T17:27:01.093,BUY,0.08241997,0.10358905
123209430,2017-12-24T17:27:14.59,BUY,0.08241996,0.03269237
123209435,2017-12-24T17:27:15.09,SELL,0.08241996,0.01649838
123209441,2017-12-24T17:27:15.497,SELL,0.08195002,0.02872138
123209625,2017-12-24T17:27:48.913,BUY,0.0823582,0.00547489
123209656,2017-12-24T17:28:04.457,SELL,0.0823582,0.00067866
123209672,2017-12-24T17:28:08.487,BUY,0.0823582,0.04922764
123209718,2017-12-24T17:28:16.767,BUY,0.0823582,0.05221603
123209721,2017-12-24T17:28:17.063,SELL,0.0823582,0.04562309
123209722,2017-12-24T17:28:17.063,SELL,0.08195002,0.04167313
123209723,2017-12-24T17:28:17.063,SELL,0.08195002,0.01183538
123209793,2017-12-24T17:29:06.787,SELL,0.0823582,0.03
123209808,2017-12-24T17:29:10.973,BUY,0.082,0.08866644
123209883,2017-12-24T17:29:21.5,BUY,0.082,0.88133356
123210160,2017-12-24T17:30:05.147,BUY,0.08241996,0.00954533
123210263,2017-12-24T17:30:24.253,BUY,0.08241996,0.02580426
123210297,2017-12-24T17:30:39.687,BUY,0.08241999,0.02259625
123210310,2017-12-24T17:30:48.153,BUY,0.08241999,0.05449438
123210312,2017-12-24T17:30:50.45,BUY,0.08241999,0.12132977
123210314,2017-12-24T17:30:50.7,BUY,0.08241999,0.0551284
123210319,2017-12-24T17:30:55.467,BUY,0.08241999,0.12132977
123210322,2017-12-24T17:30:57.153,BUY,0.08241999,0.12132977
123210323,2017-12-24T17:30:58.043,SELL,0.08241996,0.60234709
123210324,2017-12-24T17:30:58.043,SELL,0.08241996,0.39755291
123210328,2017-12-24T17:31:00.463,BUY,0.08241999,0.12132977
123210333,2017-12-24T17:31:03.23,SELL,0.08241996,0.24437969
123210335,2017-12-24T17:31:05.447,BUY,0.08241999,0.05063463
123210336,2017-12-24T17:31:05.447,BUY,0.08241999,0.015
123210337,2017-12-24T17:31:05.447,BUY,0.08242,0.05569514
123210351,2017-12-24T17:31:15.71,BUY,0.08242,0.12132977
123210361,2017-12-24T17:31:22.163,BUY,0.08242,0.12132977
123210364,2017-12-24T17:31:25.49,BUY,0.08242,0.12132977
123210366,2017-12-24T17:31:30.49,BUY,0.08242,0.12132977
123210369,2017-12-24T17:31:35.393,BUY,0.08242,0.04246542
123210371,2017-12-24T17:31:35.8,BUY,0.08242,0.12132977
123210376,2017-12-24T17:31:40.143,BUY,0.08242,1.23
123210378,2017-12-24T17:31:40.47,BUY,0.08242,0.12132977
123210422,2017-12-24T17:32:07.497,BUY,0.08242,0.10313975
123210426,2017-12-24T17:32:12.463,SELL,0.08241996,0.01791347
123210427,2017-12-24T17:32:12.747,SELL,0.08241996,0.05121139
123210428,2017-12-24T17:32:13.057,SELL,0.08241996,0.02468834
123210429,2017-12-24T17:32:13.137,SELL,0.08241996,0.01975067
123210430,2017-12-24T17:32:13.29,SELL,0.08241996,0.24450353
123210497,2017-12-24T17:32:24.697,SELL,0.08200001,0.02804894
123210533,2017-12-24T17:32:29.053,SELL,0.08200008,0.02668364
123210551,2017-12-24T17:32:31.303,SELL,0.08200008,0.05329595
123210572,2017-12-24T17:32:35.163,BUY,0.08241995,0.03265282
123210573,2017-12-24T17:32:35.163,BUY,0.08241996,0.03303756
123210574,2017-12-24T17:32:35.163,BUY,0.08241996,0.00825661
123210575,2017-12-24T17:32:35.163,BUY,0.08241996,0.1975242
123210576,2017-12-24T17:32:35.163,BUY,0.08241999,0.55793195
123210577,2017-12-24T17:32:35.397,SELL,0.08200008,0.0519477
123210578,2017-12-24T17:32:35.397,SELL,0.08200008,0.00074291
123210596,2017-12-24T17:32:44.927,BUY,0.08241999,1.05
123210602,2017-12-24T17:32:57.61,SELL,0.08200008,0.09244806
123210615,2017-12-24T17:33:06.47,SELL,0.08233757,0.01335963
123210638,2017-12-24T17:33:31.133,BUY,0.08233757,0.01182475
123210639,2017-12-24T17:33:31.133,BUY,0.08233757,0.03817525
123210648,2017-12-24T17:33:40.053,BUY,0.08233757,0.02206715
123210662,2017-12-24T17:33:50.303,SELL,0.08233757,0.01361672
123210663,2017-12-24T17:33:50.82,SELL,0.08233757,1.32453634
123210676,2017-12-24T17:34:08.003,SELL,0.08200008,0.01354368
123210680,2017-12-24T17:34:10.173,BUY,0.08233757,0.01363436
123210688,2017-12-24T17:34:18.233,BUY,0.08233757,0.03828412
123210709,2017-12-24T17:34:35.153,BUY,0.08233757,0.01736582
123210795,2017-12-24T17:35:07.41,BUY,0.08233756,0.1
123210796,2017-12-24T17:35:07.41,BUY,0.08233757,0.4
123210859,2017-12-24T17:35:22.347,BUY,0.08233757,0.12145119
123210885,2017-12-24T17:35:25.66,BUY,0.08233757,0.12145119
123210887,2017-12-24T17:35:25.69,BUY,0.08233757,0.12145119
123210890,2017-12-24T17:35:26,BUY,0.08233757,0.12145119
123210913,2017-12-24T17:35:29.423,SELL,0.08200014,0.12145119
123210920,2017-12-24T17:35:30.657,BUY,0.08233757,0.12145119
123210956,2017-12-24T17:35:35.67,BUY,0.08233757,0.12145119
123210961,2017-12-24T17:35:35.953,BUY,0.08233757,0.12145119
123210971,2017-12-24T17:35:37.06,SELL,0.08200029,0.5
123211017,2017-12-24T17:35:40.937,BUY,0.08233757,0.12145119
123211019,2017-12-24T17:35:40.957,BUY,0.08233757,0.12145119
123211021,2017-12-24T17:35:41.11,BUY,0.08233757,2.40589883
123211023,2017-12-24T17:35:41.313,BUY,0.08233757,0.14471097
123211129,2017-12-24T17:35:57.497,SELL,0.08200115,0.00801768
123211156,2017-12-24T17:36:00.7,BUY,0.08233757,0.12145119
123211169,2017-12-24T17:36:02.357,BUY,0.08233757,0.12145119
123211199,2017-12-24T17:36:07.463,SELL,0.08200123,0.1239145
123211279,2017-12-24T17:36:18.26,BUY,0.08233587,0.01747133
123211280,2017-12-24T17:36:18.26,BUY,0.08233757,1.31960647
123211281,2017-12-24T17:36:18.26,BUY,0.08233757,0.0458492
123211499,2017-12-24T17:36:48.207,BUY,0.08233757,0.02365732
123211510,2017-12-24T17:36:49.36,BUY,0.08242,0.06336178
123211567,2017-12-24T17:37:08.687,BUY,0.08242,0.01554003
123211578,2017-12-24T17:37:18.827,SELL,0.0823459,0.40529955
123211579,2017-12-24T17:37:18.827,SELL,0.0823458,0.81191661
123211628,2017-12-24T17:37:37.523,SELL,0.0823458,0.12391573
123211629,2017-12-24T17:37:37.633,SELL,0.0823458,0.15028928
123211666,2017-12-24T17:37:57.05,SELL,0.0823458,0.09952106
123211667,2017-12-24T17:37:57.05,SELL,0.0823458,0.06615023
123211691,2017-12-24T17:38:13.907,SELL,0.0823458,0.12391573
123211692,2017-12-24T17:38:13.907,SELL,0.0823458,0.1239145
123211694,2017-12-24T17:38:16.157,SELL,0.0823458,0.00823428
123211700,2017-12-24T17:38:20.733,SELL,0.0823458,1.21870434
123211726,2017-12-24T17:38:52.023,BUY,0.08241999,0.03226133
123211727,2017-12-24T17:38:52.023,BUY,0.08242,0.22184416
123211728,2017-12-24T17:38:52.023,BUY,0.08242,0.2
123211729,2017-12-24T17:38:52.023,BUY,0.08242,0.12334451
123211753,2017-12-24T17:39:00.447,BUY,0.08242,0.01455957
123211863,2017-12-24T17:39:50.31,SELL,0.08234588,0.10788201
123211864,2017-12-24T17:39:50.31,SELL,0.08234588,0.01579633
123211871,2017-12-24T17:39:52.107,BUY,0.08242,0.04840448
123211935,2017-12-24T17:40:35.91,BUY,0.08241991,0.12132977
123211938,2017-12-24T17:40:36.24,BUY,0.08241991,0.0362406
123211939,2017-12-24T17:40:36.24,BUY,0.08241991,0.08508917
123211941,2017-12-24T17:40:38.05,BUY,0.08241991,0.0724812
123211942,2017-12-24T17:40:38.05,BUY,0.08242,0.04884857
123211944,2017-12-24T17:40:39.613,SELL,0.0823458,0.09545714
123211946,2017-12-24T17:40:41.13,BUY,0.08242,0.12132977
123211948,2017-12-24T17:40:41.177,BUY,0.08242,0.12132977
123211950,2017-12-24T17:40:41.19,BUY,0.08242,0.12132977
123211952,2017-12-24T17:40:41.207,BUY,0.08242,0.12132977
123211987,2017-12-24T17:40:53.813,BUY,0.08242,0.07358408
123211995,2017-12-24T17:40:55.907,BUY,0.08242,0.12132977
123211998,2017-12-24T17:40:56.39,BUY,0.08242,0.12132977
123212001,2017-12-24T17:40:57.58,BUY,0.08242,0.12132977
123212011,2017-12-24T17:41:01.25,BUY,0.08241991,0.05252345
123212012,2017-12-24T17:41:01.25,BUY,0.08242,0.06880632
123212017,2017-12-24T17:41:02.593,BUY,0.08242,0.12132977
123212028,2017-12-24T17:41:11.59,BUY,0.08242,0.06067339
123212029,2017-12-24T17:41:11.59,BUY,0.08242,0.30056604
123212030,2017-12-24T17:41:11.59,BUY,0.08242,0.10596057
123212043,2017-12-24T17:41:18.01,BUY,0.08242,0.01661201
123212044,2017-12-24T17:41:18.01,BUY,0.0824499,0.05252345
123212045,2017-12-24T17:41:18.01,BUY,0.08244999,0.05219431
123212048,2017-12-24T17:41:26.213,BUY,0.08244998,0.12128562
123212052,2017-12-24T17:41:31.213,BUY,0.08244989,0.01750782
123212053,2017-12-24T17:41:31.227,BUY,0.08244989,0.01750782
123212054,2017-12-24T17:41:31.227,BUY,0.08244989,0.01750782
123212055,2017-12-24T17:41:31.227,BUY,0.08244999,0.06876216
123212063,2017-12-24T17:41:35.93,BUY,0.08244999,0.12128562
123212065,2017-12-24T17:41:35.93,BUY,0.08244999,0.12128562
123212081,2017-12-24T17:41:48.41,BUY,0.08244998,0.02165
123212082,2017-12-24T17:41:48.41,BUY,0.08244998,3.8342901
123212094,2017-12-24T17:41:50.927,BUY,0.08244998,0.12128562
123212098,2017-12-24T17:41:52.613,BUY,0.08244999,0.12128562
123212105,2017-12-24T17:41:55.957,BUY,0.08244999,0.12128562
123212108,2017-12-24T17:41:56.24,BUY,0.08244999,0.10324397
123212109,2017-12-24T17:41:56.24,BUY,0.08244999,0.01804165
123212115,2017-12-24T17:41:57.597,BUY,0.08244999,0.06571492
123212116,2017-12-24T17:41:57.613,BUY,0.08244999,0.0555707
123212122,2017-12-24T17:42:00.94,BUY,0.08244999,0.12128562
123212124,2017-12-24T17:42:02.597,BUY,0.08244999,0.12128562
123212126,2017-12-24T17:42:02.627,BUY,0.08244999,0.02185806
123212127,2017-12-24T17:42:02.627,BUY,0.08245,0.09942756
123212132,2017-12-24T17:42:06.237,BUY,0.08245,0.12128562
123212134,2017-12-24T17:42:06.347,BUY,0.08245,0.12128562
123212146,2017-12-24T17:42:12.53,BUY,0.08244999,0.03216133
123212147,2017-12-24T17:42:12.53,BUY,0.08245,0.03620402
123212157,2017-12-24T17:42:14.687,BUY,0.08245,0.56565461
123212175,2017-12-24T17:42:20.25,BUY,0.08245,0.12128562
123212176,2017-12-24T17:42:21.39,SELL,0.08244998,0.0061701
123212177,2017-12-24T17:42:21.39,SELL,0.0823458,0.1138347
123212178,2017-12-24T17:42:23.67,SELL,0.0823458,0.11934299
123212185,2017-12-24T17:42:28.327,BUY,0.08244998,0.1
123212193,2017-12-24T17:42:33.98,SELL,0.0823458,0.04305042
123212202,2017-12-24T17:42:35.293,SELL,0.0823458,0.0490136
123212206,2017-12-24T17:42:37.667,SELL,0.0823458,0.02942874
123212240,2017-12-24T17:42:46.557,BUY,0.08244998,0.002
123212242,2017-12-24T17:42:48.023,SELL,0.08244998,0.009
123212269,2017-12-24T17:42:59.99,SELL,0.08244998,0.06779587
123212270,2017-12-24T17:42:59.99,SELL,0.0823458,0.04216674
123212302,2017-12-24T17:43:13.333,SELL,0.08244998,0.11044768
123212344,2017-12-24T17:43:41.873,SELL,0.08244998,0.00749133
123212345,2017-12-24T17:43:41.873,SELL,0.08244998,0.09221766
123212375,2017-12-24T17:43:54.403,BUY,0.08245,0.00712514
123212400,2017-12-24T17:44:08.56,BUY,0.08245,0.92773181
123212401,2017-12-24T17:44:08.56,BUY,0.08245,1.0
123212423,2017-12-24T17:44:18.603,SELL,0.08245497,0.0322355
123212466,2017-12-24T17:44:39.96,BUY,0.08245995,1.39197121
123212470,2017-12-24T17:44:40.66,BUY,0.08245995,0.66644423
123212480,2017-12-24T17:44:43.363,BUY,0.08245995,1.08069269
123212526,2017-12-24T17:44:56.893,SELL,0.08245497,0.01784516
