10939960,2017-12-25T23:57:58.923,SELL,6.2e-07,72000.0
10939962,2017-12-25T23:57:59.513,SELL,6.2e-07,9618.9989
10939964,2017-12-25T23:58:01.2,BUY,6.3e-07,3000.0
10939966,2017-12-25T23:58:03.31,BUY,6.3e-07,3000.0
10939968,2017-12-25T23:58:04.827,SELL,6.2e-07,30000.0
10939970,2017-12-25T23:58:04.953,BUY,6.3e-07,10000.0
10939972,2017-12-25T23:58:05.31,BUY,6.3e-07,22698.80916667
10939974,2017-12-25T23:58:06.157,SELL,6.2e-07,384964.68392308
10939975,2017-12-25T23:58:07.92,SELL,6.2e-07,11711.36651408
10939977,2017-12-25T23:58:12.86,SELL,6.2e-07,187500.0
10939978,2017-12-25T23:58:14.267,SELL,6.2e-07,154998.0
10939980,2017-12-25T23:58:15.563,BUY,6.3e-07,7936.5079
10939982,2017-12-25T23:58:15.673,BUY,6.3e-07,640000.0
10939983,2017-12-25T23:58:16.14,SELL,6.2e-07,158818.043125
10939985,2017-12-25T23:58:17.237,SELL,6.2e-07,4500.0
10939986,2017-12-25T23:58:17.673,SELL,6.2e-07,15000.0
10939991,2017-12-25T23:58:22.673,BUY,6.3e-07,1952.745
10939993,2017-12-25T23:58:23.673,BUY,6.3e-07,3000.0
10939995,2017-12-25T23:58:25.36,SELL,6.2e-07,669850.27026979
10939996,2017-12-25T23:58:25.36,SELL,6.2e-07,330149.72973021
10939998,2017-12-25T23:58:25.813,BUY,6.3e-07,3000.0
10940000,2017-12-25T23:58:26.05,BUY,6.3e-07,16088.70967742
10940002,2017-12-25T23:58:28.08,BUY,6.3e-07,3000.0
10940005,2017-12-25T23:58:30.207,BUY,6.3e-07,3000.0
10940008,2017-12-25T23:58:30.707,BUY,6.3e-07,2075473.28989185
10940009,2017-12-25T23:58:30.707,BUY,6.3e-07,322551.65754808
10940010,2017-12-25T23:58:30.707,BUY,6.3e-07,31000.0
10940011,2017-12-25T23:58:30.707,BUY,6.3e-07,30000.0
10940012,2017-12-25T23:58:30.707,BUY,6.3e-07,24038.49466216
10940013,2017-12-25T23:58:30.707,BUY,6.3e-07,970958.61591347
10940014,2017-12-25T23:58:30.707,BUY,6.3e-07,200000.0
10940015,2017-12-25T23:58:30.707,BUY,6.3e-07,50000.0
10940016,2017-12-25T23:58:30.707,BUY,6.3e-07,142142.61205479
10940017,2017-12-25T23:58:30.707,BUY,6.3e-07,1499309.12063438
10940018,2017-12-25T23:58:30.707,BUY,6.3e-07,987859.5426286
10940022,2017-12-25T23:58:33.02,BUY,6.3e-07,10000.0
10940023,2017-12-25T23:58:34.317,SELL,6.2e-07,87841.12804688
10940025,2017-12-25T23:58:34.38,BUY,6.3e-07,4503.76190476
10940026,2017-12-25T23:58:34.91,SELL,6.2e-07,2626.94647727
10940029,2017-12-25T23:58:35.55,BUY,6.3e-07,150000.0
10940031,2017-12-25T23:58:37.033,BUY,6.3e-07,477636.69546664
10940032,2017-12-25T23:58:37.033,BUY,6.3e-07,155984.07433155
10940033,2017-12-25T23:58:37.033,BUY,6.3e-07,152601.0590625
10940034,2017-12-25T23:58:37.033,BUY,6.3e-07,3326.2884375
10940035,2017-12-25T23:58:37.033,BUY,6.3e-07,24869.435464
10940036,2017-12-25T23:58:37.033,BUY,6.3e-07,10527.18075
10940037,2017-12-25T23:58:37.033,BUY,6.3e-07,253333.33333333
10940038,2017-12-25T23:58:37.033,BUY,6.3e-07,48491.4
10940039,2017-12-25T23:58:37.05,BUY,6.3e-07,1271.37389831
10940040,2017-12-25T23:58:37.05,BUY,6.3e-07,46257.17215394
10940041,2017-12-25T23:58:37.05,BUY,6.3e-07,246063.31209182
10940042,2017-12-25T23:58:37.05,BUY,6.3e-07,6039.5078708
10940043,2017-12-25T23:58:37.05,BUY,6.3e-07,67625.45784247
10940044,2017-12-25T23:58:37.05,BUY,6.3e-07,49514.11104388
10940045,2017-12-25T23:58:37.05,BUY,6.3e-07,164972.96688859
10940046,2017-12-25T23:58:37.05,BUY,6.3e-07,2000.0
10940047,2017-12-25T23:58:37.05,BUY,6.3e-07,171982.75862069
10940048,2017-12-25T23:58:37.05,BUY,6.3e-07,15346.15384615
10940049,2017-12-25T23:58:37.05,BUY,6.3e-07,1295215.50526302
10940050,2017-12-25T23:58:37.05,BUY,6.3e-07,52854.93135593
10940051,2017-12-25T23:58:37.05,BUY,6.3e-07,2000.0
10940052,2017-12-25T23:58:37.05,BUY,6.3e-07,220589.60416667
10940053,2017-12-25T23:58:37.05,BUY,6.3e-07,224617.92625167
10940054,2017-12-25T23:58:37.05,BUY,6.3e-07,1460476.01707609
10940055,2017-12-25T23:58:37.05,BUY,6.3e-07,3386.42465909
10940056,2017-12-25T23:58:37.05,BUY,6.3e-07,10380.92968919
10940057,2017-12-25T23:58:37.05,BUY,6.3e-07,8584.02668919
10940069,2017-12-25T23:58:44.003,SELL,6.3e-07,241297.83624221
10940071,2017-12-25T23:58:47.24,SELL,6.3e-07,64971.16960001
10940074,2017-12-25T23:58:50.537,SELL,6.3e-07,1762.166875
10940078,2017-12-25T23:58:52.193,BUY,6.4e-07,1505.76441754
10940079,2017-12-25T23:58:52.913,SELL,6.3e-07,341700.35468503
10940080,2017-12-25T23:58:52.973,SELL,6.3e-07,422859.43447674
10940082,2017-12-25T23:58:53.193,BUY,6.4e-07,1176.05269374
10940084,2017-12-25T23:58:54.21,BUY,6.4e-07,10636.02633108
10940088,2017-12-25T23:58:57.117,SELL,6.3e-07,12935.48387097
10940094,2017-12-25T23:59:00.943,SELL,6.3e-07,1773.49424408
10940097,2017-12-25T23:59:04.523,SELL,6.3e-07,33268.60525
10940098,2017-12-25T23:59:05.383,SELL,6.3e-07,109105.99079545
10940100,2017-12-25T23:59:07.93,SELL,6.3e-07,2620583.18105978
10940102,2017-12-25T23:59:10.18,BUY,6.4e-07,48500.0
10940104,2017-12-25T23:59:12.79,BUY,6.4e-07,27000.0
10940106,2017-12-25T23:59:13.62,BUY,6.4e-07,32488.924526
10940108,2017-12-25T23:59:14.977,SELL,6.3e-07,34158.79755901
10940113,2017-12-25T23:59:16.837,BUY,6.4e-07,26083.571243
10940117,2017-12-25T23:59:18.023,BUY,6.4e-07,4675.78125
10940119,2017-12-25T23:59:18.963,BUY,6.4e-07,25990.46409872
10940121,2017-12-25T23:59:20.213,BUY,6.4e-07,25990.903184
10940123,2017-12-25T23:59:21.057,BUY,6.4e-07,25990.46409872
10940129,2017-12-25T23:59:23.447,BUY,6.4e-07,30000.0
10940132,2017-12-25T23:59:25.073,BUY,6.4e-07,25990.46409872
10940134,2017-12-25T23:59:25.29,BUY,6.4e-07,45354.126056
10940137,2017-12-25T23:59:28.9,BUY,6.4e-07,6000.0
10940140,2017-12-25T23:59:30.23,BUY,6.4e-07,2236.81944443
10940143,2017-12-25T23:59:32.433,BUY,6.4e-07,376275.51120708
10940145,2017-12-25T23:59:32.59,BUY,6.4e-07,290002.0
10940148,2017-12-25T23:59:34.45,SELL,6.3e-07,2440.3933
10940151,2017-12-25T23:59:39.56,SELL,6.3e-07,94283.81464286
10940153,2017-12-25T23:59:40.34,BUY,6.4e-07,183006.89859375
10940154,2017-12-25T23:59:40.887,SELL,6.3e-07,14887.2885
10940158,2017-12-25T23:59:46.577,BUY,6.4e-07,2300.0
10940160,2017-12-25T23:59:46.717,BUY,6.4e-07,25312.49999999
10940169,2017-12-25T23:59:51.06,BUY,6.4e-07,132077.30730469
10940171,2017-12-25T23:59:51.42,BUY,6.4e-07,77929.6875
10940180,2017-12-26T00:00:04.547,BUY,6.4e-07,25990.46409872
10940182,2017-12-26T00:00:05.25,BUY,6.4e-07,20000.0
10940184,2017-12-26T00:00:05.47,SELL,6.3e-07,8853.90371094
10940187,2017-12-26T00:00:07.673,BUY,6.4e-07,3923.99011234
10940188,2017-12-26T00:00:07.94,SELL,6.3e-07,550806.90925532
10940191,2017-12-26T00:00:09.547,BUY,6.4e-07,41577.34035
10940193,2017-12-26T00:00:09.72,BUY,6.4e-07,28421.43468318
10940195,2017-12-26T00:00:09.89,BUY,6.4e-07,32482.297148
10940197,2017-12-26T00:00:10.157,BUY,6.4e-07,6077.16940805
10940198,2017-12-26T00:00:10.58,SELL,6.3e-07,2301.92307692
10940202,2017-12-26T00:00:13.72,BUY,6.4e-07,25985.83771844
10940205,2017-12-26T00:00:14.597,BUY,6.4e-07,9351.5625
10940207,2017-12-26T00:00:14.703,BUY,6.4e-07,9547.86738281
10940208,2017-12-26T00:00:16.86,SELL,6.3e-07,92241.29179054
10940215,2017-12-26T00:00:30.707,BUY,6.4e-07,5500.0
10940218,2017-12-26T00:00:33.52,BUY,6.4e-07,11001.48350511
10940221,2017-12-26T00:00:35.147,SELL,6.3e-07,15000.0
10940226,2017-12-26T00:00:39.317,SELL,6.3e-07,166250.0
10940229,2017-12-26T00:00:41.037,BUY,6.4e-07,83380.276875
10940241,2017-12-26T00:00:56.96,BUY,6.4e-07,35847.65625
10940243,2017-12-26T00:00:57.663,BUY,6.4e-07,8551.28695312
10940248,2017-12-26T00:01:05.633,BUY,6.4e-07,26000.0
10940250,2017-12-26T00:01:05.65,BUY,6.4e-07,25990.0
10940252,2017-12-26T00:01:08.027,BUY,6.4e-07,2614.47867187
10940255,2017-12-26T00:01:09.15,BUY,6.4e-07,64041.068256
10940257,2017-12-26T00:01:12.54,BUY,6.4e-07,24051.94387919
10940259,2017-12-26T00:01:12.557,BUY,6.4e-07,12204.92802871
10940260,2017-12-26T00:01:12.557,BUY,6.4e-07,33137.41314329
10940262,2017-12-26T00:01:13.29,BUY,6.4e-07,10329.79828125
10940265,2017-12-26T00:01:15.76,BUY,6.4e-07,26000.0
10940267,2017-12-26T00:01:19.887,SELL,6.3e-07,2483.05682203
10940269,2017-12-26T00:01:24.527,SELL,6.3e-07,57356.17548327
10940273,2017-12-26T00:01:26.09,BUY,6.4e-07,25920.55180257
10940274,2017-12-26T00:01:27.31,SELL,6.3e-07,237043.64806818
10940276,2017-12-26T00:01:31.747,SELL,6.3e-07,68263.31697761
10940278,2017-12-26T00:01:32.153,BUY,6.4e-07,2295047.58279045
10940279,2017-12-26T00:01:32.153,BUY,6.4e-07,469310.69341571
10940280,2017-12-26T00:01:32.153,BUY,6.4e-07,1900.0
10940281,2017-12-26T00:01:32.153,BUY,6.4e-07,50000.0
10940282,2017-12-26T00:01:32.153,BUY,6.4e-07,195266.57371572
10940289,2017-12-26T00:01:39.59,BUY,6.4e-07,89720.0
10940290,2017-12-26T00:01:40.327,SELL,6.3e-07,3000.0
10940295,2017-12-26T00:01:44.607,SELL,6.3e-07,100000.0
10940300,2017-12-26T00:01:50.907,SELL,6.3e-07,185000.0
10940304,2017-12-26T00:01:51.763,BUY,6.4e-07,15585.9375
10940307,2017-12-26T00:01:53.983,BUY,6.4e-07,2455328.48878428
10940308,2017-12-26T00:01:53.983,BUY,6.4e-07,250000.07689024
10940309,2017-12-26T00:01:53.983,BUY,6.4e-07,256851.42432548
10940312,2017-12-26T00:01:56.983,BUY,6.4e-07,3945.0
10940314,2017-12-26T00:01:57.78,BUY,6.4e-07,11562.34980469
10940315,2017-12-26T00:01:58.017,SELL,6.3e-07,59231.73136364
10940316,2017-12-26T00:01:58.813,SELL,6.3e-07,5300.0
10940318,2017-12-26T00:02:00.673,BUY,6.4e-07,11002.674375
10940322,2017-12-26T00:02:06.737,SELL,6.3e-07,9859.83566941
10940325,2017-12-26T00:02:07.69,BUY,6.4e-07,127986.12446583
10940326,2017-12-26T00:02:07.69,BUY,6.4e-07,3677.85923077
10940327,2017-12-26T00:02:07.69,BUY,6.4e-07,11743.15734615
10940328,2017-12-26T00:02:07.69,BUY,6.4e-07,779296.875
10940329,2017-12-26T00:02:07.69,BUY,6.4e-07,175819.91614475
10940331,2017-12-26T00:02:08.813,BUY,6.4e-07,2815.8384375
10940333,2017-12-26T00:02:09.36,BUY,6.4e-07,1572.26261719
10940336,2017-12-26T00:02:11.47,SELL,6.3e-07,1254122.07302083
10940342,2017-12-26T00:02:16.69,BUY,6.4e-07,21820.3125
10940344,2017-12-26T00:02:18.283,BUY,6.4e-07,64145.49224
10940350,2017-12-26T00:02:22.067,BUY,6.4e-07,128181.463935
10940352,2017-12-26T00:02:22.69,BUY,6.4e-07,2587.23445313
10940359,2017-12-26T00:02:33.067,BUY,6.4e-07,29168.74731949
10940360,2017-12-26T00:02:33.067,BUY,6.4e-07,7446.47683071
10940361,2017-12-26T00:02:33.207,SELL,6.3e-07,4500.0
10940365,2017-12-26T00:02:34.067,BUY,6.4e-07,5439.25795896
10940366,2017-12-26T00:02:34.067,BUY,6.4e-07,4123.01147463
10940368,2017-12-26T00:02:34.863,BUY,6.4e-07,876.98852537
10940369,2017-12-26T00:02:34.863,BUY,6.4e-07,29123.01147463
10940370,2017-12-26T00:02:35.897,SELL,6.3e-07,64100.47026923
10940372,2017-12-26T00:02:40.053,SELL,6.3e-07,115988.37209302
10940376,2017-12-26T00:02:43.757,BUY,6.4e-07,28395.4584375
10940378,2017-12-26T00:02:49.837,SELL,6.3e-07,10000.0
10940381,2017-12-26T00:02:52.837,BUY,6.4e-07,34846.54772473
10940386,2017-12-26T00:02:56.477,BUY,6.4e-07,3000.0
10940389,2017-12-26T00:02:57.697,BUY,6.4e-07,4499.99846
10940392,2017-12-26T00:03:05.773,SELL,6.3e-07,830996.0
10940394,2017-12-26T00:03:05.853,BUY,6.4e-07,10750.44714844
10940396,2017-12-26T00:03:06.15,BUY,6.4e-07,25984.149669
10940399,2017-12-26T00:03:07.713,BUY,6.4e-07,50000.0
10940401,2017-12-26T00:03:07.9,BUY,6.4e-07,14674.05105469
10940402,2017-12-26T00:03:08.777,SELL,6.3e-07,20000.0
10940406,2017-12-26T00:03:10.463,BUY,6.4e-07,25983.69046875
10940411,2017-12-26T00:03:14.73,BUY,6.4e-07,44773.553583
10940412,2017-12-26T00:03:17.09,SELL,6.3e-07,24740.0
10940414,2017-12-26T00:03:19.543,BUY,6.4e-07,64090.731967
10940416,2017-12-26T00:03:19.963,BUY,6.4e-07,20989.06030014
10940417,2017-12-26T00:03:19.963,BUY,6.4e-07,4628.97479686
10940419,2017-12-26T00:03:21.87,BUY,6.4e-07,13183.52520314
10940420,2017-12-26T00:03:21.87,BUY,6.4e-07,3194.23125837
10940421,2017-12-26T00:03:21.87,BUY,6.4e-07,34922.24353849
10940427,2017-12-26T00:03:31.467,BUY,6.4e-07,65077.75646151
10940428,2017-12-26T00:03:31.467,BUY,6.4e-07,5753.2890625
10940429,2017-12-26T00:03:31.467,BUY,6.4e-07,1749.15857755
10940431,2017-12-26T00:03:35.263,SELL,6.3e-07,10000.0
10940434,2017-12-26T00:03:36.67,BUY,6.4e-07,13150.84142245
10940435,2017-12-26T00:03:36.67,BUY,6.4e-07,16437.9387338
10940437,2017-12-26T00:03:39.14,BUY,6.4e-07,12684.54564072
10940438,2017-12-26T00:03:40.95,SELL,6.3e-07,525091.15938462
10940440,2017-12-26T00:03:46.75,BUY,6.4e-07,187333.825
10940447,2017-12-26T00:03:55.28,BUY,6.4e-07,2500.96875
10940450,2017-12-26T00:04:00.03,BUY,6.4e-07,15603.42492188
10940452,2017-12-26T00:04:00.53,BUY,6.4e-07,5500.0
10940453,2017-12-26T00:04:03.063,SELL,6.3e-07,100000.0
10940455,2017-12-26T00:04:03.5,BUY,6.4e-07,26000.0
10940457,2017-12-26T00:04:04.25,BUY,6.4e-07,25616.4273025
10940460,2017-12-26T00:04:06.737,BUY,6.4e-07,3209.42507813
10940462,2017-12-26T00:04:08.877,BUY,6.4e-07,13863.44457297
10940463,2017-12-26T00:04:08.877,BUY,6.4e-07,99750.0
10940464,2017-12-26T00:04:08.877,BUY,6.4e-07,11297.435625
10940465,2017-12-26T00:04:08.877,BUY,6.4e-07,10000.0
10940466,2017-12-26T00:04:08.877,BUY,6.4e-07,10900.83675
10940467,2017-12-26T00:04:08.877,BUY,6.4e-07,218697.0775
10940468,2017-12-26T00:04:08.877,BUY,6.4e-07,30000.0
10940469,2017-12-26T00:04:08.893,BUY,6.4e-07,179292.51629032
10940470,2017-12-26T00:04:08.893,BUY,6.4e-07,179021.93884615
10940471,2017-12-26T00:04:08.893,BUY,6.4e-07,1130.67270133
10940472,2017-12-26T00:04:08.893,BUY,6.4e-07,13703.54888298
10940473,2017-12-26T00:04:08.893,BUY,6.4e-07,287337.96583333
10940474,2017-12-26T00:04:08.893,BUY,6.4e-07,5353.74877798
10940475,2017-12-26T00:04:08.893,BUY,6.4e-07,1171.00898547
10940476,2017-12-26T00:04:08.893,BUY,6.4e-07,95539.2048082
10940477,2017-12-26T00:04:08.893,BUY,6.4e-07,2200.0
10940478,2017-12-26T00:04:08.893,BUY,6.4e-07,5000.0
10940479,2017-12-26T00:04:08.893,BUY,6.4e-07,130000.0
10940480,2017-12-26T00:04:08.893,BUY,6.4e-07,2362.71477273
10940481,2017-12-26T00:04:08.893,BUY,6.4e-07,10000.0
10940482,2017-12-26T00:04:08.893,BUY,6.4e-07,25215.9222
10940483,2017-12-26T00:04:08.893,BUY,6.4e-07,9842.9501
10940484,2017-12-26T00:04:08.893,BUY,6.4e-07,30000.0
10940485,2017-12-26T00:04:08.893,BUY,6.4e-07,10000.0
10940486,2017-12-26T00:04:08.893,BUY,6.4e-07,71006.04
10940487,2017-12-26T00:04:08.893,BUY,6.4e-07,45681.81818182
10940488,2017-12-26T00:04:08.893,BUY,6.4e-07,144762.802625
10940489,2017-12-26T00:04:08.893,BUY,6.4e-07,3137.7421875
10940490,2017-12-26T00:04:08.893,BUY,6.4e-07,8818.35916667
10940491,2017-12-26T00:04:08.893,BUY,6.4e-07,2911199.18865349
10940492,2017-12-26T00:04:09.5,SELL,6.3e-07,93552.50355018
10940494,2017-12-26T00:04:15.863,BUY,6.4e-07,4675.78125
10940495,2017-12-26T00:04:16.283,SELL,6.3e-07,1720.0
10940497,2017-12-26T00:04:19.8,SELL,6.3e-07,57182.06770357
10940501,2017-12-26T00:04:24.05,SELL,6.3e-07,44692.18256809
10940502,2017-12-26T00:04:29.3,SELL,6.3e-07,50667.71770548
10940503,2017-12-26T00:04:29.41,SELL,6.3e-07,11652.04199218
10940504,2017-12-26T00:04:32.693,SELL,6.3e-07,306156.99227273
10940505,2017-12-26T00:04:38.82,SELL,6.3e-07,151806.86153472
10940506,2017-12-26T00:04:38.82,SELL,6.3e-07,16017.17416667
10940507,2017-12-26T00:04:38.82,SELL,6.3e-07,7916.66666667
10940508,2017-12-26T00:04:38.82,SELL,6.3e-07,151585.41418366
10940509,2017-12-26T00:04:39.21,SELL,6.3e-07,577642.96164967
10940510,2017-12-26T00:04:39.21,SELL,6.3e-07,31666.84083333
10940511,2017-12-26T00:04:39.21,SELL,6.3e-07,4453.0
10940512,2017-12-26T00:04:39.21,SELL,6.3e-07,3537.8
10940513,2017-12-26T00:04:39.21,SELL,6.3e-07,10000.0
10940514,2017-12-26T00:04:39.21,SELL,6.3e-07,7916.66666667
10940515,2017-12-26T00:04:39.21,SELL,6.3e-07,5000.0
10940516,2017-12-26T00:04:39.21,SELL,6.3e-07,424542.44416667
10940517,2017-12-26T00:04:39.21,SELL,6.3e-07,367397.87776587
10940518,2017-12-26T00:04:39.223,SELL,6.3e-07,120660.74040938
10940523,2017-12-26T00:04:43.18,BUY,6.4e-07,2274.02048907
10940525,2017-12-26T00:04:44.333,BUY,6.4e-07,156562.03225299
10940530,2017-12-26T00:04:48.913,SELL,6.3e-07,3500.0
10940535,2017-12-26T00:04:56.15,SELL,6.3e-07,20000.0
10940538,2017-12-26T00:05:02.4,SELL,6.3e-07,4794.43215517
10940547,2017-12-26T00:05:05.76,BUY,6.4e-07,302174.75850957
10940555,2017-12-26T00:05:10.65,SELL,6.3e-07,113350.92738806
10940556,2017-12-26T00:05:12.48,SELL,6.3e-07,11368.0
10940567,2017-12-26T00:05:30.153,BUY,6.4e-07,313124.06350299
10940569,2017-12-26T00:05:30.433,BUY,6.4e-07,1558.59375
10940573,2017-12-26T00:05:38.123,SELL,6.3e-07,1572.26261719
10940575,2017-12-26T00:05:42.53,BUY,6.4e-07,69779.50464844
10940577,2017-12-26T00:05:46.14,SELL,6.3e-07,34817.07903059
10940578,2017-12-26T00:05:46.437,SELL,6.3e-07,18000.0
10940580,2017-12-26T00:05:46.92,BUY,6.4e-07,5145.32320312
10940586,2017-12-26T00:05:53.233,BUY,6.4e-07,5458.16086506
10940588,2017-12-26T00:06:00.703,SELL,6.3e-07,2051.60896273
10940590,2017-12-26T00:06:03.843,BUY,6.4e-07,25636.29278697
10940594,2017-12-26T00:06:09.957,SELL,6.3e-07,15000.0
10940595,2017-12-26T00:06:10.063,SELL,6.3e-07,281690.14084507
10940599,2017-12-26T00:06:12.8,SELL,6.3e-07,1575.46243151
10940600,2017-12-26T00:06:14.753,SELL,6.3e-07,8057.54537671
10940603,2017-12-26T00:06:15.847,BUY,6.4e-07,3300.44575363
10940604,2017-12-26T00:06:15.94,SELL,6.3e-07,2052.16921875
10940608,2017-12-26T00:06:20.94,SELL,6.3e-07,1055496.23379897
10940609,2017-12-26T00:06:20.94,SELL,6.3e-07,46650.92583333
10940610,2017-12-26T00:06:20.94,SELL,6.3e-07,1583333.33333333
10940611,2017-12-26T00:06:20.94,SELL,6.3e-07,2000.0
10940612,2017-12-26T00:06:20.94,SELL,6.3e-07,148877.065
10940613,2017-12-26T00:06:20.94,SELL,6.3e-07,10000.0
10940614,2017-12-26T00:06:20.94,SELL,6.3e-07,99555.0125
10940615,2017-12-26T00:06:20.94,SELL,6.3e-07,3217.86
10940616,2017-12-26T00:06:20.94,SELL,6.3e-07,2915.5682223
10940617,2017-12-26T00:06:20.94,SELL,6.3e-07,142776.48166667
10940618,2017-12-26T00:06:20.94,SELL,6.3e-07,20000.0
10940619,2017-12-26T00:06:20.94,SELL,6.3e-07,54276.1125
10940620,2017-12-26T00:06:20.94,SELL,6.3e-07,3459.995
10940621,2017-12-26T00:06:20.94,SELL,6.3e-07,134502.67833333
10940622,2017-12-26T00:06:20.94,SELL,6.3e-07,110782.65083333
10940623,2017-12-26T00:06:20.94,SELL,6.3e-07,83601.69416667
10940624,2017-12-26T00:06:20.94,SELL,6.3e-07,16088.70967742
10940625,2017-12-26T00:06:20.94,SELL,6.3e-07,18705.76916667
10940626,2017-12-26T00:06:20.94,SELL,6.3e-07,180832.975
10940627,2017-12-26T00:06:20.94,SELL,6.3e-07,2698.45916667
10940628,2017-12-26T00:06:20.957,SELL,6.3e-07,59277.21333333
10940629,2017-12-26T00:06:20.957,SELL,6.3e-07,106114.0025
10940630,2017-12-26T00:06:20.957,SELL,6.3e-07,12500.0
10940631,2017-12-26T00:06:20.957,SELL,6.3e-07,158333.33333333
10940632,2017-12-26T00:06:20.957,SELL,6.3e-07,301197.65833333
10940633,2017-12-26T00:06:20.957,SELL,6.3e-07,2029.92833333
10940634,2017-12-26T00:06:20.957,SELL,6.3e-07,4988.45
10940635,2017-12-26T00:06:20.957,SELL,6.3e-07,2270.27833333
10940636,2017-12-26T00:06:20.957,SELL,6.3e-07,158333.33333333
10940637,2017-12-26T00:06:20.957,SELL,6.3e-07,6591.16333333
10940638,2017-12-26T00:06:20.957,SELL,6.3e-07,21984.93166667
10940639,2017-12-26T00:06:20.957,SELL,6.3e-07,6400.0
10940640,2017-12-26T00:06:20.957,SELL,6.3e-07,1947.50793651
10940641,2017-12-26T00:06:20.957,SELL,6.3e-07,1583.33333333
10940644,2017-12-26T00:06:21.457,BUY,6.3e-07,2964.27949243
10940645,2017-12-26T00:06:21.457,BUY,6.4e-07,60369.0538409
10940647,2017-12-26T00:06:28.41,BUY,6.3e-07,230000.0
10940651,2017-12-26T00:06:31.707,SELL,6.3e-07,317460.317
10940653,2017-12-26T00:06:35.52,SELL,6.3e-07,15000.59330189
10940654,2017-12-26T00:06:35.757,SELL,6.3e-07,25000.0
10940656,2017-12-26T00:06:38.053,SELL,6.3e-07,111441.30143382
10940659,2017-12-26T00:06:38.617,SELL,6.3e-07,117293.326261
10940660,2017-12-26T00:06:39.803,SELL,6.3e-07,934004.78866996
10940661,2017-12-26T00:06:39.803,SELL,6.3e-07,130480.01116829
10940662,2017-12-26T00:06:39.803,SELL,6.3e-07,10644.84799838
10940664,2017-12-26T00:06:40.787,SELL,6.2e-07,16421.16697144
10940666,2017-12-26T00:06:42.27,SELL,6.2e-07,2684.12560483
10940668,2017-12-26T00:06:42.537,SELL,6.2e-07,960361.722738
10940672,2017-12-26T00:06:44.74,BUY,6.3e-07,8306.71242187
10940674,2017-12-26T00:06:47.227,SELL,6.2e-07,181363.63636364
10940676,2017-12-26T00:06:49.74,BUY,6.3e-07,140845.07042254
10940679,2017-12-26T00:06:50.71,BUY,6.3e-07,391405.07912799
10940681,2017-12-26T00:06:51.21,SELL,6.2e-07,542911.25551657
10940686,2017-12-26T00:06:51.913,SELL,6.2e-07,6126121.14
10940692,2017-12-26T00:06:54.273,SELL,6.2e-07,62019.14855116
10940693,2017-12-26T00:06:54.273,SELL,6.2e-07,42118.44
10940694,2017-12-26T00:06:54.273,SELL,6.2e-07,40000.0
10940695,2017-12-26T00:06:54.273,SELL,6.2e-07,1150.0
10940696,2017-12-26T00:06:54.273,SELL,6.2e-07,6027.50637097
10940697,2017-12-26T00:06:54.273,SELL,6.2e-07,2413.30645161
10940698,2017-12-26T00:06:54.273,SELL,6.2e-07,124843.31915323
10940699,2017-12-26T00:06:54.273,SELL,6.2e-07,2794.06185484
10940700,2017-12-26T00:06:54.273,SELL,6.2e-07,88064.09443548
10940701,2017-12-26T00:06:54.273,SELL,6.2e-07,384.93799771
10940703,2017-12-26T00:06:55.65,BUY,6.3e-07,8000.0
10940713,2017-12-26T00:06:58.557,SELL,6.2e-07,15703.77167971
10940714,2017-12-26T00:06:58.557,SELL,6.2e-07,70000.19330645
10940715,2017-12-26T00:06:58.557,SELL,6.2e-07,1596.53092742
10940716,2017-12-26T00:06:58.557,SELL,6.2e-07,160888.10232483
10940717,2017-12-26T00:06:58.557,SELL,6.2e-07,1000000.0
10940718,2017-12-26T00:06:58.557,SELL,6.2e-07,173545.29133065
10940719,2017-12-26T00:06:58.557,SELL,6.2e-07,12000.0
10940720,2017-12-26T00:06:58.557,SELL,6.2e-07,183502.97336194
10940724,2017-12-26T00:07:00.697,BUY,6.3e-07,2952.59606431
10940725,2017-12-26T00:07:01.79,SELL,6.2e-07,57827.20522677
10940726,2017-12-26T00:07:01.79,SELL,6.2e-07,33096.80530078
10940727,2017-12-26T00:07:01.79,SELL,6.2e-07,10000.0
10940728,2017-12-26T00:07:01.79,SELL,6.2e-07,21713.33866935
10940729,2017-12-26T00:07:01.79,SELL,6.2e-07,2877362.6508031
10940732,2017-12-26T00:07:06.057,SELL,6.2e-07,2000.0
10940735,2017-12-26T00:07:10.337,BUY,6.3e-07,10000.0
10940736,2017-12-26T00:07:10.98,SELL,6.2e-07,796179.65947917
10940749,2017-12-26T00:07:14.59,SELL,6.2e-07,878876.181374
10940751,2017-12-26T00:07:14.98,SELL,6.2e-07,110964.985507
10940752,2017-12-26T00:07:15.743,SELL,6.2e-07,212846.245902
10940753,2017-12-26T00:07:16.54,SELL,6.2e-07,319742.491803
10940754,2017-12-26T00:07:16.963,SELL,6.2e-07,175860.2475
10940755,2017-12-26T00:07:17.353,SELL,6.2e-07,825528.629039
10940757,2017-12-26T00:07:18.073,BUY,6.3e-07,11489.99642074
10940758,2017-12-26T00:07:18.51,SELL,6.2e-07,163934.42623
10940759,2017-12-26T00:07:18.603,SELL,6.2e-07,8215.18329545
10940760,2017-12-26T00:07:18.917,SELL,6.2e-07,60000.0
10940762,2017-12-26T00:07:23.62,SELL,6.2e-07,1631029.29906728
10940763,2017-12-26T00:07:23.62,SELL,6.2e-07,779296.875
10940764,2017-12-26T00:07:23.62,SELL,6.2e-07,150000.0
10940765,2017-12-26T00:07:23.62,SELL,6.2e-07,361995.96774194
10940766,2017-12-26T00:07:23.62,SELL,6.2e-07,3183.15120968
10940767,2017-12-26T00:07:23.62,SELL,6.2e-07,117774.61584677
10940768,2017-12-26T00:07:23.637,SELL,6.2e-07,8044.35483871
10940769,2017-12-26T00:07:23.637,SELL,6.2e-07,3000.0
10940770,2017-12-26T00:07:23.637,SELL,6.2e-07,4464.37096774
10940771,2017-12-26T00:07:23.637,SELL,6.2e-07,13109.01612903
10940772,2017-12-26T00:07:23.637,SELL,6.2e-07,66573.11782258
10940773,2017-12-26T00:07:23.637,SELL,6.2e-07,5212.75806452
10940774,2017-12-26T00:07:23.637,SELL,6.2e-07,20197.88709677
10940775,2017-12-26T00:07:23.637,SELL,6.2e-07,42031.67358871
10940776,2017-12-26T00:07:23.637,SELL,6.2e-07,80444.07931452
10940777,2017-12-26T00:07:23.637,SELL,6.2e-07,2748.82583333
10940778,2017-12-26T00:07:23.637,SELL,6.2e-07,12001.83955645
10940779,2017-12-26T00:07:23.637,SELL,6.2e-07,14014.59677419
10940780,2017-12-26T00:07:23.637,SELL,6.2e-07,1311.38709677
10940781,2017-12-26T00:07:23.637,SELL,6.2e-07,9653.22580645
10940782,2017-12-26T00:07:23.637,SELL,6.2e-07,10000.0
10940783,2017-12-26T00:07:23.637,SELL,6.2e-07,2000.0
10940784,2017-12-26T00:07:23.637,SELL,6.2e-07,5000.0
10940785,2017-12-26T00:07:23.637,SELL,6.2e-07,13527.7571371
10940786,2017-12-26T00:07:23.637,SELL,6.2e-07,5000.0
10940787,2017-12-26T00:07:23.637,SELL,6.2e-07,1368.29649194
10940788,2017-12-26T00:07:23.637,SELL,6.2e-07,11311.06451613
10940789,2017-12-26T00:07:23.637,SELL,6.2e-07,3000.0
10940790,2017-12-26T00:07:23.637,SELL,6.2e-07,12131.14516129
10940791,2017-12-26T00:07:23.637,SELL,6.2e-07,5000.0
10940792,2017-12-26T00:07:23.637,SELL,6.2e-07,19026.36326613
10940793,2017-12-26T00:07:23.637,SELL,6.2e-07,8846.85483871
10940794,2017-12-26T00:07:23.637,SELL,6.2e-07,2966.12903226
10940795,2017-12-26T00:07:23.637,SELL,6.2e-07,5000.0
10940796,2017-12-26T00:07:23.637,SELL,6.2e-07,19964.94641129
10940797,2017-12-26T00:07:23.637,SELL,6.2e-07,18104.33540323
10940798,2017-12-26T00:07:23.637,SELL,6.2e-07,160887.09677419
10940799,2017-12-26T00:07:23.637,SELL,6.2e-07,160887.09677419
10940800,2017-12-26T00:07:23.637,SELL,6.2e-07,1772.6211
10940801,2017-12-26T00:07:23.637,SELL,6.2e-07,20831.08209677
10940802,2017-12-26T00:07:23.637,SELL,6.2e-07,209031.84586133
10940803,2017-12-26T00:07:24.073,SELL,6.2e-07,112742.34768706
10940804,2017-12-26T00:07:24.073,SELL,6.2e-07,1481591.83403226
10940805,2017-12-26T00:07:24.073,SELL,6.2e-07,6217.62665323
10940806,2017-12-26T00:07:24.073,SELL,6.2e-07,1737104.1941129
10940807,2017-12-26T00:07:24.073,SELL,6.2e-07,86164.99923387
10940808,2017-12-26T00:07:24.073,SELL,6.2e-07,51065.33927419
10940809,2017-12-26T00:07:24.073,SELL,6.2e-07,218272.44210149
10940811,2017-12-26T00:07:24.387,SELL,6.2e-07,4757.15100335
10940812,2017-12-26T00:07:24.387,SELL,6.2e-07,109835.71193548
10940813,2017-12-26T00:07:24.387,SELL,6.2e-07,80443.5483871
10940814,2017-12-26T00:07:24.387,SELL,6.2e-07,108453.41274194
10940815,2017-12-26T00:07:24.387,SELL,6.2e-07,1277.50627574
10940816,2017-12-26T00:07:24.387,SELL,6.2e-07,119100.24508065
10940817,2017-12-26T00:07:24.387,SELL,6.2e-07,1500.04693548
10940818,2017-12-26T00:07:24.387,SELL,6.2e-07,3225.0
10940819,2017-12-26T00:07:24.387,SELL,6.2e-07,180678.05168947
10940821,2017-12-26T00:07:24.81,SELL,6.2e-07,131267.253654
10940825,2017-12-26T00:07:26.73,SELL,6.2e-07,4852.88173083
10940826,2017-12-26T00:07:27.153,SELL,6.2e-07,19940.0
10940827,2017-12-26T00:07:27.467,SELL,6.2e-07,10590.2259375
10940831,2017-12-26T00:07:29.12,SELL,6.2e-07,137432.596574
10940833,2017-12-26T00:07:29.48,SELL,6.2e-07,23197.6744186
10940834,2017-12-26T00:07:29.95,SELL,6.2e-07,34551.405
10940835,2017-12-26T00:07:30.683,SELL,6.2e-07,257911.63184237
10940836,2017-12-26T00:07:30.683,SELL,6.2e-07,6908.95850806
10940837,2017-12-26T00:07:30.683,SELL,6.2e-07,342114.85959677
10940838,2017-12-26T00:07:30.683,SELL,6.2e-07,23254.68532258
10940839,2017-12-26T00:07:30.683,SELL,6.2e-07,468333.79691772
10940841,2017-12-26T00:07:31.17,SELL,6.2e-07,51713.0184375
10940842,2017-12-26T00:07:32.67,SELL,6.2e-07,143365.5649421
10940844,2017-12-26T00:07:36.95,SELL,6.2e-07,272720.594159
10940846,2017-12-26T00:07:38.59,SELL,6.2e-07,20000.0
10940848,2017-12-26T00:07:39.293,SELL,6.2e-07,967155.14395732
10940849,2017-12-26T00:07:39.293,SELL,6.2e-07,50806.76153226
10940850,2017-12-26T00:07:39.293,SELL,6.2e-07,160679.16851042
10940851,2017-12-26T00:07:39.34,SELL,6.2e-07,14736.69273958
10940852,2017-12-26T00:07:39.34,SELL,6.2e-07,4226.64883065
10940853,2017-12-26T00:07:39.34,SELL,6.2e-07,32177.41935484
10940854,2017-12-26T00:07:39.7,SELL,6.1e-07,10000.0
10940855,2017-12-26T00:07:39.7,SELL,6.1e-07,200000.0
10940856,2017-12-26T00:07:39.7,SELL,6.1e-07,19000.0
10940857,2017-12-26T00:07:39.7,SELL,6.1e-07,2000.0
10940858,2017-12-26T00:07:39.7,SELL,6.1e-07,2083.95737705
10940859,2017-12-26T00:07:39.7,SELL,6.1e-07,5000.0
10940860,2017-12-26T00:07:39.7,SELL,6.1e-07,100996.59903795
10940862,2017-12-26T00:07:39.827,BUY,6.2e-07,27308.74426836
10940865,2017-12-26T00:07:40.013,SELL,6.1e-07,14172.6
10940866,2017-12-26T00:07:40.013,SELL,6.1e-07,30000.0
10940867,2017-12-26T00:07:40.03,SELL,6.1e-07,1500.0
10940868,2017-12-26T00:07:40.06,SELL,6.1e-07,103682.00645833
10940870,2017-12-26T00:07:40.09,SELL,6.1e-07,40345.39166667
10940872,2017-12-26T00:07:40.107,SELL,6.1e-07,56304.14110169
10940873,2017-12-26T00:07:40.14,SELL,6.1e-07,27488.16936488
10940875,2017-12-26T00:07:40.17,SELL,6.1e-07,21835.092125
10940876,2017-12-26T00:07:40.17,SELL,6.1e-07,91790.69767442
10940877,2017-12-26T00:07:40.187,SELL,6.1e-07,8223.82073864
10940878,2017-12-26T00:07:40.2,SELL,6.1e-07,50000.0
10940879,2017-12-26T00:07:40.2,SELL,6.1e-07,7828.14849909
10940880,2017-12-26T00:07:40.217,SELL,6.1e-07,12153.18468137
10940881,2017-12-26T00:07:40.217,SELL,6.1e-07,4347.93511222
10940882,2017-12-26T00:07:40.217,SELL,6.1e-07,223558.7025
10940883,2017-12-26T00:07:40.233,SELL,6.1e-07,16872.82333333
10940884,2017-12-26T00:07:40.247,SELL,6.1e-07,164032.01446429
10940885,2017-12-26T00:07:40.247,SELL,6.1e-07,2379.58510821
10940886,2017-12-26T00:07:40.247,SELL,6.1e-07,5162.73180572
10940887,2017-12-26T00:07:40.263,SELL,6.1e-07,42446.80851064
10940888,2017-12-26T00:07:40.28,SELL,6.1e-07,13644.80088691
10940889,2017-12-26T00:07:40.28,SELL,6.1e-07,16393.44262295
10940890,2017-12-26T00:07:40.28,SELL,6.1e-07,8176.2295082
10940891,2017-12-26T00:07:40.28,SELL,6.1e-07,20000.0
10940892,2017-12-26T00:07:40.28,SELL,6.1e-07,1500.0
10940893,2017-12-26T00:07:40.28,SELL,6.1e-07,5000.0
10940894,2017-12-26T00:07:40.28,SELL,6.1e-07,16804.5227459
10940895,2017-12-26T00:07:40.28,SELL,6.1e-07,16352.45901639
10940896,2017-12-26T00:07:40.28,SELL,6.1e-07,4070.48680328
10940897,2017-12-26T00:07:40.28,SELL,6.1e-07,9208.05841637
10940898,2017-12-26T00:07:40.28,SELL,6.1e-07,5000.0
10940899,2017-12-26T00:07:40.293,SELL,6.1e-07,46394.0
10940901,2017-12-26T00:07:41.42,BUY,6.2e-07,4166.66666666
10940903,2017-12-26T00:07:43.233,BUY,6.2e-07,117383.82813991
10940904,2017-12-26T00:07:43.233,BUY,6.2e-07,3558.91419009
10940906,2017-12-26T00:07:43.263,BUY,6.2e-07,5467.878624
10940907,2017-12-26T00:07:43.31,SELL,6.1e-07,6590.15060199
10940909,2017-12-26T00:07:43.95,BUY,6.2e-07,1774.19354839
10940910,2017-12-26T00:07:45.107,SELL,6.1e-07,52631.57894736
10940911,2017-12-26T00:07:45.107,SELL,6.1e-07,5715.08823529
10940914,2017-12-26T00:07:46.25,BUY,6.2e-07,322580.64516129
10940916,2017-12-26T00:07:47.2,BUY,6.2e-07,6342.95770161
10940918,2017-12-26T00:07:48.42,BUY,6.2e-07,9057.44479839
10940919,2017-12-26T00:07:48.657,SELL,6.1e-07,37985.71396292
10940920,2017-12-26T00:07:48.657,SELL,6.1e-07,2000.0
10940921,2017-12-26T00:07:48.657,SELL,6.1e-07,22950.87245902
10940922,2017-12-26T00:07:48.657,SELL,6.1e-07,49057.37704918
10940923,2017-12-26T00:07:48.657,SELL,6.1e-07,4904.7075
10940924,2017-12-26T00:07:48.657,SELL,6.1e-07,15000.0
10940925,2017-12-26T00:07:48.657,SELL,6.1e-07,20000.0
10940926,2017-12-26T00:07:48.657,SELL,6.1e-07,40000.0
10940927,2017-12-26T00:07:48.657,SELL,6.1e-07,11967.13831967
10940928,2017-12-26T00:07:48.657,SELL,6.1e-07,1500.0
10940929,2017-12-26T00:07:48.67,SELL,6.1e-07,8601.05004098
10940930,2017-12-26T00:07:48.67,SELL,6.1e-07,1635.24590164
10940931,2017-12-26T00:07:48.67,SELL,6.1e-07,416488.35199262
10940933,2017-12-26T00:07:48.907,BUY,6.2e-07,1500.0
10940934,2017-12-26T00:07:49.093,SELL,6.1e-07,4362.99855168
10940936,2017-12-26T00:07:50.81,BUY,6.2e-07,204212.11083333
10940939,2017-12-26T00:07:58.563,BUY,6.2e-07,7719.39508065
10940941,2017-12-26T00:07:58.627,BUY,6.2e-07,223878.33641702
10940944,2017-12-26T00:08:04.987,SELL,6.1e-07,13846.15384615
10940949,2017-12-26T00:08:13.487,SELL,6.1e-07,165302.49560955
10940950,2017-12-26T00:08:13.487,SELL,6.1e-07,3270.49180328
10940951,2017-12-26T00:08:13.487,SELL,6.1e-07,2690.69901639
10940952,2017-12-26T00:08:13.487,SELL,6.1e-07,1637.28995902
10940953,2017-12-26T00:08:13.487,SELL,6.1e-07,12908.25504098
10940954,2017-12-26T00:08:13.487,SELL,6.1e-07,2000.0
10940955,2017-12-26T00:08:13.487,SELL,6.1e-07,1118.09938525
10940956,2017-12-26T00:08:13.487,SELL,6.1e-07,81762.29508197
10940957,2017-12-26T00:08:13.487,SELL,6.1e-07,11957.65389344
10940958,2017-12-26T00:08:13.487,SELL,6.1e-07,1144.67213115
10940959,2017-12-26T00:08:13.487,SELL,6.1e-07,24679.65442623
10940960,2017-12-26T00:08:13.487,SELL,6.1e-07,50692.49213115
10940961,2017-12-26T00:08:13.487,SELL,6.1e-07,27049.9270082
10940962,2017-12-26T00:08:13.487,SELL,6.1e-07,104092.49360656
10940963,2017-12-26T00:08:13.487,SELL,6.1e-07,40127.26647541
10940964,2017-12-26T00:08:13.487,SELL,6.1e-07,7513.36413066
10940965,2017-12-26T00:08:13.487,SELL,6.1e-07,1293.49056338
10940966,2017-12-26T00:08:13.487,SELL,6.1e-07,16352.45901639
10940967,2017-12-26T00:08:13.487,SELL,6.1e-07,8176.36032787
10940968,2017-12-26T00:08:13.487,SELL,6.1e-07,32704.91803279
10940969,2017-12-26T00:08:13.487,SELL,6.1e-07,16352.45901639
10940970,2017-12-26T00:08:13.487,SELL,6.1e-07,100000.0
10940971,2017-12-26T00:08:13.503,SELL,6.1e-07,50000.0
10940972,2017-12-26T00:08:13.503,SELL,6.1e-07,4131.49770492
10940973,2017-12-26T00:08:13.503,SELL,6.1e-07,767307.69230769
10940974,2017-12-26T00:08:13.503,SELL,6.1e-07,1168.56307377
10940975,2017-12-26T00:08:13.503,SELL,6.1e-07,50000.0
10940976,2017-12-26T00:08:13.503,SELL,6.1e-07,45580.34422141
10940977,2017-12-26T00:08:13.503,SELL,6.1e-07,81762.29508197
10940978,2017-12-26T00:08:13.503,SELL,6.1e-07,33809.87004098
10940979,2017-12-26T00:08:13.503,SELL,6.1e-07,65409.83606557
10940980,2017-12-26T00:08:13.503,SELL,6.1e-07,5112.02397541
10940981,2017-12-26T00:08:13.503,SELL,6.1e-07,200000.0
10940982,2017-12-26T00:08:13.503,SELL,6.1e-07,163524.59016393
10940983,2017-12-26T00:08:13.503,SELL,6.1e-07,163524.59016393
10940984,2017-12-26T00:08:13.503,SELL,6.1e-07,4000.0
10940985,2017-12-26T00:08:13.503,SELL,6.1e-07,1635.24590164
10940986,2017-12-26T00:08:13.503,SELL,6.1e-07,9999.99999999
10940987,2017-12-26T00:08:13.503,SELL,6.1e-07,11267.2175
10940988,2017-12-26T00:08:13.503,SELL,6.1e-07,1690.6779661
10940989,2017-12-26T00:08:13.503,SELL,6.1e-07,29544.85438525
10940990,2017-12-26T00:08:13.503,SELL,6.1e-07,163524.59016393
10940991,2017-12-26T00:08:13.503,SELL,6.1e-07,467578.42113281
10940992,2017-12-26T00:08:13.503,SELL,6.1e-07,32704.91803279
10940993,2017-12-26T00:08:13.503,SELL,6.1e-07,11200.0
10940994,2017-12-26T00:08:13.503,SELL,6.1e-07,1700.0019999
10940995,2017-12-26T00:08:13.503,SELL,6.1e-07,1635.24590164
10940996,2017-12-26T00:08:13.503,SELL,6.1e-07,2000.0
10940997,2017-12-26T00:08:13.503,SELL,6.1e-07,93188.87016393
10940998,2017-12-26T00:08:13.503,SELL,6.1e-07,4905.73770492
10940999,2017-12-26T00:08:13.503,SELL,6.1e-07,967578.09061475
10941000,2017-12-26T00:08:13.503,SELL,6.1e-07,113759.9042754
10941002,2017-12-26T00:08:14.97,BUY,6.2e-07,25161.60959118
10941003,2017-12-26T00:08:14.97,BUY,6.2e-07,189413.93363481
10941005,2017-12-26T00:08:17.377,SELL,6.1e-07,5588.0
10941008,2017-12-26T00:08:18.02,BUY,6.2e-07,28826.43072581
10941010,2017-12-26T00:08:22.847,SELL,6.1e-07,23171.19486163
10941012,2017-12-26T00:08:30.363,SELL,6.1e-07,1189.76209331
10941013,2017-12-26T00:08:31.99,SELL,6.1e-07,3069.23076923
10941014,2017-12-26T00:08:32.457,SELL,6.1e-07,6019.71895522
10941018,2017-12-26T00:08:41.85,BUY,6.2e-07,122816.41524194
10941022,2017-12-26T00:08:43.927,BUY,6.2e-07,2014.82900297
10941023,2017-12-26T00:08:43.927,BUY,6.2e-07,50000.0
10941024,2017-12-26T00:08:43.927,BUY,6.2e-07,14395.56114583
10941025,2017-12-26T00:08:43.927,BUY,6.2e-07,38013.34783507
10941031,2017-12-26T00:08:47.227,BUY,6.2e-07,1135.86290323
10941043,2017-12-26T00:08:54.74,SELL,6.1e-07,12983.607
10941046,2017-12-26T00:08:56.257,SELL,6.1e-07,23150.75277719
10941050,2017-12-26T00:08:59.04,SELL,6.1e-07,2000.0
10941053,2017-12-26T00:09:00.883,BUY,6.2e-07,52036.16419355
10941061,2017-12-26T00:09:05.54,BUY,6.2e-07,18887.61006815
10941062,2017-12-26T00:09:05.54,BUY,6.2e-07,14612.38993185
10941064,2017-12-26T00:09:05.587,BUY,6.2e-07,160887.09677419
10941068,2017-12-26T00:09:06.727,BUY,6.2e-07,5333.48829396
10941069,2017-12-26T00:09:06.727,BUY,6.2e-07,40000.0
10941070,2017-12-26T00:09:06.727,BUY,6.2e-07,29552.184375
10941071,2017-12-26T00:09:06.727,BUY,6.2e-07,20529.06087824
10941072,2017-12-26T00:09:06.727,BUY,6.2e-07,1218.8253
10941073,2017-12-26T00:09:06.727,BUY,6.2e-07,276841.06658654
10941074,2017-12-26T00:09:06.727,BUY,6.2e-07,11267.2175
10941075,2017-12-26T00:09:06.727,BUY,6.2e-07,248983.14630923
10941076,2017-12-26T00:09:06.727,BUY,6.2e-07,158000.0
10941077,2017-12-26T00:09:06.727,BUY,6.2e-07,120389.58678082
10941078,2017-12-26T00:09:06.727,BUY,6.2e-07,248983.14630923
10941079,2017-12-26T00:09:06.727,BUY,6.2e-07,4868461.257
10941080,2017-12-26T00:09:06.727,BUY,6.2e-07,178827.23611053
10941083,2017-12-26T00:09:07.603,SELL,6.1e-07,2500.0
10941102,2017-12-26T00:09:17.243,SELL,6.1e-07,7114.7277863
10941104,2017-12-26T00:09:17.277,BUY,6.2e-07,706472.76388947
10941105,2017-12-26T00:09:17.277,BUY,6.2e-07,100735.59300569
10941106,2017-12-26T00:09:18.103,SELL,6.1e-07,3342.31828837
10941113,2017-12-26T00:09:19.54,BUY,6.2e-07,47098.48925994
10941114,2017-12-26T00:09:19.54,BUY,6.2e-07,1843.08442432
10941115,2017-12-26T00:09:19.54,BUY,6.2e-07,2513.54675929
10941116,2017-12-26T00:09:19.793,SELL,6.1e-07,6000.0
10941119,2017-12-26T00:09:20.307,SELL,6.1e-07,254374.78319335
10941120,2017-12-26T00:09:20.307,SELL,6.1e-07,61.70195923
10941124,2017-12-26T00:09:24.557,SELL,6.1e-07,5351.14767192
10941125,2017-12-26T00:09:24.557,SELL,6.1e-07,4000.0
10941126,2017-12-26T00:09:24.557,SELL,6.1e-07,609.01169063
10941127,2017-12-26T00:09:25.9,SELL,6.1e-07,28768.93314544
10941128,2017-12-26T00:09:25.9,SELL,6.1e-07,35455.2217623
10941129,2017-12-26T00:09:25.9,SELL,6.1e-07,277384.42296897
10941131,2017-12-26T00:09:26.37,BUY,6.2e-07,620152.97524071
10941132,2017-12-26T00:09:26.37,BUY,6.2e-07,23095.28126866
10941133,2017-12-26T00:09:26.37,BUY,6.2e-07,39282.57482877
10941134,2017-12-26T00:09:26.37,BUY,6.2e-07,22870.10037162
10941135,2017-12-26T00:09:26.37,BUY,6.2e-07,3593.0
10941136,2017-12-26T00:09:26.37,BUY,6.2e-07,33689.06625
10941137,2017-12-26T00:09:26.37,BUY,6.2e-07,53414.31905637
10941144,2017-12-26T00:09:33.95,SELL,6.1e-07,16601.325
10941147,2017-12-26T00:09:36.12,SELL,6.1e-07,14925.37313433
10941148,2017-12-26T00:09:38.497,SELL,6.1e-07,100000.0
10941157,2017-12-26T00:09:45.2,BUY,6.2e-07,4035.11274194
10941159,2017-12-26T00:09:47.06,BUY,6.2e-07,34818.17189516
10941160,2017-12-26T00:09:49.34,SELL,6.1e-07,7507.56716
10941162,2017-12-26T00:09:49.763,SELL,6.1e-07,1200.0
10941167,2017-12-26T00:09:55,SELL,6.1e-07,13066.57049181
10941170,2017-12-26T00:09:55.967,BUY,6.2e-07,15000.13306452
10941172,2017-12-26T00:09:56.327,BUY,6.2e-07,3000.0
10941174,2017-12-26T00:09:57.75,SELL,6.1e-07,194533.83091282
10941175,2017-12-26T00:09:57.843,SELL,6.1e-07,146499.709
10941179,2017-12-26T00:09:59.92,BUY,6.2e-07,240749.11693278
10941180,2017-12-26T00:09:59.92,BUY,6.2e-07,213045.98746238
10941183,2017-12-26T00:10:03.58,BUY,6.2e-07,5000.0
10941184,2017-12-26T00:10:06.047,SELL,6.1e-07,35248.20188325
10941186,2017-12-26T00:10:08.187,SELL,6.1e-07,2490.42066
10941188,2017-12-26T00:10:10.017,SELL,6.1e-07,4106.77888498
10941189,2017-12-26T00:10:11.11,SELL,6.1e-07,137513.85375
10941191,2017-12-26T00:10:12.297,SELL,6.1e-07,38365.38461538
10941192,2017-12-26T00:10:12.783,SELL,6.1e-07,4166.41666667
10941195,2017-12-26T00:10:13.47,SELL,6.1e-07,10000.0
10941196,2017-12-26T00:10:13.783,SELL,6.1e-07,311718.75
10941198,2017-12-26T00:10:15.893,BUY,6.2e-07,8044.35483871
10941199,2017-12-26T00:10:15.94,SELL,6.1e-07,4918.03278688
10941200,2017-12-26T00:10:16.3,SELL,6.1e-07,327868.852
10941201,2017-12-26T00:10:16.377,SELL,6.1e-07,327868.852
10941203,2017-12-26T00:10:16.83,SELL,6.1e-07,14649.971
10941204,2017-12-26T00:10:17.893,SELL,6.1e-07,11237.43393951
10941206,2017-12-26T00:10:19.22,SELL,6.1e-07,133371.61241747
10941208,2017-12-26T00:10:20.97,SELL,6.1e-07,327868.852
10941209,2017-12-26T00:10:21.283,SELL,6.1e-07,41605.785
10941211,2017-12-26T00:10:22.47,BUY,6.2e-07,200600.00100299
10941212,2017-12-26T00:10:22.627,SELL,6.1e-07,327868.852
10941213,2017-12-26T00:10:23.36,SELL,6.1e-07,327868.852
10941214,2017-12-26T00:10:24.313,SELL,6.1e-07,327868.852
10941215,2017-12-26T00:10:26.393,SELL,6.1e-07,4000.0
10941216,2017-12-26T00:10:29.33,SELL,6.1e-07,13066.57049181
10941219,2017-12-26T00:10:35.787,SELL,6.1e-07,271203.681
10941220,2017-12-26T00:10:37.287,SELL,6.1e-07,72000.0
10941221,2017-12-26T00:10:39.317,SELL,6.1e-07,6591.16333333
10941223,2017-12-26T00:10:40.41,BUY,6.2e-07,1612.90322581
10941228,2017-12-26T00:10:51.473,BUY,6.2e-07,6743.15734615
10941229,2017-12-26T00:10:51.473,BUY,6.2e-07,5000.0
10941230,2017-12-26T00:10:51.473,BUY,6.2e-07,14389.98363747
10941233,2017-12-26T00:10:52.63,BUY,6.2e-07,73990.16973695
10941241,2017-12-26T00:10:59.583,SELL,6.1e-07,698315.699168
10941258,2017-12-26T00:11:13.477,BUY,6.2e-07,2000.0
10941261,2017-12-26T00:11:14.04,BUY,6.2e-07,1608.87096774
10941264,2017-12-26T00:11:17.82,SELL,6.1e-07,13066.57049181
10941265,2017-12-26T00:11:18.727,SELL,6.1e-07,1724.5445
10941268,2017-12-26T00:11:20.87,SELL,6.1e-07,13284.34666667
10941283,2017-12-26T00:11:32.853,SELL,6.1e-07,111920.67615672
10941286,2017-12-26T00:11:33.247,BUY,6.2e-07,587801.10463511
10941287,2017-12-26T00:11:33.247,BUY,6.2e-07,29248.79197917
10941288,2017-12-26T00:11:33.247,BUY,6.2e-07,4985.0
10941289,2017-12-26T00:11:33.247,BUY,6.2e-07,30000.0
10941290,2017-12-26T00:11:33.247,BUY,6.2e-07,836315.0140625
10941291,2017-12-26T00:11:33.247,BUY,6.2e-07,13888.88888889
10941292,2017-12-26T00:11:33.247,BUY,6.2e-07,226704.54545455
10941293,2017-12-26T00:11:33.247,BUY,6.2e-07,73745.86272172
10941297,2017-12-26T00:11:36.98,BUY,6.2e-07,8333.33333333
10941310,2017-12-26T00:11:47.107,SELL,6.1e-07,243204.5469863
10941313,2017-12-26T00:11:48.17,SELL,6.1e-07,100000.0
10941315,2017-12-26T00:11:48.403,BUY,6.2e-07,16088.90274194
10941316,2017-12-26T00:11:48.59,SELL,6.1e-07,96408.64515625
10941321,2017-12-26T00:11:56.763,SELL,6.1e-07,55935.08958333
10941323,2017-12-26T00:11:57.263,SELL,6.1e-07,25000.0
10941324,2017-12-26T00:11:58.467,SELL,6.1e-07,29099.24833562
10941325,2017-12-26T00:12:00.28,SELL,6.1e-07,493032.78688525
10941327,2017-12-26T00:12:02,SELL,6.1e-07,2000.0
10941328,2017-12-26T00:12:02,SELL,6.1e-07,1387.49852
10941337,2017-12-26T00:12:07.373,SELL,6.1e-07,10000.0
10941341,2017-12-26T00:12:09,BUY,6.2e-07,26062.027626
10941344,2017-12-26T00:12:12.233,SELL,6.1e-07,14077.44987805
10941346,2017-12-26T00:12:12.28,BUY,6.2e-07,32578.12475806
10941348,2017-12-26T00:12:15.11,SELL,6.1e-07,1332834.99976027
10941357,2017-12-26T00:12:21.643,BUY,6.2e-07,1612.9032258
10941362,2017-12-26T00:12:23.72,SELL,6.1e-07,40000.0
10941364,2017-12-26T00:12:26.19,SELL,6.1e-07,258011.64438627
10941368,2017-12-26T00:12:31.16,SELL,6.1e-07,48044.46659091
10941376,2017-12-26T00:12:45.94,BUY,6.2e-07,1749.32678129
10941378,2017-12-26T00:12:48.647,SELL,6.1e-07,207812.5
10941381,2017-12-26T00:12:49.74,BUY,6.2e-07,8064.51612903
10941383,2017-12-26T00:12:54.3,SELL,6.1e-07,2823.12788136
10941393,2017-12-26T00:12:59.21,SELL,6.1e-07,13700.16666667
10941395,2017-12-26T00:13:01.35,BUY,6.2e-07,3377.51891129
10941399,2017-12-26T00:13:05.82,SELL,6.1e-07,14049.29577465
10941401,2017-12-26T00:13:15.43,SELL,6.1e-07,190000.0
10941402,2017-12-26T00:13:17.4,SELL,6.1e-07,127410.0
10941403,2017-12-26T00:13:19.01,SELL,6.1e-07,41428.8
10941410,2017-12-26T00:13:21.76,SELL,6.1e-07,140000.0
10941413,2017-12-26T00:13:24.273,SELL,6.1e-07,104000.0
10941414,2017-12-26T00:13:25.197,SELL,6.1e-07,28741.92951466
10941415,2017-12-26T00:13:25.197,SELL,6.1e-07,471258.07048534
10941417,2017-12-26T00:13:25.4,BUY,6.2e-07,13513.5135135
10941420,2017-12-26T00:13:27.37,SELL,6.1e-07,391176.47058824
10941422,2017-12-26T00:13:27.82,BUY,6.2e-07,3049.06130807
10941425,2017-12-26T00:13:29.133,BUY,6.2e-07,16088.70967742
10941426,2017-12-26T00:13:29.26,SELL,6.1e-07,53571.42857143
10941429,2017-12-26T00:13:30.807,BUY,6.2e-07,4595.9834921
10941431,2017-12-26T00:13:30.917,BUY,6.2e-07,3956.96987903
10941432,2017-12-26T00:13:31.633,SELL,6.1e-07,162704.5072379
10941434,2017-12-26T00:13:34.073,SELL,6.1e-07,74626.86567164
10941435,2017-12-26T00:13:37.103,SELL,6.1e-07,500000.0
10941442,2017-12-26T00:13:42.603,SELL,6.1e-07,7490.0
10941445,2017-12-26T00:13:46.62,BUY,6.2e-07,1246980.41322581
10941448,2017-12-26T00:13:48.87,SELL,6.1e-07,40000.0
10941449,2017-12-26T00:13:50.043,SELL,6.1e-07,10000.0
10941452,2017-12-26T00:13:51.34,BUY,6.2e-07,81879.27425253
10941453,2017-12-26T00:13:51.34,BUY,6.2e-07,6342.95770161
10941454,2017-12-26T00:13:51.34,BUY,6.2e-07,28970.5171875
10941455,2017-12-26T00:13:51.34,BUY,6.2e-07,8000.0
10941456,2017-12-26T00:13:51.34,BUY,6.2e-07,65472.10376159
10941458,2017-12-26T00:13:54.027,BUY,6.2e-07,1613.02185484
10941460,2017-12-26T00:13:54.357,BUY,6.2e-07,30248.88923263
10941462,2017-12-26T00:13:54.48,BUY,6.2e-07,51612.90322581
10941463,2017-12-26T00:13:54.53,SELL,6.1e-07,494839.78970987
10941465,2017-12-26T00:13:57.433,SELL,6.1e-07,115962.04471339
10941467,2017-12-26T00:14:00.81,SELL,6.1e-07,41646.62833246
10941470,2017-12-26T00:14:04.187,BUY,6.2e-07,3500.0
10941471,2017-12-26T00:14:05.013,SELL,6.1e-07,2107.3185
10941475,2017-12-26T00:14:08.903,SELL,6.1e-07,211141.92568966
10941476,2017-12-26T00:14:09.107,SELL,6.1e-07,1809.56164384
10941478,2017-12-26T00:14:11.733,BUY,6.2e-07,5000.0
10941480,2017-12-26T00:14:12.25,BUY,6.2e-07,2777.67278451
10941481,2017-12-26T00:14:12.25,BUY,6.2e-07,5398.62213352
10941487,2017-12-26T00:14:22.61,BUY,6.2e-07,3014.33136396
10941492,2017-12-26T00:14:33.97,SELL,6.1e-07,2000.0
10941494,2017-12-26T00:14:34.05,BUY,6.2e-07,100000.0
10941500,2017-12-26T00:14:38.533,BUY,6.2e-07,1774.1935
10941502,2017-12-26T00:14:44.737,SELL,6.1e-07,114204.4471875
10941509,2017-12-26T00:14:51.63,SELL,6.1e-07,4399.472322
10941512,2017-12-26T00:14:52.91,SELL,6.1e-07,23419.2232377
10941514,2017-12-26T00:14:53.177,BUY,6.2e-07,25000.0
10941516,2017-12-26T00:14:53.32,BUY,6.2e-07,33742.18782258
10941518,2017-12-26T00:14:55.08,BUY,6.2e-07,8064.5161
10941522,2017-12-26T00:14:58.833,BUY,6.2e-07,5000.0
10941523,2017-12-26T00:14:59.79,SELL,6.1e-07,4000.30674658
10941525,2017-12-26T00:15:01.177,BUY,6.2e-07,785584.23969469
10941526,2017-12-26T00:15:01.177,BUY,6.2e-07,2061384.48
10941527,2017-12-26T00:15:01.177,BUY,6.2e-07,30000.0
10941528,2017-12-26T00:15:01.177,BUY,6.2e-07,50000.0
10941529,2017-12-26T00:15:01.177,BUY,6.2e-07,10000.0
10941530,2017-12-26T00:15:01.177,BUY,6.2e-07,80000.0
10941531,2017-12-26T00:15:01.177,BUY,6.2e-07,281393.68726884
10941532,2017-12-26T00:15:01.177,BUY,6.2e-07,378660.6318
10941533,2017-12-26T00:15:01.177,BUY,6.2e-07,158333.33333333
10941534,2017-12-26T00:15:01.177,BUY,6.2e-07,221091.90455882
10941535,2017-12-26T00:15:01.177,BUY,6.2e-07,80278.69068493
10941536,2017-12-26T00:15:01.177,BUY,6.2e-07,10525.87635572
10941537,2017-12-26T00:15:01.177,BUY,6.2e-07,30000.0
10941538,2017-12-26T00:15:01.177,BUY,6.2e-07,11230.90083333
10941539,2017-12-26T00:15:01.177,BUY,6.2e-07,1678455.1854
10941540,2017-12-26T00:15:01.177,BUY,6.2e-07,2555.3850067
10941541,2017-12-26T00:15:01.177,BUY,6.2e-07,25627.73260209
10941542,2017-12-26T00:15:01.177,BUY,6.2e-07,10199.69572768
10941544,2017-12-26T00:15:01.74,BUY,6.2e-07,9800.30427232
10941551,2017-12-26T00:15:08.35,SELL,6.2e-07,2038.01228506
10941553,2017-12-26T00:15:08.897,BUY,6.2e-07,153575.86324773
10941555,2017-12-26T00:15:09.397,BUY,6.3e-07,40848.40488642
10941557,2017-12-26T00:15:12.473,SELL,6.2e-07,6966.21114743
10941558,2017-12-26T00:15:12.473,SELL,6.2e-07,12123.67935484
10941562,2017-12-26T00:15:15.007,BUY,6.2e-07,42866.03407258
10941564,2017-12-26T00:15:15.833,BUY,6.2e-07,12908.71185484
10941566,2017-12-26T00:15:19.833,BUY,6.2e-07,14285.7142857
10941569,2017-12-26T00:15:21.583,BUY,6.2e-07,14529.06428461
10941570,2017-12-26T00:15:21.583,BUY,6.2e-07,11968.46270833
10941574,2017-12-26T00:15:23.193,SELL,6.2e-07,184812.2777248
10941575,2017-12-26T00:15:23.193,SELL,6.1e-07,3164.4022752
10941579,2017-12-26T00:15:25.383,SELL,6.1e-07,15998.0
10941590,2017-12-26T00:15:29.96,BUY,6.2e-07,4154.0728913
10941591,2017-12-26T00:15:30.6,SELL,6.2e-07,346354.16666666
10941594,2017-12-26T00:15:31.303,SELL,6.2e-07,5231.0
10941602,2017-12-26T00:15:35.023,SELL,6.2e-07,5034.404179
10941612,2017-12-26T00:15:40.587,SELL,6.2e-07,140000.0
10941613,2017-12-26T00:15:40.65,SELL,6.2e-07,5034.404179
10941616,2017-12-26T00:15:44.23,SELL,6.2e-07,2020.899362
10941620,2017-12-26T00:15:45.353,SELL,6.2e-07,38000.0
10941625,2017-12-26T00:15:46.87,SELL,6.2e-07,54704.72875
10941627,2017-12-26T00:15:46.963,BUY,6.3e-07,1754.8058
10941629,2017-12-26T00:15:48.277,SELL,6.2e-07,5028.416543
10941631,2017-12-26T00:15:48.963,SELL,6.2e-07,2000.0
10941639,2017-12-26T00:15:50.743,SELL,6.2e-07,4000.0
10941643,2017-12-26T00:15:51.493,SELL,6.2e-07,3000.0
10941647,2017-12-26T00:15:53.103,SELL,6.2e-07,5020.057741
10941649,2017-12-26T00:15:55.747,BUY,6.3e-07,3743.53631657
10941650,2017-12-26T00:15:55.747,BUY,6.3e-07,16257.04912698
10941651,2017-12-26T00:15:56.84,SELL,6.2e-07,5034.404179
10941652,2017-12-26T00:15:57.59,SELL,6.2e-07,200000.94661539
10941653,2017-12-26T00:15:59.51,SELL,6.2e-07,599044.9276
10941654,2017-12-26T00:15:59.823,SELL,6.2e-07,302272.72727273
10941656,2017-12-26T00:16:00.51,SELL,6.2e-07,5034.404179
10941660,2017-12-26T00:16:01.45,BUY,6.3e-07,50150.00100299
10941661,2017-12-26T00:16:01.84,SELL,6.2e-07,60000.0
10941665,2017-12-26T00:16:03.027,SELL,6.2e-07,100000.0
10941668,2017-12-26T00:16:06.12,SELL,6.2e-07,5034.404179
10941673,2017-12-26T00:16:07.387,BUY,6.3e-07,7936.5079
10941674,2017-12-26T00:16:07.527,SELL,6.2e-07,5000.0
10941676,2017-12-26T00:16:09.387,SELL,6.2e-07,200000.0
10941677,2017-12-26T00:16:09.933,SELL,6.2e-07,5034.404179
10941679,2017-12-26T00:16:11.28,SELL,6.2e-07,10000.0
10941685,2017-12-26T00:16:13.717,SELL,6.2e-07,5034.404179
10941687,2017-12-26T00:16:13.887,BUY,6.3e-07,36897.715
10941696,2017-12-26T00:16:23.75,SELL,6.2e-07,40993.15068493
10941702,2017-12-26T00:16:30.077,BUY,6.3e-07,37934.94805292
10941704,2017-12-26T00:16:31.263,SELL,6.2e-07,40865.02079545
10941706,2017-12-26T00:16:31.86,BUY,6.3e-07,1968.47362803
10941709,2017-12-26T00:16:35.86,SELL,6.2e-07,1998.0
10941712,2017-12-26T00:16:37.063,BUY,6.3e-07,79166.66666667
10941718,2017-12-26T00:16:44.83,BUY,6.3e-07,32180.2525
10941724,2017-12-26T00:16:51.813,BUY,6.3e-07,74000.0
10941727,2017-12-26T00:16:54,SELL,6.2e-07,2747.454294
10941731,2017-12-26T00:16:57.673,SELL,6.2e-07,5039.805256
10941732,2017-12-26T00:16:57.737,SELL,6.2e-07,2341.61226714
10941733,2017-12-26T00:17:01.363,SELL,6.2e-07,34844.87272473
10941734,2017-12-26T00:17:01.567,SELL,6.2e-07,5044.615952
10941737,2017-12-26T00:17:05.423,SELL,6.2e-07,4371.889402
10941738,2017-12-26T00:17:05.69,SELL,6.2e-07,5044.615952
10941739,2017-12-26T00:17:06.27,SELL,6.2e-07,87018.75
10941742,2017-12-26T00:17:09.317,SELL,6.2e-07,4719.072418
10941744,2017-12-26T00:17:12.583,SELL,6.2e-07,2201.0
10941745,2017-12-26T00:17:12.957,SELL,6.2e-07,5073.674102
10941747,2017-12-26T00:17:14.393,BUY,6.3e-07,40000.0
10941748,2017-12-26T00:17:16.037,SELL,6.2e-07,62119.26616409
10941749,2017-12-26T00:17:16.94,SELL,6.2e-07,5073.674102
10941752,2017-12-26T00:17:24.6,SELL,6.2e-07,1012947.75257812
10941754,2017-12-26T00:17:25.52,SELL,6.2e-07,2552.025224
10941758,2017-12-26T00:17:26.38,SELL,6.2e-07,12703.25203252
10941759,2017-12-26T00:17:27.427,SELL,6.2e-07,50000.0
10941761,2017-12-26T00:17:32.63,SELL,6.2e-07,7000.0
10941765,2017-12-26T00:17:34.77,SELL,6.2e-07,5044.615952
10941767,2017-12-26T00:17:38.85,SELL,6.2e-07,5044.615952
10941770,2017-12-26T00:17:40.68,SELL,6.2e-07,131155.59989288
10941773,2017-12-26T00:17:42.693,SELL,6.2e-07,5044.615952
10941774,2017-12-26T00:17:48.023,SELL,6.2e-07,5044.615952
10941777,2017-12-26T00:17:50.57,SELL,6.2e-07,2105847.41901321
10941780,2017-12-26T00:17:53.617,SELL,6.2e-07,11553.15375499
10941781,2017-12-26T00:17:53.71,SELL,6.2e-07,5422.084818
10941783,2017-12-26T00:17:54.227,SELL,6.2e-07,877197.10638338
10941784,2017-12-26T00:17:54.227,SELL,6.2e-07,160887.09677419
10941785,2017-12-26T00:17:54.227,SELL,6.2e-07,30000.0
10941786,2017-12-26T00:17:54.227,SELL,6.2e-07,514192.9571371
10941787,2017-12-26T00:17:54.227,SELL,6.2e-07,81006.37971774
10941788,2017-12-26T00:17:54.227,SELL,6.2e-07,16088.70967742
10941789,2017-12-26T00:17:54.227,SELL,6.2e-07,253284.00031017
10941790,2017-12-26T00:17:58.477,SELL,6.2e-07,32391.10263338
10941791,2017-12-26T00:17:58.477,SELL,6.2e-07,10856.43604839
10941792,2017-12-26T00:17:58.477,SELL,6.2e-07,56752.46131823
10941794,2017-12-26T00:17:59.37,SELL,6.2e-07,22354.80710919
10941795,2017-12-26T00:17:59.37,SELL,6.2e-07,32258.06451613
10941796,2017-12-26T00:17:59.37,SELL,6.2e-07,330023.53910997
10941798,2017-12-26T00:17:59.59,SELL,6.2e-07,5044.615952
10941799,2017-12-26T00:17:59.62,SELL,6.2e-07,70000.0
10941801,2017-12-26T00:18:02.79,SELL,6.2e-07,408314.46637097
10941802,2017-12-26T00:18:03.26,SELL,6.2e-07,5044.615952
10941804,2017-12-26T00:18:03.98,SELL,6.2e-07,33378.26656667
10941805,2017-12-26T00:18:03.98,SELL,6.2e-07,28996.73343333
10941808,2017-12-26T00:18:05.883,BUY,6.3e-07,1206841.71945574
10941809,2017-12-26T00:18:05.883,BUY,6.3e-07,10000.0
10941810,2017-12-26T00:18:05.883,BUY,6.3e-07,7567.57895426
10941811,2017-12-26T00:18:05.883,BUY,6.3e-07,729536.5875
10941812,2017-12-26T00:18:05.883,BUY,6.3e-07,4403.8016129
10941813,2017-12-26T00:18:05.883,BUY,6.3e-07,1277.50627574
10941814,2017-12-26T00:18:05.9,BUY,6.3e-07,8062540.0
10941815,2017-12-26T00:18:05.9,BUY,6.3e-07,321774.19354839
10941816,2017-12-26T00:18:05.9,BUY,6.3e-07,1579718.59584677
10941817,2017-12-26T00:18:05.9,BUY,6.3e-07,1774.19354839
10941818,2017-12-26T00:18:05.9,BUY,6.3e-07,47457.68736559
10941819,2017-12-26T00:18:05.9,BUY,6.3e-07,10516.48416667
10941820,2017-12-26T00:18:05.9,BUY,6.3e-07,13980.0151
10941821,2017-12-26T00:18:05.9,BUY,6.3e-07,17148.90821429
10941822,2017-12-26T00:18:05.9,BUY,6.3e-07,1581.8453
10941823,2017-12-26T00:18:05.9,BUY,6.3e-07,6908.95850806
10941824,2017-12-26T00:18:05.9,BUY,6.3e-07,88392.99275363
10941825,2017-12-26T00:18:05.9,BUY,6.3e-07,2000.0
10941826,2017-12-26T00:18:05.9,BUY,6.3e-07,1906.52942308
10941827,2017-12-26T00:18:05.9,BUY,6.3e-07,223029.59310484
10941828,2017-12-26T00:18:05.9,BUY,6.4e-07,1323938.1925
10941829,2017-12-26T00:18:05.9,BUY,6.4e-07,50000.0
10941830,2017-12-26T00:18:05.9,BUY,6.4e-07,2292205.2125
10941831,2017-12-26T00:18:05.9,BUY,6.4e-07,100000.0
10941832,2017-12-26T00:18:05.9,BUY,6.4e-07,772388.3325
10941833,2017-12-26T00:18:05.9,BUY,6.4e-07,45252.35302326
10941834,2017-12-26T00:18:05.9,BUY,6.4e-07,10000.0
10941835,2017-12-26T00:18:05.9,BUY,6.4e-07,1794522.05443966
10941836,2017-12-26T00:18:05.9,BUY,6.4e-07,3225.0
10941837,2017-12-26T00:18:05.9,BUY,6.4e-07,2776.48166667
10941838,2017-12-26T00:18:05.9,BUY,6.4e-07,193073.68417969
10941839,2017-12-26T00:18:05.9,BUY,6.4e-07,42031.67358871
10941840,2017-12-26T00:18:05.9,BUY,6.4e-07,1781.3559322
10941841,2017-12-26T00:18:05.9,BUY,6.4e-07,16958.98833333
10941842,2017-12-26T00:18:05.9,BUY,6.4e-07,28826.43072581
10941843,2017-12-26T00:18:05.9,BUY,6.4e-07,272846.68652778
10941844,2017-12-26T00:18:05.9,BUY,6.4e-07,13109.01612903
10941845,2017-12-26T00:18:05.9,BUY,6.4e-07,229940.69166667
10941846,2017-12-26T00:18:05.9,BUY,6.4e-07,5212.75806452
10941847,2017-12-26T00:18:05.9,BUY,6.4e-07,20197.88709677
10941848,2017-12-26T00:18:05.9,BUY,6.4e-07,1581.8453
10941849,2017-12-26T00:18:05.9,BUY,6.4e-07,936210.18548077
10941850,2017-12-26T00:18:05.9,BUY,6.4e-07,1275072.62301293
10941853,2017-12-26T00:18:09.48,SELL,6.2e-07,5044.615952
10941859,2017-12-26T00:18:13.603,SELL,6.2e-07,5044.615952
10941861,2017-12-26T00:18:14.79,BUY,6.3e-07,11459.76760182
10941862,2017-12-26T00:18:14.79,BUY,6.3e-07,12651.75873016
10941863,2017-12-26T00:18:14.79,BUY,6.4e-07,45109.56534771
10941866,2017-12-26T00:18:17.293,SELL,6.2e-07,5044.615952
10941868,2017-12-26T00:18:17.527,SELL,6.2e-07,4000.0
10941877,2017-12-26T00:18:20.573,SELL,6.3e-07,21000.0
10941878,2017-12-26T00:18:21.26,SELL,6.3e-07,7713.14833333
10941879,2017-12-26T00:18:23.013,SELL,6.2e-07,28713.14833333
10941888,2017-12-26T00:18:27.607,SELL,6.2e-07,5044.615952
10941890,2017-12-26T00:18:27.7,BUY,6.3e-07,12286.85166667
10941891,2017-12-26T00:18:27.7,BUY,6.3e-07,2273.03110409
10941896,2017-12-26T00:18:29.717,SELL,6.2e-07,1355.16922373
10941897,2017-12-26T00:18:29.717,SELL,6.2e-07,80444.40108871
10941898,2017-12-26T00:18:29.717,SELL,6.2e-07,52708.49528226
10941899,2017-12-26T00:18:29.717,SELL,6.2e-07,1635.24590164
10941900,2017-12-26T00:18:29.717,SELL,6.2e-07,137000.65608871
10941901,2017-12-26T00:18:29.717,SELL,6.2e-07,11598.79918033
10941902,2017-12-26T00:18:29.717,SELL,6.2e-07,9001.34346774
10941903,2017-12-26T00:18:29.717,SELL,6.2e-07,74947.64516129
10941904,2017-12-26T00:18:29.717,SELL,6.2e-07,20000.0
10941905,2017-12-26T00:18:29.717,SELL,6.2e-07,11545.66028225
10941906,2017-12-26T00:18:29.717,SELL,6.2e-07,34833.33333333
10941907,2017-12-26T00:18:29.717,SELL,6.2e-07,23780.5608871
10941908,2017-12-26T00:18:29.717,SELL,6.2e-07,41148.69010291
10941911,2017-12-26T00:18:32.09,SELL,6.2e-07,5044.615952
10941913,2017-12-26T00:18:33.513,SELL,6.2e-07,1791.0448
10941916,2017-12-26T00:18:35.84,SELL,6.2e-07,5044.615952
10941923,2017-12-26T00:18:37.513,BUY,6.3e-07,1227.65333333
10941927,2017-12-26T00:18:39.7,SELL,6.2e-07,29631.95537051
10941928,2017-12-26T00:18:39.7,SELL,6.2e-07,470368.04462949
10941929,2017-12-26T00:18:39.967,SELL,6.2e-07,5044.615952
10941931,2017-12-26T00:18:40.747,SELL,6.2e-07,262190.99901528
10941932,2017-12-26T00:18:40.747,SELL,6.2e-07,225496.53931452
10941933,2017-12-26T00:18:40.747,SELL,6.2e-07,1309642.43008065
10941934,2017-12-26T00:18:40.747,SELL,6.2e-07,5000.0
10941935,2017-12-26T00:18:40.747,SELL,6.2e-07,824910.0554228
10941938,2017-12-26T00:18:41.623,BUY,6.3e-07,3816.96261867
10941939,2017-12-26T00:18:41.64,BUY,6.3e-07,20000.0
10941940,2017-12-26T00:18:41.64,BUY,6.3e-07,302974.07571466
10941941,2017-12-26T00:18:43.59,SELL,6.2e-07,5020.057741
10941944,2017-12-26T00:18:47.2,SELL,6.2e-07,5020.057741
10941945,2017-12-26T00:18:47.577,SELL,6.2e-07,699037.65131294
10941946,2017-12-26T00:18:47.577,SELL,6.2e-07,300962.34868706
10941947,2017-12-26T00:18:48.717,SELL,6.2e-07,500000.0
10941950,2017-12-26T00:18:50.827,SELL,6.2e-07,5020.057741
10941952,2017-12-26T00:18:55.123,SELL,6.2e-07,5020.057741
10941959,2017-12-26T00:18:57.843,SELL,6.2e-07,10587.79477941
10941962,2017-12-26T00:18:58.733,SELL,6.2e-07,5014.462491
10941963,2017-12-26T00:19:00.593,SELL,6.2e-07,121239.77296645
10941965,2017-12-26T00:19:00.92,SELL,6.2e-07,43062.61303936
10941969,2017-12-26T00:19:02.343,SELL,6.2e-07,5014.462491
10941974,2017-12-26T00:19:02.843,BUY,6.3e-07,819.02634967
10941975,2017-12-26T00:19:02.843,BUY,6.3e-07,798807.18365033
10941981,2017-12-26T00:19:08.047,BUY,6.3e-07,13164.73583333
10941985,2017-12-26T00:19:12.673,SELL,6.2e-07,5014.462491
10941987,2017-12-26T00:19:14.377,BUY,6.3e-07,1858.21934244
10941993,2017-12-26T00:19:16.563,BUY,6.3e-07,12651.75873016
10941995,2017-12-26T00:19:16.66,BUY,6.3e-07,24597.495
10941998,2017-12-26T00:19:18.377,SELL,6.2e-07,5014.462491
10942002,2017-12-26T00:19:19.487,SELL,6.2e-07,12954.54545455
10942007,2017-12-26T00:19:20.503,BUY,6.3e-07,458563.03752439
10942008,2017-12-26T00:19:20.503,BUY,6.3e-07,225496.53931452
10942012,2017-12-26T00:19:22.55,BUY,6.3e-07,20727.52063433
10942013,2017-12-26T00:19:22.72,SELL,6.3e-07,5014.462491
10942016,2017-12-26T00:19:23.52,SELL,6.3e-07,27519.89354134
10942023,2017-12-26T00:19:26.47,SELL,6.2e-07,4414.24853515
10942024,2017-12-26T00:19:26.8,SELL,6.2e-07,4989.579761
10942029,2017-12-26T00:19:31.237,SELL,6.2e-07,4988.466265
10942039,2017-12-26T00:19:37.393,BUY,6.3e-07,1746.0317
10942040,2017-12-26T00:19:39.66,SELL,6.2e-07,4988.466265
10942042,2017-12-26T00:19:39.817,BUY,6.3e-07,2442810.18858576
10942043,2017-12-26T00:19:39.817,BUY,6.3e-07,80000.0
10942044,2017-12-26T00:19:39.817,BUY,6.3e-07,23071.82358569
10942045,2017-12-26T00:19:39.817,BUY,6.3e-07,14419.5275
10942046,2017-12-26T00:19:39.817,BUY,6.3e-07,1746.0317
10942047,2017-12-26T00:19:40.6,SELL,6.2e-07,261005.44333633
10942048,2017-12-26T00:19:43.473,SELL,6.2e-07,4988.466265
10942052,2017-12-26T00:19:45.71,BUY,6.3e-07,5545.13416667
10942056,2017-12-26T00:19:54.287,BUY,6.3e-07,19523.27827967
10942059,2017-12-26T00:19:57.117,SELL,6.3e-07,178423.29755366
10942061,2017-12-26T00:20:01.397,BUY,6.3e-07,19523.27827967
10942067,2017-12-26T00:20:08.087,BUY,6.3e-07,69080.61379167
10942068,2017-12-26T00:20:08.087,BUY,6.3e-07,15000.0
10942069,2017-12-26T00:20:08.087,BUY,6.3e-07,383846.87370833
10942072,2017-12-26T00:20:09.54,SELL,6.2e-07,1746.0317
10942076,2017-12-26T00:20:10.553,BUY,6.3e-07,69080.61379167
10942083,2017-12-26T00:20:19.523,SELL,6.2e-07,139882.15922484
10942096,2017-12-26T00:20:26.743,BUY,6.3e-07,867.61689516
10942097,2017-12-26T00:20:26.743,BUY,6.3e-07,9132.38310484
10942099,2017-12-26T00:20:26.79,BUY,6.3e-07,91443.78906406
10942113,2017-12-26T00:20:32.213,SELL,6.2e-07,813521.11955882
10942120,2017-12-26T00:20:42.307,SELL,6.2e-07,110710.779375
10942143,2017-12-26T00:20:56.467,BUY,6.3e-07,2318.42410514
10942144,2017-12-26T00:20:56.467,BUY,6.3e-07,144008.68256153
10942148,2017-12-26T00:21:04.23,BUY,6.3e-07,18310.6325
10942155,2017-12-26T00:21:09.25,BUY,6.3e-07,10000.0
10942157,2017-12-26T00:21:14.687,SELL,6.2e-07,57436.4889
10942161,2017-12-26T00:21:19.28,BUY,6.3e-07,63650.79365079
10942165,2017-12-26T00:21:23.813,BUY,6.3e-07,7540.22051885
10942167,2017-12-26T00:21:25.563,BUY,6.3e-07,40386.875
10942173,2017-12-26T00:21:31.22,BUY,6.3e-07,4506.1825
10942175,2017-12-26T00:21:31.687,BUY,6.3e-07,2299.11083333
10942176,2017-12-26T00:21:33.14,SELL,6.2e-07,1227.65333333
10942181,2017-12-26T00:21:38.297,BUY,6.3e-07,139315.64074153
10942182,2017-12-26T00:21:38.297,BUY,6.3e-07,56443.81340426
10942183,2017-12-26T00:21:38.297,BUY,6.3e-07,33885.10195946
10942184,2017-12-26T00:21:38.297,BUY,6.3e-07,600000.0
10942185,2017-12-26T00:21:38.297,BUY,6.3e-07,103064.1712324
10942186,2017-12-26T00:21:38.297,BUY,6.3e-07,378660.6318
10942189,2017-12-26T00:21:41.69,SELL,6.3e-07,23780.5608871
10942198,2017-12-26T00:21:50.127,SELL,6.3e-07,223171.97164192
10942199,2017-12-26T00:21:50.127,SELL,6.3e-07,88666.66666667
10942200,2017-12-26T00:21:50.127,SELL,6.3e-07,1746.0317
10942201,2017-12-26T00:21:50.127,SELL,6.3e-07,65075.96179141
10942205,2017-12-26T00:21:55.317,SELL,6.3e-07,42709.56570859
10942206,2017-12-26T00:21:55.317,SELL,6.3e-07,282915.74686409
10942210,2017-12-26T00:22:10.02,SELL,6.3e-07,25000.0
10942212,2017-12-26T00:22:14.223,SELL,6.3e-07,132261.11111111
10942220,2017-12-26T00:22:18.897,BUY,6.4e-07,1562.5
10942222,2017-12-26T00:22:21.427,SELL,6.3e-07,6213.1908693
10942225,2017-12-26T00:22:24.333,BUY,6.4e-07,2532.48105469
10942227,2017-12-26T00:22:25.943,SELL,6.3e-07,1746.0317
10942228,2017-12-26T00:22:26.583,SELL,6.3e-07,50663.8895
10942238,2017-12-26T00:22:33.587,BUY,6.4e-07,20060.00100299
10942239,2017-12-26T00:22:33.71,SELL,6.3e-07,50000.0
10942241,2017-12-26T00:22:41.79,SELL,6.3e-07,1194.85205882
10942242,2017-12-26T00:22:43.9,SELL,6.3e-07,99999.0
10942244,2017-12-26T00:22:45.65,BUY,6.4e-07,10638.42206204
10942245,2017-12-26T00:22:45.65,BUY,6.4e-07,1501312.29028171
10942247,2017-12-26T00:22:45.663,BUY,6.4e-07,9395.53042969
10942249,2017-12-26T00:22:48.57,SELL,6.3e-07,306602.73875
10942252,2017-12-26T00:22:48.743,BUY,6.4e-07,857757.8559375
10942257,2017-12-26T00:22:51.273,BUY,6.4e-07,1200.0
10942261,2017-12-26T00:22:53.493,SELL,6.3e-07,72386.8073
10942272,2017-12-26T00:23:00.76,SELL,6.3e-07,1612.9032258
10942275,2017-12-26T00:23:02.743,BUY,6.4e-07,4000.0
10942277,2017-12-26T00:23:02.947,BUY,6.4e-07,9375.20636719
10942286,2017-12-26T00:23:14.057,SELL,6.3e-07,4000.0
10942288,2017-12-26T00:23:15.73,BUY,6.4e-07,9531.25277344
10942295,2017-12-26T00:23:24.543,BUY,6.4e-07,17482.23175781
10942296,2017-12-26T00:23:24.56,SELL,6.3e-07,200000.0
10942298,2017-12-26T00:23:26.153,SELL,6.3e-07,20000.0
10942303,2017-12-26T00:23:34.67,BUY,6.4e-07,121903.16875
10942309,2017-12-26T00:23:43.983,SELL,6.3e-07,15000.0
10942312,2017-12-26T00:23:46.483,BUY,6.4e-07,13017.87375
10942322,2017-12-26T00:23:53.06,BUY,6.4e-07,94408.46896789
10942325,2017-12-26T00:23:59.093,SELL,6.3e-07,10000.0
10941959,2017-12-26T00:18:57.843,SELL,6.2e-07,10587.79477941
10941962,2017-12-26T00:18:58.733,SELL,6.2e-07,5014.462491
10941963,2017-12-26T00:19:00.593,SELL,6.2e-07,121239.77296645
10941965,2017-12-26T00:19:00.92,SELL,6.2e-07,43062.61303936
10941969,2017-12-26T00:19:02.343,SELL,6.2e-07,5014.462491
10941974,2017-12-26T00:19:02.843,BUY,6.3e-07,819.02634967
10941975,2017-12-26T00:19:02.843,BUY,6.3e-07,798807.18365033
10941981,2017-12-26T00:19:08.047,BUY,6.3e-07,13164.73583333
10941985,2017-12-26T00:19:12.673,SELL,6.2e-07,5014.462491
10941987,2017-12-26T00:19:14.377,BUY,6.3e-07,1858.21934244
10941993,2017-12-26T00:19:16.563,BUY,6.3e-07,12651.75873016
10941995,2017-12-26T00:19:16.66,BUY,6.3e-07,24597.495
10941998,2017-12-26T00:19:18.377,SELL,6.2e-07,5014.462491
10942002,2017-12-26T00:19:19.487,SELL,6.2e-07,12954.54545455
10942007,2017-12-26T00:19:20.503,BUY,6.3e-07,458563.03752439
10942008,2017-12-26T00:19:20.503,BUY,6.3e-07,225496.53931452
10942012,2017-12-26T00:19:22.55,BUY,6.3e-07,20727.52063433
10942013,2017-12-26T00:19:22.72,SELL,6.3e-07,5014.462491
10942016,2017-12-26T00:19:23.52,SELL,6.3e-07,27519.89354134
10942023,2017-12-26T00:19:26.47,SELL,6.2e-07,4414.24853515
10942024,2017-12-26T00:19:26.8,SELL,6.2e-07,4989.579761
10942029,2017-12-26T00:19:31.237,SELL,6.2e-07,4988.466265
10942039,2017-12-26T00:19:37.393,BUY,6.3e-07,1746.0317
10942040,2017-12-26T00:19:39.66,SELL,6.2e-07,4988.466265
10942042,2017-12-26T00:19:39.817,BUY,6.3e-07,2442810.18858576
10942043,2017-12-26T00:19:39.817,BUY,6.3e-07,80000.0
10942044,2017-12-26T00:19:39.817,BUY,6.3e-07,23071.82358569
10942045,2017-12-26T00:19:39.817,BUY,6.3e-07,14419.5275
10942046,2017-12-26T00:19:39.817,BUY,6.3e-07,1746.0317
10942047,2017-12-26T00:19:40.6,SELL,6.2e-07,261005.44333633
10942048,2017-12-26T00:19:43.473,SELL,6.2e-07,4988.466265
10942052,2017-12-26T00:19:45.71,BUY,6.3e-07,5545.13416667
10942056,2017-12-26T00:19:54.287,BUY,6.3e-07,19523.27827967
10942059,2017-12-26T00:19:57.117,SELL,6.3e-07,178423.29755366
10942061,2017-12-26T00:20:01.397,BUY,6.3e-07,19523.27827967
10942067,2017-12-26T00:20:08.087,BUY,6.3e-07,69080.61379167
10942068,2017-12-26T00:20:08.087,BUY,6.3e-07,15000.0
10942069,2017-12-26T00:20:08.087,BUY,6.3e-07,383846.87370833
10942072,2017-12-26T00:20:09.54,SELL,6.2e-07,1746.0317
10942076,2017-12-26T00:20:10.553,BUY,6.3e-07,69080.61379167
10942083,2017-12-26T00:20:19.523,SELL,6.2e-07,139882.15922484
10942096,2017-12-26T00:20:26.743,BUY,6.3e-07,867.61689516
10942097,2017-12-26T00:20:26.743,BUY,6.3e-07,9132.38310484
10942099,2017-12-26T00:20:26.79,BUY,6.3e-07,91443.78906406
10942113,2017-12-26T00:20:32.213,SELL,6.2e-07,813521.11955882
10942120,2017-12-26T00:20:42.307,SELL,6.2e-07,110710.779375
10942143,2017-12-26T00:20:56.467,BUY,6.3e-07,2318.42410514
10942144,2017-12-26T00:20:56.467,BUY,6.3e-07,144008.68256153
10942148,2017-12-26T00:21:04.23,BUY,6.3e-07,18310.6325
10942155,2017-12-26T00:21:09.25,BUY,6.3e-07,10000.0
10942157,2017-12-26T00:21:14.687,SELL,6.2e-07,57436.4889
10942161,2017-12-26T00:21:19.28,BUY,6.3e-07,63650.79365079
10942165,2017-12-26T00:21:23.813,BUY,6.3e-07,7540.22051885
10942167,2017-12-26T00:21:25.563,BUY,6.3e-07,40386.875
10942173,2017-12-26T00:21:31.22,BUY,6.3e-07,4506.1825
10942175,2017-12-26T00:21:31.687,BUY,6.3e-07,2299.11083333
10942176,2017-12-26T00:21:33.14,SELL,6.2e-07,1227.65333333
10942181,2017-12-26T00:21:38.297,BUY,6.3e-07,139315.64074153
10942182,2017-12-26T00:21:38.297,BUY,6.3e-07,56443.81340426
10942183,2017-12-26T00:21:38.297,BUY,6.3e-07,33885.10195946
10942184,2017-12-26T00:21:38.297,BUY,6.3e-07,600000.0
10942185,2017-12-26T00:21:38.297,BUY,6.3e-07,103064.1712324
10942186,2017-12-26T00:21:38.297,BUY,6.3e-07,378660.6318
10942189,2017-12-26T00:21:41.69,SELL,6.3e-07,23780.5608871
10942198,2017-12-26T00:21:50.127,SELL,6.3e-07,223171.97164192
10942199,2017-12-26T00:21:50.127,SELL,6.3e-07,88666.66666667
10942200,2017-12-26T00:21:50.127,SELL,6.3e-07,1746.0317
10942201,2017-12-26T00:21:50.127,SELL,6.3e-07,65075.96179141
10942205,2017-12-26T00:21:55.317,SELL,6.3e-07,42709.56570859
10942206,2017-12-26T00:21:55.317,SELL,6.3e-07,282915.74686409
10942210,2017-12-26T00:22:10.02,SELL,6.3e-07,25000.0
10942212,2017-12-26T00:22:14.223,SELL,6.3e-07,132261.11111111
10942220,2017-12-26T00:22:18.897,BUY,6.4e-07,1562.5
10942222,2017-12-26T00:22:21.427,SELL,6.3e-07,6213.1908693
10942225,2017-12-26T00:22:24.333,BUY,6.4e-07,2532.48105469
10942227,2017-12-26T00:22:25.943,SELL,6.3e-07,1746.0317
10942228,2017-12-26T00:22:26.583,SELL,6.3e-07,50663.8895
10942238,2017-12-26T00:22:33.587,BUY,6.4e-07,20060.00100299
10942239,2017-12-26T00:22:33.71,SELL,6.3e-07,50000.0
10942241,2017-12-26T00:22:41.79,SELL,6.3e-07,1194.85205882
10942242,2017-12-26T00:22:43.9,SELL,6.3e-07,99999.0
10942244,2017-12-26T00:22:45.65,BUY,6.4e-07,10638.42206204
10942245,2017-12-26T00:22:45.65,BUY,6.4e-07,1501312.29028171
10942247,2017-12-26T00:22:45.663,BUY,6.4e-07,9395.53042969
10942249,2017-12-26T00:22:48.57,SELL,6.3e-07,306602.73875
10942252,2017-12-26T00:22:48.743,BUY,6.4e-07,857757.8559375
10942257,2017-12-26T00:22:51.273,BUY,6.4e-07,1200.0
10942261,2017-12-26T00:22:53.493,SELL,6.3e-07,72386.8073
10942272,2017-12-26T00:23:00.76,SELL,6.3e-07,1612.9032258
10942275,2017-12-26T00:23:02.743,BUY,6.4e-07,4000.0
10942277,2017-12-26T00:23:02.947,BUY,6.4e-07,9375.20636719
10942286,2017-12-26T00:23:14.057,SELL,6.3e-07,4000.0
10942288,2017-12-26T00:23:15.73,BUY,6.4e-07,9531.25277344
10942295,2017-12-26T00:23:24.543,BUY,6.4e-07,17482.23175781
10942296,2017-12-26T00:23:24.56,SELL,6.3e-07,200000.0
10942298,2017-12-26T00:23:26.153,SELL,6.3e-07,20000.0
10942303,2017-12-26T00:23:34.67,BUY,6.4e-07,121903.16875
10942309,2017-12-26T00:23:43.983,SELL,6.3e-07,15000.0
10942312,2017-12-26T00:23:46.483,BUY,6.4e-07,13017.87375
10942322,2017-12-26T00:23:53.06,BUY,6.4e-07,94408.46896789
10942325,2017-12-26T00:23:59.093,SELL,6.3e-07,10000.0
10942332,2017-12-26T00:24:11.627,BUY,6.4e-07,2632.13753906
10942339,2017-12-26T00:24:19.203,BUY,6.4e-07,1558.59375
10942340,2017-12-26T00:24:20.393,SELL,6.3e-07,22299.97397727
10942342,2017-12-26T00:24:20.58,BUY,6.4e-07,10000.0
10942344,2017-12-26T00:24:30.237,SELL,6.3e-07,22562.19234817
10942348,2017-12-26T00:24:31.533,BUY,6.4e-07,8000.0
10942350,2017-12-26T00:24:32.863,SELL,6.3e-07,65209.73625
10942353,2017-12-26T00:24:34.58,SELL,6.3e-07,39016.88
10942356,2017-12-26T00:24:38.83,BUY,6.4e-07,18597.73289063
10942360,2017-12-26T00:24:40.643,SELL,6.3e-07,140000.0
10942361,2017-12-26T00:24:41.363,SELL,6.3e-07,274906.5317792
10942363,2017-12-26T00:24:44.55,BUY,6.4e-07,5000.0
10942364,2017-12-26T00:24:44.567,SELL,6.3e-07,174954.92426624
10942365,2017-12-26T00:24:44.567,SELL,6.3e-07,16096.92434393
10942366,2017-12-26T00:24:44.787,SELL,6.3e-07,15569.74232274
10942367,2017-12-26T00:24:44.787,SELL,6.3e-07,36284.71
10942368,2017-12-26T00:24:44.787,SELL,6.3e-07,33183.4525
10942369,2017-12-26T00:24:44.787,SELL,6.3e-07,1586.48416667
10942370,2017-12-26T00:24:44.787,SELL,6.3e-07,6080.0
10942371,2017-12-26T00:24:44.787,SELL,6.3e-07,63333.33333333
10942372,2017-12-26T00:24:44.787,SELL,6.3e-07,21037.62333333
10942373,2017-12-26T00:24:44.787,SELL,6.3e-07,158333.33333333
10942374,2017-12-26T00:24:44.787,SELL,6.3e-07,36324.08916667
10942375,2017-12-26T00:24:44.787,SELL,6.3e-07,1500.0
10942376,2017-12-26T00:24:44.787,SELL,6.3e-07,212182.215
10942377,2017-12-26T00:24:44.787,SELL,6.3e-07,237146.90083333
10942378,2017-12-26T00:24:44.787,SELL,6.3e-07,12013.9375
10942381,2017-12-26T00:24:47.787,BUY,6.3e-07,1193.6612301
10942383,2017-12-26T00:24:49.943,BUY,6.3e-07,2000.0
10942384,2017-12-26T00:24:50.74,SELL,6.2e-07,250000.0
10942385,2017-12-26T00:24:51.27,SELL,6.2e-07,3057.42812997
10942386,2017-12-26T00:24:51.787,SELL,6.2e-07,50000.0
10942388,2017-12-26T00:24:52.193,BUY,6.3e-07,1979.4140625
10942389,2017-12-26T00:24:52.287,SELL,6.2e-07,9055.0
10942390,2017-12-26T00:24:52.35,SELL,6.2e-07,88973.35426
10942394,2017-12-26T00:25:00.27,SELL,6.2e-07,278167.2118744
10942396,2017-12-26T00:25:00.41,BUY,6.3e-07,2030.26083333
10942397,2017-12-26T00:25:02.85,SELL,6.2e-07,3364.767
10942400,2017-12-26T00:25:04.647,BUY,6.3e-07,10000.0
10942403,2017-12-26T00:25:07.71,SELL,6.2e-07,13717.14972222
10942408,2017-12-26T00:25:12.273,SELL,6.2e-07,8552.0
10942416,2017-12-26T00:25:14.07,BUY,6.3e-07,35410.66416667
10942419,2017-12-26T00:25:14.68,BUY,6.3e-07,235588.37860999
10942420,2017-12-26T00:25:14.68,BUY,6.3e-07,479018.66443928
10942421,2017-12-26T00:25:14.68,BUY,6.3e-07,50000.0
10942422,2017-12-26T00:25:14.68,BUY,6.3e-07,3000.0
10942428,2017-12-26T00:25:20.867,SELL,6.3e-07,150755.1386174
10942429,2017-12-26T00:25:20.867,SELL,6.3e-07,2225.65272414
10942431,2017-12-26T00:25:21.9,SELL,6.3e-07,15700.04129111
10942432,2017-12-26T00:25:22.71,SELL,6.3e-07,60000.0
10942433,2017-12-26T00:25:24.757,SELL,6.3e-07,2991.94931808
10942434,2017-12-26T00:25:24.757,SELL,6.3e-07,1853.84583333
10942442,2017-12-26T00:25:27.697,BUY,6.3e-07,42173.14416667
10942445,2017-12-26T00:25:39.463,SELL,6.2e-07,12603.49041063
10942449,2017-12-26T00:25:42.947,BUY,6.3e-07,1587.3015873
10942450,2017-12-26T00:25:43.307,SELL,6.2e-07,35000.0
10942452,2017-12-26T00:25:45.37,BUY,6.3e-07,382745.11044597
10942453,2017-12-26T00:25:45.37,BUY,6.3e-07,1500.0
10942454,2017-12-26T00:25:45.37,BUY,6.3e-07,12594.60847826
10942458,2017-12-26T00:25:52.04,SELL,6.3e-07,143870.49319512
10942459,2017-12-26T00:25:52.823,SELL,6.3e-07,31113.199152
10942460,2017-12-26T00:25:54.387,SELL,6.3e-07,175000.0
10942461,2017-12-26T00:25:54.777,SELL,6.3e-07,5496.3738806
10942462,2017-12-26T00:25:55.167,SELL,6.3e-07,11125.45058075
10942463,2017-12-26T00:25:55.387,SELL,6.3e-07,16206.455429
10942466,2017-12-26T00:25:59.12,BUY,6.4e-07,80840.57323218
10942469,2017-12-26T00:26:03.073,SELL,6.3e-07,20000.0
10942470,2017-12-26T00:26:04.653,SELL,6.3e-07,7027.418889
10942472,2017-12-26T00:26:05.433,SELL,6.3e-07,342115.78159261
10942474,2017-12-26T00:26:06.277,SELL,6.3e-07,27317.89772727
10942475,2017-12-26T00:26:08.73,SELL,6.3e-07,109546.61919881
10942479,2017-12-26T00:26:15.153,BUY,6.4e-07,5604.80618602
10942481,2017-12-26T00:26:15.247,SELL,6.3e-07,752490.40139722
10942484,2017-12-26T00:26:19.53,BUY,6.4e-07,8032.97335938
10942487,2017-12-26T00:26:20.39,SELL,6.3e-07,8369.461509
10942488,2017-12-26T00:26:21.107,SELL,6.3e-07,12000.0
10942490,2017-12-26T00:26:21.437,BUY,6.4e-07,246739.47826087
10942491,2017-12-26T00:26:21.733,SELL,6.3e-07,150000.0
10942493,2017-12-26T00:26:23.107,SELL,6.3e-07,179361.11267606
10942498,2017-12-26T00:26:23.39,SELL,6.3e-07,10000.0
10942500,2017-12-26T00:26:24.03,SELL,6.3e-07,10000.0
10942505,2017-12-26T00:26:29.297,BUY,6.4e-07,42509.39880649
10942508,2017-12-26T00:26:31.36,SELL,6.3e-07,4183.91368865
10942509,2017-12-26T00:26:31.67,SELL,6.3e-07,4183.91368865
10942510,2017-12-26T00:26:33.077,SELL,6.3e-07,5346.697959
10942513,2017-12-26T00:26:37.36,SELL,6.3e-07,5346.697959
10942514,2017-12-26T00:26:38.56,SELL,6.3e-07,36330.9992197
10942515,2017-12-26T00:26:38.56,SELL,6.3e-07,10000.0
10942516,2017-12-26T00:26:38.56,SELL,6.3e-07,36544.18833333
10942517,2017-12-26T00:26:38.56,SELL,6.3e-07,8666.78666667
10942518,2017-12-26T00:26:38.56,SELL,6.3e-07,48960.92583333
10942519,2017-12-26T00:26:38.56,SELL,6.3e-07,4750.0
10942520,2017-12-26T00:26:38.56,SELL,6.3e-07,1853.84583333
10942522,2017-12-26T00:26:40.297,SELL,6.2e-07,119013.33160048
10942526,2017-12-26T00:26:41.017,BUY,6.3e-07,2460.50138888
10942528,2017-12-26T00:26:42.64,BUY,6.3e-07,7931.79365079
10942538,2017-12-26T00:26:45.267,BUY,6.3e-07,1738.78277344
10942539,2017-12-26T00:26:47.483,SELL,6.2e-07,140039.09218472
10942541,2017-12-26T00:26:49.08,BUY,6.3e-07,61573.04666667
10942543,2017-12-26T00:26:50.08,BUY,6.3e-07,130523.57166667
10942544,2017-12-26T00:26:51.267,SELL,6.2e-07,10000.0
10942545,2017-12-26T00:26:51.733,SELL,6.2e-07,36850.803992
10942546,2017-12-26T00:26:52.487,SELL,6.2e-07,36850.803992
10942548,2017-12-26T00:26:53.33,BUY,6.3e-07,9931.3475
10942552,2017-12-26T00:26:54.39,BUY,6.3e-07,8484.53968254
10942553,2017-12-26T00:26:54.423,SELL,6.2e-07,18707.988872
10942557,2017-12-26T00:26:54.58,SELL,6.2e-07,18707.988872
10942561,2017-12-26T00:26:54.703,BUY,6.3e-07,17176.21571071
10942565,2017-12-26T00:26:56.75,BUY,6.3e-07,25000.0
10942570,2017-12-26T00:26:59.94,BUY,6.3e-07,3000.0
10942575,2017-12-26T00:27:08.503,SELL,6.2e-07,106980.6862745
10942577,2017-12-26T00:27:09.72,SELL,6.2e-07,28221.509614
10942579,2017-12-26T00:27:10.36,BUY,6.3e-07,51772.4375
10942582,2017-12-26T00:27:11.27,BUY,6.3e-07,9239.80893312
10942583,2017-12-26T00:27:11.783,SELL,6.2e-07,106980.6862745
10942584,2017-12-26T00:27:13.08,SELL,6.2e-07,28221.509614
10942586,2017-12-26T00:27:13.393,BUY,6.3e-07,830086.95114113
10942587,2017-12-26T00:27:13.393,BUY,6.3e-07,137000.65608871
10942588,2017-12-26T00:27:13.393,BUY,6.3e-07,380170.0095132
10942589,2017-12-26T00:27:13.393,BUY,6.3e-07,40080.53364583
10942591,2017-12-26T00:27:13.487,SELL,6.2e-07,15734.94794879
10942597,2017-12-26T00:27:17.923,BUY,6.4e-07,1718.75
10942598,2017-12-26T00:27:18.33,SELL,6.2e-07,15734.94794879
10942603,2017-12-26T00:27:25.24,SELL,6.2e-07,14041.88694877
10942604,2017-12-26T00:27:25.537,SELL,6.2e-07,14041.88694877
10942605,2017-12-26T00:27:25.88,SELL,6.2e-07,19337.760719
10942606,2017-12-26T00:27:26.113,SELL,6.2e-07,19337.760719
10942612,2017-12-26T00:27:33.083,SELL,6.3e-07,5588.39911122
10942613,2017-12-26T00:27:34.943,SELL,6.3e-07,4922.17049
10942614,2017-12-26T00:27:35.973,SELL,6.3e-07,1117.62600816
10942622,2017-12-26T00:27:38.177,SELL,6.3e-07,15000.0
10942623,2017-12-26T00:27:38.99,SELL,6.3e-07,4922.17049
10942625,2017-12-26T00:27:41.613,SELL,6.3e-07,368633.58301012
10942626,2017-12-26T00:27:41.817,SELL,6.3e-07,15000.0
10942629,2017-12-26T00:27:42.693,SELL,6.3e-07,4922.17049
10942631,2017-12-26T00:27:44.07,SELL,6.3e-07,5200.0
10942633,2017-12-26T00:27:45.63,SELL,6.3e-07,28291.78449016
10942634,2017-12-26T00:27:46.46,SELL,6.3e-07,4922.17049
10942636,2017-12-26T00:27:48.223,SELL,6.3e-07,36429.872495
10942637,2017-12-26T00:27:49.897,SELL,6.3e-07,5200.0
10942638,2017-12-26T00:27:50.443,SELL,6.3e-07,4921.596744
10942639,2017-12-26T00:27:51.49,SELL,6.3e-07,28291.78449016
10942641,2017-12-26T00:27:51.583,BUY,6.4e-07,8242.37166667
10942643,2017-12-26T00:27:51.647,BUY,6.4e-07,82491.0
10942646,2017-12-26T00:27:53.43,SELL,6.3e-07,18626.344356
10942648,2017-12-26T00:27:54.023,SELL,6.3e-07,4921.596744
10942649,2017-12-26T00:27:54.367,SELL,6.3e-07,36429.872495
10942651,2017-12-26T00:27:57.82,BUY,6.4e-07,37011.0711137
10942652,2017-12-26T00:27:57.897,SELL,6.3e-07,4921.596744
10942654,2017-12-26T00:28:00.773,SELL,6.3e-07,7200.0
10942655,2017-12-26T00:28:01.913,SELL,6.3e-07,4921.596744
10942660,2017-12-26T00:28:04.697,SELL,6.3e-07,1600.0
10942661,2017-12-26T00:28:05.133,SELL,6.3e-07,244751.7604
10942663,2017-12-26T00:28:07.71,SELL,6.3e-07,4921.023131
10942665,2017-12-26T00:28:07.867,SELL,6.3e-07,58000.0
10942666,2017-12-26T00:28:08.85,SELL,6.3e-07,15351.22057555
10942669,2017-12-26T00:28:10.32,BUY,6.4e-07,29056.38448
10942670,2017-12-26T00:28:11.383,SELL,6.3e-07,4921.023131
10942671,2017-12-26T00:28:12.15,SELL,6.3e-07,10000.0
10942672,2017-12-26T00:28:12.4,SELL,6.3e-07,76334.685
10942674,2017-12-26T00:28:14.557,SELL,6.3e-07,55627.252904
10942675,2017-12-26T00:28:15.057,SELL,6.3e-07,4921.023131
10942676,2017-12-26T00:28:15.913,SELL,6.3e-07,39266.248533
10942678,2017-12-26T00:28:17.76,SELL,6.3e-07,10820.94935796
10942679,2017-12-26T00:28:18.57,SELL,6.3e-07,96020.77298021
10942680,2017-12-26T00:28:18.993,SELL,6.3e-07,4400.0
10942681,2017-12-26T00:28:19.587,SELL,6.3e-07,8298.31207462
10942683,2017-12-26T00:28:19.993,SELL,6.3e-07,4333.61309213
10942684,2017-12-26T00:28:20.417,SELL,6.3e-07,4914.722205
10942686,2017-12-26T00:28:22.79,SELL,6.3e-07,91911.26065297
10942687,2017-12-26T00:28:22.853,SELL,6.3e-07,90000.0
10942688,2017-12-26T00:28:24.277,SELL,6.3e-07,4914.722205
10942689,2017-12-26T00:28:24.837,SELL,6.3e-07,18000.0
10942692,2017-12-26T00:28:29.777,SELL,6.3e-07,4914.722205
10942693,2017-12-26T00:28:30.87,SELL,6.3e-07,3051.03035714
10942696,2017-12-26T00:28:32.417,SELL,6.3e-07,1873749.0576726
10942697,2017-12-26T00:28:32.417,SELL,6.3e-07,9230.39
10942698,2017-12-26T00:28:32.417,SELL,6.3e-07,16052.54583333
10942699,2017-12-26T00:28:32.417,SELL,6.3e-07,22773.33666667
10942700,2017-12-26T00:28:32.417,SELL,6.3e-07,303673.43083333
10942701,2017-12-26T00:28:32.417,SELL,6.3e-07,158333.33333333
10942702,2017-12-26T00:28:32.417,SELL,6.3e-07,6083.21416667
10942703,2017-12-26T00:28:32.417,SELL,6.3e-07,8000.0
10942704,2017-12-26T00:28:32.417,SELL,6.3e-07,168747.04333333
10942707,2017-12-26T00:28:36.37,BUY,6.3e-07,888000.0
10942708,2017-12-26T00:28:36.417,SELL,6.2e-07,3359.33810006
10942710,2017-12-26T00:28:36.7,BUY,6.3e-07,14039.811075
10942712,2017-12-26T00:28:38.103,BUY,6.3e-07,117713.3125
10942714,2017-12-26T00:28:40.103,BUY,6.3e-07,26511.698313
10942716,2017-12-26T00:28:42.027,BUY,6.3e-07,364268.49083333
10942719,2017-12-26T00:28:46.607,SELL,6.2e-07,4400.0
10942721,2017-12-26T00:28:47.12,SELL,6.2e-07,8298.31207462
10942722,2017-12-26T00:28:47.527,SELL,6.2e-07,4333.61309213
10942723,2017-12-26T00:28:49.7,SELL,6.2e-07,91911.26065297
10942724,2017-12-26T00:28:50.497,SELL,6.2e-07,18000.0
10942726,2017-12-26T00:28:53.073,SELL,6.2e-07,12500.0
10942728,2017-12-26T00:28:53.73,SELL,6.2e-07,10164.0848234
10942731,2017-12-26T00:28:55.247,BUY,6.3e-07,10000.0
10942732,2017-12-26T00:28:59.873,SELL,6.2e-07,70171.77764925
10942734,2017-12-26T00:29:00.827,SELL,6.2e-07,15608.857656
10942735,2017-12-26T00:29:01.2,SELL,6.2e-07,10646.35059071
10942737,2017-12-26T00:29:01.67,BUY,6.3e-07,169292.755
10942738,2017-12-26T00:29:01.903,SELL,6.2e-07,6462.87080721
10942739,2017-12-26T00:29:02.403,SELL,6.2e-07,10000.0
10942740,2017-12-26T00:29:04.753,SELL,6.2e-07,38971.0
10942741,2017-12-26T00:29:05.53,SELL,6.2e-07,639618.56653113
10942742,2017-12-26T00:29:05.53,SELL,6.2e-07,117054.8753676
10942746,2017-12-26T00:29:09.59,SELL,6.2e-07,18332.309779
10942748,2017-12-26T00:29:10.733,SELL,6.2e-07,56781.888778
10942750,2017-12-26T00:29:11.06,BUY,6.3e-07,43899.371069
10942751,2017-12-26T00:29:11.843,SELL,6.2e-07,129605.11962379
10942752,2017-12-26T00:29:11.843,SELL,6.2e-07,92688.2899765
10942756,2017-12-26T00:29:14.657,SELL,6.2e-07,3290.57303154
10942758,2017-12-26T00:29:15.687,BUY,6.3e-07,62000.0
10942760,2017-12-26T00:29:16.56,SELL,6.2e-07,10000.0
10942762,2017-12-26T00:29:17.81,BUY,6.3e-07,25518.341308
10942764,2017-12-26T00:29:18.013,BUY,6.3e-07,169937.106918
10942766,2017-12-26T00:29:18.953,BUY,6.3e-07,5739.77333333
10942769,2017-12-26T00:29:20.47,BUY,6.3e-07,1465762.494056
10942772,2017-12-26T00:29:24.327,BUY,6.3e-07,217462.29375508
10942773,2017-12-26T00:29:24.327,BUY,6.3e-07,402415.96452257
10942774,2017-12-26T00:29:24.327,BUY,6.3e-07,99000.0
10942775,2017-12-26T00:29:24.327,BUY,6.3e-07,14550.0
10942776,2017-12-26T00:29:24.327,BUY,6.3e-07,273218.97505568
10942779,2017-12-26T00:29:24.703,BUY,6.3e-07,22507.29399424
10942781,2017-12-26T00:29:25.733,BUY,6.3e-07,25645.933014
10942783,2017-12-26T00:29:26.42,BUY,6.3e-07,30000.0
10942785,2017-12-26T00:29:27.58,SELL,6.2e-07,145877.12205645
10942788,2017-12-26T00:29:29.64,BUY,6.3e-07,23579.29210275
10942789,2017-12-26T00:29:29.64,BUY,6.3e-07,1939.04920507
10942790,2017-12-26T00:29:29.75,SELL,6.2e-07,60000.0
10942792,2017-12-26T00:29:30.627,BUY,6.3e-07,59209.732631
10942796,2017-12-26T00:29:31.703,BUY,6.3e-07,316666.66666667
10942802,2017-12-26T00:29:36.343,BUY,6.3e-07,158333.33333333
10942805,2017-12-26T00:29:37.843,BUY,6.3e-07,44617.0
10942807,2017-12-26T00:29:38.673,BUY,6.3e-07,126668.31333333
10942811,2017-12-26T00:29:42,BUY,6.3e-07,1174.675
10942813,2017-12-26T00:29:43.14,BUY,6.3e-07,235837.26180808
10942814,2017-12-26T00:29:43.14,BUY,6.3e-07,40920.10749592
10942816,2017-12-26T00:29:44.063,BUY,6.3e-07,30240.98583333
10942818,2017-12-26T00:29:44.143,BUY,6.3e-07,232425.51166667
10942820,2017-12-26T00:29:44.33,BUY,6.3e-07,2119.91023135
10942821,2017-12-26T00:29:44.33,BUY,6.3e-07,880.08976865
10942823,2017-12-26T00:29:44.953,BUY,6.3e-07,1496.47166667
10942826,2017-12-26T00:29:55.72,BUY,6.3e-07,1246.875
10942831,2017-12-26T00:30:01.16,BUY,6.3e-07,1376.56356468
10942832,2017-12-26T00:30:01.16,BUY,6.3e-07,631423.46447111
10942834,2017-12-26T00:30:01.173,BUY,6.3e-07,6328.00028036
10942842,2017-12-26T00:30:02.707,BUY,6.4e-07,604039.266719
10942844,2017-12-26T00:30:02.91,BUY,6.4e-07,177835.2438
10942849,2017-12-26T00:30:05.783,BUY,6.4e-07,25074.97417278
10942852,2017-12-26T00:30:09.83,BUY,6.4e-07,5066.94152344
10942854,2017-12-26T00:30:11.707,BUY,6.4e-07,2627690.52779907
10942855,2017-12-26T00:30:11.707,BUY,6.4e-07,156639.6225
10942856,2017-12-26T00:30:11.707,BUY,6.4e-07,1533987.82221774
10942857,2017-12-26T00:30:11.707,BUY,6.4e-07,7979.01608871
10942858,2017-12-26T00:30:11.707,BUY,6.4e-07,14014.59677419
10942859,2017-12-26T00:30:11.707,BUY,6.4e-07,40168.70493243
10942860,2017-12-26T00:30:11.707,BUY,6.4e-07,242678.7364
10942861,2017-12-26T00:30:11.707,BUY,6.4e-07,30782.65083333
10942862,2017-12-26T00:30:11.707,BUY,6.4e-07,30000.0
10942863,2017-12-26T00:30:11.707,BUY,6.4e-07,169787.50994681
10942864,2017-12-26T00:30:11.707,BUY,6.4e-07,52731.23072917
10942865,2017-12-26T00:30:11.707,BUY,6.4e-07,113831.4181
10942866,2017-12-26T00:30:11.707,BUY,6.4e-07,1586.48416667
10942867,2017-12-26T00:30:11.707,BUY,6.4e-07,1587.3015873
10942868,2017-12-26T00:30:11.707,BUY,6.4e-07,33663.7725
10942869,2017-12-26T00:30:11.707,BUY,6.4e-07,11143.41646552
10942870,2017-12-26T00:30:11.707,BUY,6.4e-07,1285659.40856939
10942871,2017-12-26T00:30:11.707,BUY,6.4e-07,285585.71623667
10942878,2017-12-26T00:30:16.537,BUY,6.4e-07,25497.65039152
10942883,2017-12-26T00:30:20.833,SELL,6.3e-07,779296.875
10942887,2017-12-26T00:30:22.27,BUY,6.4e-07,35399.158273
10942888,2017-12-26T00:30:22.537,SELL,6.3e-07,230000.0
10942901,2017-12-26T00:30:27.863,BUY,6.4e-07,10000.0
10942911,2017-12-26T00:30:36.77,BUY,6.4e-07,1476.9557961
10942912,2017-12-26T00:30:36.82,SELL,6.3e-07,78789.33948804
10942913,2017-12-26T00:30:36.82,SELL,6.3e-07,215653.05176573
10942914,2017-12-26T00:30:36.82,SELL,6.3e-07,24908.43
10942915,2017-12-26T00:30:36.82,SELL,6.3e-07,278409.0425
10942916,2017-12-26T00:30:36.82,SELL,6.3e-07,656836.40762535
10942918,2017-12-26T00:30:39.96,SELL,6.3e-07,4000.0
10942919,2017-12-26T00:30:40.303,SELL,6.3e-07,500000.0
10942924,2017-12-26T00:30:46.023,SELL,6.3e-07,10000.0
10942925,2017-12-26T00:30:46.46,SELL,6.3e-07,128723.81904132
10942926,2017-12-26T00:30:46.46,SELL,6.3e-07,1575458.95244306
10942928,2017-12-26T00:30:47.35,BUY,6.4e-07,13956.45043517
10942931,2017-12-26T00:30:49.85,SELL,6.3e-07,273287.67123288
10942933,2017-12-26T00:30:50.65,BUY,6.4e-07,30000.0
10942934,2017-12-26T00:30:52.29,SELL,6.3e-07,500000.0
10942936,2017-12-26T00:30:53.163,BUY,6.4e-07,489084.06886754
10942937,2017-12-26T00:30:53.163,BUY,6.4e-07,417529.04473646
10942939,2017-12-26T00:30:54.633,SELL,6.3e-07,84189.042669
10942940,2017-12-26T00:30:54.993,SELL,6.3e-07,17176.21571071
10942944,2017-12-26T00:30:56.29,BUY,6.4e-07,129356.246064
10942945,2017-12-26T00:30:56.913,SELL,6.3e-07,10000.0
10942951,2017-12-26T00:31:02.57,SELL,6.3e-07,15516.43345467
10942956,2017-12-26T00:31:03.993,SELL,6.3e-07,15365.98708028
10942957,2017-12-26T00:31:05.43,SELL,6.3e-07,28101.12794807
10942959,2017-12-26T00:31:08.307,BUY,6.4e-07,4401.73371094
10942961,2017-12-26T00:31:08.353,BUY,6.4e-07,25497.65039152
10942963,2017-12-26T00:31:11.023,SELL,6.3e-07,225125.46342673
10942970,2017-12-26T00:31:19.713,BUY,6.4e-07,13356.294714
10942978,2017-12-26T00:31:23.637,BUY,6.4e-07,162349.4317803
10942979,2017-12-26T00:31:23.637,BUY,6.4e-07,369730.57418506
10942980,2017-12-26T00:31:23.637,BUY,6.4e-07,590950.04916667
10942981,2017-12-26T00:31:23.65,BUY,6.4e-07,27308.74426836
10942982,2017-12-26T00:31:23.65,BUY,6.4e-07,11311.06451613
10942983,2017-12-26T00:31:23.65,BUY,6.4e-07,1792.30051548
10942985,2017-12-26T00:31:24.947,SELL,6.3e-07,10954.05222973
10942987,2017-12-26T00:31:25.243,BUY,6.4e-07,2726.04079307
10942988,2017-12-26T00:31:25.243,BUY,6.4e-07,55392.222515
10942989,2017-12-26T00:31:25.243,BUY,6.4e-07,12131.14516129
10942990,2017-12-26T00:31:25.243,BUY,6.4e-07,5141.54239534
10942991,2017-12-26T00:31:25.243,BUY,6.4e-07,32258.06451613
10942992,2017-12-26T00:31:25.243,BUY,6.4e-07,48960.92583333
10942993,2017-12-26T00:31:25.243,BUY,6.4e-07,8846.85483871
10942994,2017-12-26T00:31:25.243,BUY,6.4e-07,10000.0
10942995,2017-12-26T00:31:25.243,BUY,6.4e-07,307094.7079315
10943003,2017-12-26T00:31:28.963,BUY,6.4e-07,14679.48561689
10943004,2017-12-26T00:31:28.963,BUY,6.4e-07,58812.08996245
10943005,2017-12-26T00:31:28.963,BUY,6.4e-07,25798.75811234
10943008,2017-12-26T00:31:29.45,BUY,6.4e-07,2259039.734375
10943011,2017-12-26T00:31:30.073,BUY,6.4e-07,38512.765086
10943016,2017-12-26T00:31:32.01,BUY,6.4e-07,1567.77386719
10943021,2017-12-26T00:31:34.34,SELL,6.3e-07,8916.62951404
10943023,2017-12-26T00:31:36.167,BUY,6.4e-07,46757.8125
10943025,2017-12-26T00:31:37.183,SELL,6.3e-07,15000.0
10943032,2017-12-26T00:31:47.53,BUY,6.4e-07,209894.00571059
10943033,2017-12-26T00:31:47.53,BUY,6.4e-07,205273.5235
10943034,2017-12-26T00:31:47.53,BUY,6.4e-07,246003.55664879
10943046,2017-12-26T00:31:56.607,SELL,6.3e-07,2500.0
10943048,2017-12-26T00:31:58.043,BUY,6.4e-07,155859.375
10943054,2017-12-26T00:32:09.03,BUY,6.4e-07,25177.69155817
10943057,2017-12-26T00:32:11.703,SELL,6.3e-07,763950.23862088
10943060,2017-12-26T00:32:17.203,BUY,6.4e-07,1849.78582031
10943068,2017-12-26T00:32:25.343,BUY,6.4e-07,3992.1538755
10943070,2017-12-26T00:32:25.453,BUY,6.4e-07,3117.1875
10943072,2017-12-26T00:32:25.64,BUY,6.4e-07,88658.60083333
10943075,2017-12-26T00:32:26.36,BUY,6.4e-07,3180.02820423
10943078,2017-12-26T00:32:27.923,BUY,6.4e-07,627113.13164063
10943082,2017-12-26T00:32:31.423,BUY,6.4e-07,5500.0
10943086,2017-12-26T00:32:33.953,BUY,6.4e-07,384.89654439
10943087,2017-12-26T00:32:33.953,BUY,6.4e-07,138723.81904132
10943088,2017-12-26T00:32:33.953,BUY,6.4e-07,36324.08916667
10943089,2017-12-26T00:32:33.973,BUY,6.4e-07,5739.77333333
10943090,2017-12-26T00:32:33.973,BUY,6.4e-07,40000.0
10943091,2017-12-26T00:32:33.973,BUY,6.4e-07,311855.98506449
10943092,2017-12-26T00:32:33.973,BUY,6.4e-07,31057.07762669
10943093,2017-12-26T00:32:33.973,BUY,6.4e-07,18561.12246479
10943094,2017-12-26T00:32:33.973,BUY,6.4e-07,755432.3715
10943100,2017-12-26T00:32:37.267,SELL,6.4e-07,268077.11835986
10943103,2017-12-26T00:32:42.41,SELL,6.4e-07,3109.375
10943107,2017-12-26T00:32:43.203,SELL,6.4e-07,35681.19763624
10943109,2017-12-26T00:32:43.94,SELL,6.4e-07,29095.19335227
10943111,2017-12-26T00:32:44.94,BUY,6.5e-07,116754.1032
10943112,2017-12-26T00:32:44.94,BUY,6.5e-07,3438.2044923
10943115,2017-12-26T00:32:51.83,SELL,6.4e-07,198579.98023256
10943122,2017-12-26T00:32:56.33,BUY,6.5e-07,116561.7955077
10943123,2017-12-26T00:32:56.33,BUY,6.5e-07,3575.39504237
10943124,2017-12-26T00:32:56.347,BUY,6.5e-07,1772.20702703
10943125,2017-12-26T00:32:56.347,BUY,6.5e-07,9981.14175
10943126,2017-12-26T00:32:56.347,BUY,6.5e-07,554431.86832031
10943127,2017-12-26T00:32:56.347,BUY,6.5e-07,25000.0
10943128,2017-12-26T00:32:56.347,BUY,6.5e-07,4749.126
10943129,2017-12-26T00:32:56.347,BUY,6.5e-07,1858.25273948
10943130,2017-12-26T00:32:56.347,BUY,6.5e-07,2000.0
10943131,2017-12-26T00:32:56.347,BUY,6.5e-07,4534.09090909
10943132,2017-12-26T00:32:56.347,BUY,6.5e-07,1562.5
10943133,2017-12-26T00:32:56.347,BUY,6.5e-07,1250.0
10943134,2017-12-26T00:32:56.347,BUY,6.5e-07,779296.875
10943135,2017-12-26T00:32:56.347,BUY,6.5e-07,10000.0
10943136,2017-12-26T00:32:56.347,BUY,6.5e-07,7070.71957627
10943137,2017-12-26T00:32:56.347,BUY,6.5e-07,6002.77917458
10943138,2017-12-26T00:32:56.347,BUY,6.5e-07,1500.0
10943139,2017-12-26T00:32:56.347,BUY,6.5e-07,26298.489
10943140,2017-12-26T00:32:56.347,BUY,6.5e-07,72159.23053009
10943141,2017-12-26T00:32:56.707,SELL,6.4e-07,1754.8058
10943142,2017-12-26T00:32:59.05,SELL,6.4e-07,4786.760705
10943143,2017-12-26T00:33:00.19,SELL,6.4e-07,61573.04666667
10943145,2017-12-26T00:33:03.16,SELL,6.4e-07,3863.118701
10943151,2017-12-26T00:33:07.333,SELL,6.4e-07,4787.304779
10943153,2017-12-26T00:33:07.957,BUY,6.5e-07,26000.0
10943155,2017-12-26T00:33:09.643,BUY,6.5e-07,63012.369328
10943158,2017-12-26T00:33:12.223,SELL,6.4e-07,4788.393297
10943161,2017-12-26T00:33:13.537,BUY,6.5e-07,53812.563406
10943164,2017-12-26T00:33:13.863,BUY,6.5e-07,44153.117967
10943168,2017-12-26T00:33:15.833,SELL,6.4e-07,4788.937742
10943171,2017-12-26T00:33:16.49,BUY,6.5e-07,5136.93445143
10943174,2017-12-26T00:33:18.037,SELL,6.4e-07,3109.375
10943182,2017-12-26T00:33:23.63,BUY,6.5e-07,20220.0
10943183,2017-12-26T00:33:24.363,SELL,6.4e-07,1774.1935
10943184,2017-12-26T00:33:24.833,SELL,6.4e-07,4790.027004
10943191,2017-12-26T00:33:28.6,SELL,6.4e-07,4787.304779
10943194,2017-12-26T00:33:32.333,BUY,6.5e-07,3639.06928541
10943195,2017-12-26T00:33:32.663,SELL,6.4e-07,3671.5091881
10943196,2017-12-26T00:33:32.663,SELL,6.4e-07,1169.7215529
10943202,2017-12-26T00:33:37.023,SELL,6.4e-07,4841.230741
10943203,2017-12-26T00:33:42.35,SELL,6.4e-07,1989.0477061
10943204,2017-12-26T00:33:42.35,SELL,6.4e-07,2852.1830349
10943206,2017-12-26T00:33:45.477,BUY,6.5e-07,56181.50192308
10943207,2017-12-26T00:33:49.29,SELL,6.4e-07,3109.375
10943208,2017-12-26T00:33:49.337,SELL,6.4e-07,11682.30452261
10943210,2017-12-26T00:33:52.413,BUY,6.5e-07,5328.59896154
10943211,2017-12-26T00:33:54.977,SELL,6.4e-07,16623.40961761
10943213,2017-12-26T00:33:56.65,BUY,6.5e-07,21199.80164745
10943214,2017-12-26T00:33:56.65,BUY,6.5e-07,1580.0
10943215,2017-12-26T00:33:56.65,BUY,6.5e-07,29740.56758332
10943219,2017-12-26T00:34:01.37,SELL,6.4e-07,8311.7048088
10943223,2017-12-26T00:34:04.963,BUY,6.5e-07,2815.25554168
10943224,2017-12-26T00:34:04.963,BUY,6.5e-07,8801.47058824
10943225,2017-12-26T00:34:04.963,BUY,6.5e-07,13588.22160132
10943226,2017-12-26T00:34:05.12,SELL,6.4e-07,4155.7048088
10943230,2017-12-26T00:34:08.087,SELL,6.4e-07,94834.02808228
10943232,2017-12-26T00:34:10.133,SELL,6.4e-07,9392.83102344
10943233,2017-12-26T00:34:10.133,SELL,6.4e-07,40443.29460937
10943234,2017-12-26T00:34:10.133,SELL,6.4e-07,44997.90244947
10943236,2017-12-26T00:34:10.197,BUY,6.5e-07,3452.54886743
10943237,2017-12-26T00:34:10.197,BUY,6.5e-07,21777.80425659
10943242,2017-12-26T00:34:13.307,BUY,6.5e-07,24856.57754755
10943247,2017-12-26T00:34:27.417,SELL,6.4e-07,2858.20239788
10943250,2017-12-26T00:34:27.917,BUY,6.5e-07,7692.3077
10943252,2017-12-26T00:34:29.01,SELL,6.4e-07,14607.29434932
10943255,2017-12-26T00:34:30.34,BUY,6.5e-07,172084.299589
10943260,2017-12-26T00:34:34.497,BUY,6.5e-07,35586.88673077
10943264,2017-12-26T00:34:39.183,BUY,6.5e-07,4012.001003
10943266,2017-12-26T00:34:39.23,BUY,6.5e-07,7217.92642278
10943268,2017-12-26T00:34:40.027,BUY,6.5e-07,1911.70385827
10943274,2017-12-26T00:34:43.467,BUY,6.5e-07,10000.0
10943277,2017-12-26T00:34:47.263,BUY,6.5e-07,7673.07692308
10943279,2017-12-26T00:34:47.327,BUY,6.5e-07,22893.39230769
10943281,2017-12-26T00:34:47.7,SELL,6.4e-07,15911.15340676
10943283,2017-12-26T00:34:50.17,SELL,6.4e-07,56385.74915438
10943284,2017-12-26T00:34:50.17,SELL,6.4e-07,22262.00238281
10943285,2017-12-26T00:34:50.17,SELL,6.4e-07,2250.40675781
10943286,2017-12-26T00:34:50.17,SELL,6.4e-07,1246.875
10943287,2017-12-26T00:34:50.17,SELL,6.4e-07,46483.21945312
10943288,2017-12-26T00:34:50.17,SELL,6.4e-07,335826.56378906
10943289,2017-12-26T00:34:50.17,SELL,6.4e-07,37300.0
10943290,2017-12-26T00:34:50.17,SELL,6.4e-07,29694.81128906
10943291,2017-12-26T00:34:50.17,SELL,6.4e-07,45307.75921875
10943292,2017-12-26T00:34:50.17,SELL,6.4e-07,1148.68359375
10943293,2017-12-26T00:34:50.17,SELL,6.4e-07,2500.0
10943294,2017-12-26T00:34:50.17,SELL,6.4e-07,144144.31361126
10943300,2017-12-26T00:34:59.467,SELL,6.4e-07,11715.06138874
10943301,2017-12-26T00:34:59.467,SELL,6.4e-07,88284.93861126
10943303,2017-12-26T00:34:59.717,SELL,6.4e-07,136644.50228311
10943310,2017-12-26T00:35:03.797,BUY,6.5e-07,25497.65039152
10943313,2017-12-26T00:35:05.81,BUY,6.5e-07,25204.94773124
10943315,2017-12-26T00:35:06.297,BUY,6.5e-07,3647.27373026
10943320,2017-12-26T00:35:09.263,BUY,6.5e-07,394980.859538
10943322,2017-12-26T00:35:09.373,BUY,6.5e-07,25230.353124
10943324,2017-12-26T00:35:11.203,SELL,6.4e-07,4825.72574
10943327,2017-12-26T00:35:11.343,BUY,6.5e-07,25230.353124
10943331,2017-12-26T00:35:12.937,BUY,6.5e-07,2504.9538
10943333,2017-12-26T00:35:14.843,SELL,6.4e-07,5322.80613907
10943334,2017-12-26T00:35:14.843,SELL,6.4e-07,16724.82710736
10943335,2017-12-26T00:35:15.407,SELL,6.4e-07,5000.0
10943336,2017-12-26T00:35:15.47,SELL,6.4e-07,23496.09375
10943337,2017-12-26T00:35:15.67,SELL,6.4e-07,1536.89164264
10943338,2017-12-26T00:35:15.67,SELL,6.4e-07,3288.83409736
10943343,2017-12-26T00:35:17.83,BUY,6.5e-07,13120.59497701
10943345,2017-12-26T00:35:19.36,SELL,6.4e-07,1792.496137
10943349,2017-12-26T00:35:19.78,BUY,6.5e-07,8234.56742758
10943350,2017-12-26T00:35:22.14,SELL,6.4e-07,4918.66976564
10943351,2017-12-26T00:35:22.14,SELL,6.4e-07,409.9291959
10943354,2017-12-26T00:35:23.017,SELL,6.4e-07,4825.72574
10943359,2017-12-26T00:35:25.907,BUY,6.5e-07,5973.57144764
10943360,2017-12-26T00:35:26.61,SELL,6.4e-07,4825.72574
10943361,2017-12-26T00:35:30.237,SELL,6.4e-07,4825.72574
10943363,2017-12-26T00:35:32.393,SELL,6.4e-07,459.04743025
10943364,2017-12-26T00:35:32.393,SELL,6.4e-07,119540.95256975
10943366,2017-12-26T00:35:33.157,BUY,6.5e-07,30303.030303
10943374,2017-12-26T00:35:39.767,BUY,6.5e-07,50000.0
10943380,2017-12-26T00:35:40.563,BUY,6.5e-07,273997.06723369
10943381,2017-12-26T00:35:40.563,BUY,6.5e-07,150000.0
10943382,2017-12-26T00:35:40.563,BUY,6.5e-07,4000.0
10943383,2017-12-26T00:35:40.563,BUY,6.5e-07,7916.66666667
10943384,2017-12-26T00:35:40.58,BUY,6.5e-07,99555.0125
10943385,2017-12-26T00:35:40.58,BUY,6.5e-07,108453.41274194
10943386,2017-12-26T00:35:40.58,BUY,6.5e-07,11064.34920635
10943387,2017-12-26T00:35:40.58,BUY,6.5e-07,9995.44444444
10943388,2017-12-26T00:35:40.58,BUY,6.5e-07,6304.71428571
10943389,2017-12-26T00:35:40.58,BUY,6.5e-07,5529.88888889
10943390,2017-12-26T00:35:40.58,BUY,6.5e-07,12593.36507937
10943391,2017-12-26T00:35:40.58,BUY,6.5e-07,10629.38095238
10943392,2017-12-26T00:35:40.58,BUY,6.5e-07,1581.8453
10943393,2017-12-26T00:35:40.58,BUY,6.5e-07,21820.3125
10943394,2017-12-26T00:35:40.58,BUY,6.5e-07,20948.65079365
10943395,2017-12-26T00:35:40.58,BUY,6.5e-07,84760.0
10943396,2017-12-26T00:35:40.58,BUY,6.5e-07,7923.64666667
10943397,2017-12-26T00:35:40.58,BUY,6.5e-07,30846.15384615
10943398,2017-12-26T00:35:40.58,BUY,6.5e-07,80000.0
10943399,2017-12-26T00:35:40.58,BUY,6.5e-07,2698.45916667
10943400,2017-12-26T00:35:40.58,BUY,6.5e-07,2996754.31666667
10943401,2017-12-26T00:35:40.58,BUY,6.5e-07,3854.55159091
10943402,2017-12-26T00:35:40.58,BUY,6.5e-07,100000.0
10943403,2017-12-26T00:35:40.58,BUY,6.5e-07,11652.3968254
10943404,2017-12-26T00:35:40.58,BUY,6.5e-07,8504.9028669
10943405,2017-12-26T00:35:40.58,BUY,6.5e-07,10690.34920635
10943406,2017-12-26T00:35:40.58,BUY,6.5e-07,1558321.89166667
10943407,2017-12-26T00:35:40.58,BUY,6.5e-07,50000.0
