33430776,2017-12-24T15:08:00.72,SELL,0.00319501,10.0
33430777,2017-12-24T15:08:00.72,SELL,0.003195,6.41582248
33430778,2017-12-24T15:08:00.72,SELL,0.00319078,9.0
33430779,2017-12-24T15:08:00.72,SELL,0.00319077,20.66723186
33430780,2017-12-24T15:08:00.72,SELL,0.00319067,7.1170182
33430781,2017-12-24T15:08:00.72,SELL,0.00319067,0.19025452
33430782,2017-12-24T15:08:00.72,SELL,0.00319063,53.72037466
33430783,2017-12-24T15:08:00.72,SELL,0.00319063,64.18951039
33430784,2017-12-24T15:08:00.72,SELL,0.00319063,10.0
33430786,2017-12-24T15:08:01.52,BUY,0.00319063,10.0
33430788,2017-12-24T15:08:01.613,BUY,0.00319063,44.03658629
33430792,2017-12-24T15:08:01.987,BUY,0.00319063,10.0
33430794,2017-12-24T15:08:03.067,BUY,0.00319063,10.0
33430801,2017-12-24T15:08:04.33,BUY,0.00319063,2.89
33430803,2017-12-24T15:08:04.643,BUY,0.00319063,10.0
33430805,2017-12-24T15:08:05.02,BUY,0.00319063,155.10555177
33430809,2017-12-24T15:08:06.22,BUY,0.00319063,179.61328639
33430811,2017-12-24T15:08:06.44,BUY,0.00320697,4.09281223
33430812,2017-12-24T15:08:06.44,BUY,0.00320697,62.52472628
33430813,2017-12-24T15:08:06.44,BUY,0.00320697,6.91959228
33430814,2017-12-24T15:08:06.44,BUY,0.00320698,28.86873633
33430823,2017-12-24T15:08:06.877,BUY,0.00320698,11.32666441
33430824,2017-12-24T15:08:06.877,BUY,0.00320698,4.67333559
33430845,2017-12-24T15:08:14.05,BUY,0.00320698,0.44475513
33430846,2017-12-24T15:08:14.05,BUY,0.00320745,6.5
33430847,2017-12-24T15:08:14.05,BUY,0.00320749,3.05524487
33430853,2017-12-24T15:08:16.36,SELL,0.00319503,10.0
33430854,2017-12-24T15:08:16.36,SELL,0.00319502,7.58954557
33430863,2017-12-24T15:08:19.27,BUY,0.00320749,0.39192892
33430874,2017-12-24T15:08:22.457,BUY,0.00320749,10.0
33430881,2017-12-24T15:08:24.267,BUY,0.00320748,2.0
33430883,2017-12-24T15:08:25.313,BUY,0.00320748,10.0
33430951,2017-12-24T15:09:05.693,BUY,0.00320639,18.6624176
33430960,2017-12-24T15:09:13.007,BUY,0.00320639,0.77748885
33430979,2017-12-24T15:09:27.63,BUY,0.00320614,29.17528675
33430980,2017-12-24T15:09:27.63,BUY,0.0032062,0.61823987
33431007,2017-12-24T15:09:32.753,SELL,0.00319502,4.79857759
33431008,2017-12-24T15:09:32.753,SELL,0.00319502,2.0
33431021,2017-12-24T15:09:34.787,BUY,0.00319502,3.27
33431029,2017-12-24T15:09:35.927,BUY,0.00319502,3.73621746
33431030,2017-12-24T15:09:35.927,BUY,0.0032062,3.26378254
33431062,2017-12-24T15:09:42.27,BUY,0.0032062,1.55557981
33431086,2017-12-24T15:09:47.8,BUY,0.0032062,2.46976595
33431118,2017-12-24T15:09:56.8,SELL,0.00320614,1.0
33431195,2017-12-24T15:10:22.227,BUY,0.003206,2.56156624
33431208,2017-12-24T15:10:31.367,SELL,0.0032054,2.53013716
33431219,2017-12-24T15:10:50.96,SELL,0.00319502,1.0
33431220,2017-12-24T15:10:50.96,SELL,0.00319502,1.11365332
33431221,2017-12-24T15:10:50.96,SELL,0.00319502,6.11160294
33431229,2017-12-24T15:10:55.6,SELL,0.00319502,4.99432467
33431235,2017-12-24T15:10:58.367,BUY,0.00319502,5.63
33431245,2017-12-24T15:11:02.07,BUY,0.00319502,6.0
33431247,2017-12-24T15:11:03.1,BUY,0.00319502,20.04
33431256,2017-12-24T15:11:10.273,BUY,0.00319501,9.18454477
33431257,2017-12-24T15:11:10.273,BUY,0.00319502,7.9075452
33431258,2017-12-24T15:11:10.273,BUY,0.00319504,58.008372
33431259,2017-12-24T15:11:10.273,BUY,0.0032,46.13362005
33431261,2017-12-24T15:11:10.85,SELL,0.0032,28.76591798
33431272,2017-12-24T15:11:18.1,BUY,0.00319502,1.0
33431275,2017-12-24T15:11:20.663,SELL,0.00319063,1.0
33431293,2017-12-24T15:11:37.553,SELL,0.00319063,2.0
33431294,2017-12-24T15:11:37.553,SELL,0.00319063,3.01337043
33431301,2017-12-24T15:11:42.647,BUY,0.00319502,0.02760864
33431360,2017-12-24T15:12:08.32,SELL,0.0032,3.0
33431371,2017-12-24T15:12:13.507,SELL,0.0032,5.82285379
33431422,2017-12-24T15:12:28.04,SELL,0.0032,1.0
33431476,2017-12-24T15:13:22.6,BUY,0.00320539,0.46796032
33431477,2017-12-24T15:13:22.6,BUY,0.0032054,1.40785964
33431478,2017-12-24T15:13:22.6,BUY,0.003206,21.53059977
33431487,2017-12-24T15:13:51.053,BUY,0.003206,1.04746212
33431488,2017-12-24T15:13:51.053,BUY,0.003206,9.39555081
33431489,2017-12-24T15:13:51.053,BUY,0.003206,19.55698707
33431525,2017-12-24T15:14:13.427,BUY,0.003206,0.97040617
33431527,2017-12-24T15:14:17.927,SELL,0.00320001,6.23439448
33431532,2017-12-24T15:14:19.583,BUY,0.00320001,1.09924502
33431534,2017-12-24T15:14:20.13,BUY,0.00320001,12.69129052
33431535,2017-12-24T15:14:20.13,BUY,0.003206,47.88087855
33431552,2017-12-24T15:14:29.553,BUY,0.003206,2.40685559
33431586,2017-12-24T15:14:49.363,BUY,0.003206,29.39719789
33431589,2017-12-24T15:14:51.397,SELL,0.0032,1.55859375
33431604,2017-12-24T15:14:56.85,BUY,0.0032,0.94140625
33431642,2017-12-24T15:15:16.96,SELL,0.0032,16.49989362
33431643,2017-12-24T15:15:16.96,SELL,0.0032,1.06653054
33431650,2017-12-24T15:15:20.083,BUY,0.0032,14.3784
33431684,2017-12-24T15:15:29.473,SELL,0.0031982,5.01849903
33431685,2017-12-24T15:15:29.473,SELL,0.0031982,5.70099889
33431687,2017-12-24T15:15:29.643,BUY,0.0031982,4.28120766
33431708,2017-12-24T15:15:37.567,BUY,0.0031982,12.294
33431713,2017-12-24T15:15:42.69,BUY,0.0031982,7.23268281
33431715,2017-12-24T15:15:44.893,SELL,0.00319503,0.8277
33431725,2017-12-24T15:15:47.583,BUY,0.00319503,0.5
33431738,2017-12-24T15:15:56.83,BUY,0.00319503,0.48455081
33431739,2017-12-24T15:15:56.83,BUY,0.00319503,1.58115749
33431743,2017-12-24T15:15:57.033,BUY,0.00319503,3.46685578
33431778,2017-12-24T15:16:24.08,SELL,0.00319063,1.0
33431795,2017-12-24T15:16:36.143,BUY,0.00319503,1.0
33431797,2017-12-24T15:16:38.893,BUY,0.00319503,2.764
33431798,2017-12-24T15:16:43.35,SELL,0.00319063,5.65562287
33431803,2017-12-24T15:16:45.22,BUY,0.00319502,5.26561581
33431809,2017-12-24T15:16:48.673,SELL,0.00319064,2.89187026
33431819,2017-12-24T15:16:53.347,BUY,0.00319502,21.61626
33431822,2017-12-24T15:16:53.83,BUY,0.00319502,2.02
33431863,2017-12-24T15:17:20.393,BUY,0.003195,5.26530369
33431865,2017-12-24T15:17:20.503,BUY,0.003195,0.43513785
33431866,2017-12-24T15:17:20.503,BUY,0.00319502,0.06486215
33431870,2017-12-24T15:17:23.22,SELL,0.00319064,2.70526081
33431879,2017-12-24T15:17:28.063,SELL,0.00319064,12.84688132
33431885,2017-12-24T15:17:28.847,BUY,0.00319064,10.0
33431887,2017-12-24T15:17:29.47,BUY,0.00319064,10.0
33431889,2017-12-24T15:17:31.207,BUY,0.00319064,9.40250231
33431897,2017-12-24T15:17:34.767,BUY,0.00319064,3.83487052
33431898,2017-12-24T15:17:34.767,BUY,0.00319064,6.16512948
33431910,2017-12-24T15:17:37.97,BUY,0.00319064,4.7558
33431912,2017-12-24T15:17:38.69,SELL,0.00319063,0.3310067
33431913,2017-12-24T15:17:38.69,SELL,0.00319063,3.3363628
33431914,2017-12-24T15:17:38.69,SELL,0.00319063,3.36680702
33431917,2017-12-24T15:17:38.813,BUY,0.00319064,3.95440719
33431933,2017-12-24T15:17:45.55,BUY,0.00319064,1.3314
33431936,2017-12-24T15:17:46.267,BUY,0.00319064,3.44758418
33431948,2017-12-24T15:17:53.91,BUY,0.00319064,5.35942632
33431952,2017-12-24T15:17:55.017,SELL,0.00319063,6.69730972
33431953,2017-12-24T15:17:55.017,SELL,0.00319063,1.9066244
33431959,2017-12-24T15:17:59.11,SELL,0.00319063,48.93648167
33431961,2017-12-24T15:17:59.453,BUY,0.00319064,30.45180457
33431973,2017-12-24T15:18:02.957,SELL,0.00319064,6.18798673
33431999,2017-12-24T15:18:14.847,BUY,0.00319066,20.0077
33432003,2017-12-24T15:18:15.11,SELL,0.00319064,2.38935023
33432015,2017-12-24T15:18:19.267,BUY,0.00319064,0.37609773
33432017,2017-12-24T15:18:19.3,BUY,0.00319064,7.29977336
33432025,2017-12-24T15:18:21.75,SELL,0.00319064,1.78418499
33432029,2017-12-24T15:18:22.75,BUY,0.00319064,23.789
33432036,2017-12-24T15:18:24.16,BUY,0.00319064,1.67147885
33432042,2017-12-24T15:18:24.987,BUY,0.00319064,20.778605
33432050,2017-12-24T15:18:26,BUY,0.00319064,37.79325577
33432051,2017-12-24T15:18:26,BUY,0.00319064,0.8807901
33432052,2017-12-24T15:18:26,BUY,0.00319064,0.31406308
33432059,2017-12-24T15:18:27.017,BUY,0.00319066,0.0023
33432066,2017-12-24T15:18:28.453,SELL,0.00319064,16.2023662
33432073,2017-12-24T15:18:32.127,BUY,0.00319064,71.27992328
33432077,2017-12-24T15:18:38.143,SELL,0.00319063,14.15689393
33432078,2017-12-24T15:18:38.143,SELL,0.00319063,1.39524819
33432079,2017-12-24T15:18:38.533,SELL,0.00319063,6.17377814
33432081,2017-12-24T15:18:39.033,BUY,0.00319063,5.8367
33432082,2017-12-24T15:18:40.19,SELL,0.00319033,8.01842018
33432083,2017-12-24T15:18:40.19,SELL,0.00319033,0.18848597
33432084,2017-12-24T15:18:40.19,SELL,0.00319032,10.0
33432085,2017-12-24T15:18:40.19,SELL,0.00319032,55.83224353
33432086,2017-12-24T15:18:40.19,SELL,0.00319021,1.0
33432087,2017-12-24T15:18:40.19,SELL,0.00319,20.72592026
33432090,2017-12-24T15:18:40.517,BUY,0.00319063,5.64200139
33432095,2017-12-24T15:18:43.44,BUY,0.00319063,1.6343
33432106,2017-12-24T15:18:48.8,BUY,0.00319063,0.39177092
33432130,2017-12-24T15:18:58.783,SELL,0.00319001,61.563
33432131,2017-12-24T15:18:58.783,SELL,0.00319,12.96883645
33432132,2017-12-24T15:18:58.783,SELL,0.00319,4.1939913
33432133,2017-12-24T15:18:58.783,SELL,0.00319,2.91224659
33432134,2017-12-24T15:18:58.783,SELL,0.00319,9.63648685
33432142,2017-12-24T15:19:01.89,BUY,0.00319063,29.25048511
33432143,2017-12-24T15:19:01.89,BUY,0.00319063,27.01580568
33432144,2017-12-24T15:19:01.89,BUY,0.00319064,1.50225904
33432145,2017-12-24T15:19:01.89,BUY,0.00319064,9.4736872
33432146,2017-12-24T15:19:01.89,BUY,0.00319502,217.42078226
33432147,2017-12-24T15:19:01.89,BUY,0.00319502,16.3005149
33432148,2017-12-24T15:19:01.89,BUY,0.0031982,0.19534611
33432149,2017-12-24T15:19:01.89,BUY,0.0032,0.02737723
33432150,2017-12-24T15:19:01.89,BUY,0.0032,50.0
33432151,2017-12-24T15:19:01.89,BUY,0.003206,20.27483339
33432152,2017-12-24T15:19:01.89,BUY,0.003206,3.05469092
33432153,2017-12-24T15:19:01.907,BUY,0.003206,39.11141601
33432154,2017-12-24T15:19:01.907,BUY,0.00320639,6.36693653
33432155,2017-12-24T15:19:01.907,BUY,0.00320645,6.26427277
33432156,2017-12-24T15:19:01.907,BUY,0.00320741,22.04910347
33432157,2017-12-24T15:19:01.953,SELL,0.00319,2.82780457
33432164,2017-12-24T15:19:02.673,BUY,0.00320741,27.63065464
33432165,2017-12-24T15:19:02.69,BUY,0.00320743,12.02004536
33432209,2017-12-24T15:19:13.157,BUY,0.00320743,3.0463
33432275,2017-12-24T15:19:29.783,BUY,0.003207,0.43458393
33432279,2017-12-24T15:19:30.627,SELL,0.00319,25.7233713
33432301,2017-12-24T15:19:39.017,BUY,0.00320697,12.8323
33432317,2017-12-24T15:19:43.047,BUY,0.00320696,4.17384499
33432318,2017-12-24T15:19:43.047,BUY,0.00320696,3.28625501
33432334,2017-12-24T15:19:45.517,BUY,0.00320694,17.9371
33432343,2017-12-24T15:19:47.53,BUY,0.00320694,5.0224
33432353,2017-12-24T15:19:49.423,BUY,0.00320694,2.1987
33432363,2017-12-24T15:19:51.937,SELL,0.00319,100.0
33432370,2017-12-24T15:19:52.99,BUY,0.003206,7.66846331
33432371,2017-12-24T15:19:52.99,BUY,0.00320694,0.07446193
33432527,2017-12-24T15:20:41.923,SELL,0.00319003,0.5
33432528,2017-12-24T15:20:41.923,SELL,0.00319002,185.07086319
33432538,2017-12-24T15:20:44.377,SELL,0.00319002,130.65491
33432540,2017-12-24T15:20:45.22,SELL,0.00319002,114.3604
33432541,2017-12-24T15:20:45.64,SELL,0.00319002,505.38502365
33432542,2017-12-24T15:20:45.64,SELL,0.00319002,5.00577072
33432553,2017-12-24T15:20:47.157,BUY,0.00319002,4.55757489
33432557,2017-12-24T15:20:48.377,SELL,0.00319001,36.76219972
33432561,2017-12-24T15:20:49.72,SELL,0.00319001,49.48448978
33432569,2017-12-24T15:20:50.283,SELL,0.00319001,16.63041317
33432570,2017-12-24T15:20:50.283,SELL,0.00319,8.72962305
33432576,2017-12-24T15:20:52.267,SELL,0.00319,27.68902918
33432577,2017-12-24T15:20:52.267,SELL,0.00319,1.94187922
33432578,2017-12-24T15:20:52.267,SELL,0.003189,0.62715585
33432579,2017-12-24T15:20:52.267,SELL,0.00318864,0.17716108
33432580,2017-12-24T15:20:52.267,SELL,0.00318609,35.67967762
33432583,2017-12-24T15:20:53.25,BUY,0.00319002,6.3913
33432594,2017-12-24T15:20:55.093,BUY,0.00319002,1.74956444
33432610,2017-12-24T15:20:59.11,BUY,0.00319001,1.3119355
33432626,2017-12-24T15:21:03.047,BUY,0.00319001,0.59824797
33432629,2017-12-24T15:21:03.703,BUY,0.00319001,4.92
33432639,2017-12-24T15:21:06.907,BUY,0.00319001,0.59678268
33432646,2017-12-24T15:21:11.03,BUY,0.00319001,18.2979797
33432647,2017-12-24T15:21:11.03,BUY,0.00319001,0.5990203
33432650,2017-12-24T15:21:11.593,BUY,0.00319001,1.76271261
33432659,2017-12-24T15:21:17.877,BUY,0.00319001,22.87411713
33432663,2017-12-24T15:21:32.173,SELL,0.00318612,11.3864
33432664,2017-12-24T15:21:32.173,SELL,0.00318611,11.84433268
33432666,2017-12-24T15:21:33.657,BUY,0.00319001,6.5
33432670,2017-12-24T15:21:36.173,SELL,0.00318609,115.1316
33432677,2017-12-24T15:21:40.313,SELL,0.00318609,17.89149741
33432683,2017-12-24T15:21:46.487,SELL,0.0031861,0.79271109
33432687,2017-12-24T15:21:48.203,BUY,0.00319001,0.07246034
33432692,2017-12-24T15:21:49.453,BUY,0.00319002,24.0
33432699,2017-12-24T15:21:51.923,BUY,0.00319002,9.01
33432722,2017-12-24T15:21:57.003,SELL,0.00319001,0.28675334
33432723,2017-12-24T15:21:57.003,SELL,0.00319001,18.55464598
33432751,2017-12-24T15:22:05.52,SELL,0.00319001,5.14558162
33432769,2017-12-24T15:22:11.08,SELL,0.00319001,10.55579857
33432809,2017-12-24T15:22:23.66,BUY,0.00319002,20.04
33432811,2017-12-24T15:22:24.41,SELL,0.00319001,2.40685559
33432813,2017-12-24T15:22:25.237,BUY,0.00319002,18.27
33432851,2017-12-24T15:22:42.893,BUY,0.00319002,2.8462
33432876,2017-12-24T15:22:49.173,BUY,0.00319002,1.78800151
33432892,2017-12-24T15:22:54.22,BUY,0.00319002,3.90220136
33432893,2017-12-24T15:22:54.22,BUY,0.00319002,12.64495996
33432914,2017-12-24T15:22:58.953,BUY,0.00319002,70.27937082
33432922,2017-12-24T15:23:01.533,SELL,0.00319001,1.5
33432930,2017-12-24T15:23:04.347,BUY,0.00319001,6.64186005
33432931,2017-12-24T15:23:04.347,BUY,0.00319002,6.23309733
33432945,2017-12-24T15:23:10.47,BUY,0.00319002,1.79320164
33432951,2017-12-24T15:23:13.55,BUY,0.00319002,20.04
33432956,2017-12-24T15:23:15.813,BUY,0.00319002,20.04
33432958,2017-12-24T15:23:15.94,BUY,0.00319002,23.61481391
33432966,2017-12-24T15:23:17.5,BUY,0.00319002,10.02
33432970,2017-12-24T15:23:18.533,BUY,0.00319002,5.61563017
33432974,2017-12-24T15:23:18.813,BUY,0.00319002,3.20549902
33432990,2017-12-24T15:23:25.063,BUY,0.00319002,1.16274413
33433012,2017-12-24T15:23:33.173,BUY,0.00319002,13.90749458
33433013,2017-12-24T15:23:33.173,BUY,0.00319002,0.26826058
33433014,2017-12-24T15:23:33.173,BUY,0.00319002,2.97449589
33433015,2017-12-24T15:23:33.173,BUY,0.00319002,1.3443741
33433019,2017-12-24T15:23:37.05,SELL,0.00319002,1.08914812
33433020,2017-12-24T15:23:37.05,SELL,0.0031861,3.55734732
33433037,2017-12-24T15:23:42.237,BUY,0.00319002,0.7702
33433038,2017-12-24T15:23:42.283,SELL,0.00319001,6.5
33433047,2017-12-24T15:23:46.11,SELL,0.0031861,12.85642679
33433054,2017-12-24T15:23:47.5,BUY,0.00319,2.0
33433075,2017-12-24T15:23:58.407,BUY,0.00319,20.04
33433087,2017-12-24T15:24:13.033,BUY,0.00319,1.55776702
33433089,2017-12-24T15:24:13.673,BUY,0.00319,0.97563848
33433092,2017-12-24T15:24:14.377,BUY,0.00319,7.97251271
33433100,2017-12-24T15:24:19.813,SELL,0.0031861,15.97646915
33433104,2017-12-24T15:24:21.767,SELL,0.0031861,65.75826245
33433118,2017-12-24T15:24:26.44,SELL,0.0031861,6.75754646
33433119,2017-12-24T15:24:26.44,SELL,0.0031861,0.20313797
33433128,2017-12-24T15:24:29.86,BUY,0.0031861,6.45514087
33433139,2017-12-24T15:24:33.767,SELL,0.00318609,31.39726407
33433140,2017-12-24T15:24:33.767,SELL,0.00318609,0.16983387
33433141,2017-12-24T15:24:33.767,SELL,0.00318527,0.32739768
33433142,2017-12-24T15:24:33.767,SELL,0.00318527,68.10550438
33433155,2017-12-24T15:24:37.83,BUY,0.0031861,3.10297924
33433176,2017-12-24T15:24:51.453,SELL,0.0031861,0.03565419
33433177,2017-12-24T15:24:51.453,SELL,0.0031861,1.87847211
33433178,2017-12-24T15:24:51.453,SELL,0.0031861,0.26125722
33433184,2017-12-24T15:24:53.89,BUY,0.00319,17.0614
33433197,2017-12-24T15:25:05.657,BUY,0.00319,3.12695925
33433206,2017-12-24T15:25:11.86,BUY,0.00319,5.5139
33433209,2017-12-24T15:25:14.22,SELL,0.0031861,0.36579787
33433218,2017-12-24T15:25:16.89,SELL,0.0031861,1.0
33433222,2017-12-24T15:25:18.047,SELL,0.0031861,1.0
33433247,2017-12-24T15:25:25.5,SELL,0.0031861,6.16038258
33433258,2017-12-24T15:25:29.86,BUY,0.00319002,18.7027
33433272,2017-12-24T15:25:36.423,SELL,0.0031861,8.34039506
33433300,2017-12-24T15:25:42.673,SELL,0.0031861,13.89163972
33433301,2017-12-24T15:25:42.673,SELL,0.0031861,62.05636028
33433319,2017-12-24T15:25:52.343,BUY,0.00319,10.47539072
33433336,2017-12-24T15:25:57.22,SELL,0.00319,0.01460928
33433337,2017-12-24T15:25:57.233,SELL,0.00319,1.31013246
33433341,2017-12-24T15:25:58.453,BUY,0.00319002,4.5471
33433346,2017-12-24T15:26:00.83,SELL,0.00319,99.17359491
33433348,2017-12-24T15:26:03.063,SELL,0.0031861,5.71488111
33433349,2017-12-24T15:26:03.063,SELL,0.0031861,2.16520623
33433366,2017-12-24T15:26:08.22,BUY,0.0031861,4.11991266
33433385,2017-12-24T15:26:22.08,SELL,0.00318611,5.0
33433390,2017-12-24T15:26:23.953,SELL,0.00318611,1.27693142
33433407,2017-12-24T15:26:32.547,SELL,0.00318611,35.05788069
33433408,2017-12-24T15:26:32.547,SELL,0.00318611,1.00756235
33433409,2017-12-24T15:26:32.547,SELL,0.0031861,8.734e-05
33433410,2017-12-24T15:26:32.547,SELL,0.0031861,20.04
33433411,2017-12-24T15:26:32.547,SELL,0.0031861,5.32209345
33433412,2017-12-24T15:26:32.547,SELL,0.0031861,0.27537617
33433423,2017-12-24T15:26:37.75,SELL,0.0031861,1.2
33433436,2017-12-24T15:26:49.33,BUY,0.00319002,32.7463
33433442,2017-12-24T15:26:50.157,SELL,0.0031861,23.51471668
33433455,2017-12-24T15:26:55.5,SELL,0.00319,5.0
33433468,2017-12-24T15:27:00.953,BUY,0.00319002,20.25103639
33433469,2017-12-24T15:27:00.953,BUY,0.00319002,0.3
33433470,2017-12-24T15:27:00.953,BUY,0.00319002,59.04359305
33433484,2017-12-24T15:27:06.093,SELL,0.00319,2.72
33433501,2017-12-24T15:27:13.377,BUY,0.00319,7.28
33433509,2017-12-24T15:27:20.08,BUY,0.00319002,1.25722833
33433517,2017-12-24T15:27:25.377,SELL,0.00319,0.40238338
33433518,2017-12-24T15:27:25.377,SELL,0.0031861,1.89099231
33433519,2017-12-24T15:27:25.377,SELL,0.0031861,16.35713922
33433520,2017-12-24T15:27:25.377,SELL,0.0031861,1.34948509
33433598,2017-12-24T15:28:01.163,SELL,0.0031861,3.5
33433599,2017-12-24T15:28:01.723,SELL,0.0031861,3.83286688
33433612,2017-12-24T15:28:06.1,SELL,0.0031861,7.91092207
33433613,2017-12-24T15:28:06.1,SELL,0.0031861,2.08907793
33433943,2017-12-24T15:30:14.273,BUY,0.00319,16.26732891
33433957,2017-12-24T15:30:19.153,BUY,0.00319,20.04
33433967,2017-12-24T15:30:23.06,SELL,0.0031861,301.05128628
33433968,2017-12-24T15:30:23.06,SELL,0.0031861,15.56200408
33434012,2017-12-24T15:30:43.45,BUY,0.00319,1.2347
33434041,2017-12-24T15:30:56.423,BUY,0.00319,1.6307382
33434089,2017-12-24T15:31:20.393,SELL,0.00318527,4.39180392
33434162,2017-12-24T15:31:55.66,SELL,0.00318527,1.40996241
33434163,2017-12-24T15:31:55.66,SELL,0.00318527,0.21474026
33434167,2017-12-24T15:31:56.863,BUY,0.00318527,0.43878391
33434170,2017-12-24T15:31:57.44,BUY,0.00318527,20.04
33434172,2017-12-24T15:31:58.58,BUY,0.00318527,7.0
33434175,2017-12-24T15:31:59.067,BUY,0.00318527,0.49438115
33434186,2017-12-24T15:32:06.223,SELL,0.00318527,7.00561885
33434187,2017-12-24T15:32:06.223,SELL,0.00318527,2.338345
33434222,2017-12-24T15:32:38.38,BUY,0.00319,1.0
33434226,2017-12-24T15:32:38.927,BUY,0.00319,2.2514
33434241,2017-12-24T15:32:49.55,BUY,0.00318999,3.9588336
33434251,2017-12-24T15:32:58.66,BUY,0.00318999,7.15682009
33434259,2017-12-24T15:33:01.537,BUY,0.00318999,26.66578694
33434274,2017-12-24T15:33:08.85,BUY,0.00318999,3.76176727
33434278,2017-12-24T15:33:11.32,BUY,0.00318999,1.0
33434282,2017-12-24T15:33:14.867,BUY,0.00318999,11.82211743
33434292,2017-12-24T15:33:21.63,SELL,0.00318527,1.05295317
33434295,2017-12-24T15:33:23.693,BUY,0.00318527,6.97781292
33434303,2017-12-24T15:33:27.473,BUY,0.00318999,0.63
33434312,2017-12-24T15:33:31.037,BUY,0.00318999,3.63187909
33434338,2017-12-24T15:33:42.46,BUY,0.00318999,3.24382782
33434339,2017-12-24T15:33:42.46,BUY,0.00318999,0.8
33434340,2017-12-24T15:33:42.46,BUY,0.00318999,15.95617218
33434345,2017-12-24T15:33:45.617,SELL,0.00318532,3.58145573
33434346,2017-12-24T15:33:45.617,SELL,0.00318527,0.01218708
33434347,2017-12-24T15:33:45.617,SELL,0.00318527,8.46
33434348,2017-12-24T15:33:45.617,SELL,0.00318507,0.5
33434349,2017-12-24T15:33:45.617,SELL,0.00318507,16.56043497
33434350,2017-12-24T15:33:45.617,SELL,0.00318257,3.75977276
33434351,2017-12-24T15:33:45.617,SELL,0.0031818,3.0
33434352,2017-12-24T15:33:45.617,SELL,0.00317907,4.71836103
33434353,2017-12-24T15:33:45.617,SELL,0.00317667,0.31479487
33434354,2017-12-24T15:33:45.617,SELL,0.00317667,0.17408392
33434355,2017-12-24T15:33:45.617,SELL,0.00317523,0.32230736
33434356,2017-12-24T15:33:45.617,SELL,0.00317507,0.5
33434357,2017-12-24T15:33:45.617,SELL,0.003175,64.09234044
33434359,2017-12-24T15:33:45.943,SELL,0.003175,3.16666667
33434368,2017-12-24T15:33:48.287,BUY,0.003185,20.04
33434380,2017-12-24T15:33:51.74,BUY,0.003185,20.04
33434383,2017-12-24T15:33:54.303,BUY,0.003185,15.41
33434393,2017-12-24T15:34:04.287,BUY,0.003185,20.04
33434395,2017-12-24T15:34:04.49,BUY,0.003185,16.0
33434420,2017-12-24T15:34:21.85,BUY,0.003185,2.70737911
33434424,2017-12-24T15:34:25.18,BUY,0.003185,5.9161
33434446,2017-12-24T15:34:38.18,BUY,0.003185,3.13971742
33434458,2017-12-24T15:34:43.57,BUY,0.003185,24.17628143
33434459,2017-12-24T15:34:44.163,SELL,0.00317501,0.30842153
33434464,2017-12-24T15:34:44.57,BUY,0.003185,3.45015953
33434481,2017-12-24T15:34:56.29,BUY,0.003184,11.0
33434490,2017-12-24T15:35:03.477,BUY,0.003184,4.1105
33434510,2017-12-24T15:35:55.367,SELL,0.00317504,1.7
33434517,2017-12-24T15:36:06.803,SELL,0.00317505,1.6310588
33434519,2017-12-24T15:36:07.383,BUY,0.00317504,1.33614733
33434520,2017-12-24T15:36:07.383,BUY,0.003184,16.81805267
33434523,2017-12-24T15:36:17.773,BUY,0.00317504,3.32
33434525,2017-12-24T15:36:19.303,BUY,0.00317504,4.08683432
33434530,2017-12-24T15:36:27.617,BUY,0.003184,9.7288
33434547,2017-12-24T15:36:41.633,BUY,0.003184,0.39051691
33434548,2017-12-24T15:36:41.633,BUY,0.003184,14.66052097
33434549,2017-12-24T15:36:41.633,BUY,0.003184,3.65470315
33434550,2017-12-24T15:36:41.633,BUY,0.003184,5.88239296
33434551,2017-12-24T15:36:41.633,BUY,0.003184,82.12196601
33434558,2017-12-24T15:36:46.477,BUY,0.00318,0.93264201
33434561,2017-12-24T15:36:51.79,BUY,0.00318,3.0
33434563,2017-12-24T15:36:53.26,BUY,0.00318,0.81628549
33434575,2017-12-24T15:37:06.087,SELL,0.003184,1.37671074
33434576,2017-12-24T15:37:06.087,SELL,0.003184,0.08837635
33434604,2017-12-24T15:37:20.337,BUY,0.003185,0.18838304
33434606,2017-12-24T15:37:21.493,BUY,0.003185,0.47051887
33434614,2017-12-24T15:37:24.883,SELL,0.003184,0.45373238
33434658,2017-12-24T15:37:52.79,BUY,0.003185,16.16083182
33434671,2017-12-24T15:37:59.62,SELL,0.003184,1.0
33434691,2017-12-24T15:38:32.98,SELL,0.003184,1.45789127
33434700,2017-12-24T15:38:39.133,BUY,0.003184,0.18797111
33434705,2017-12-24T15:38:42.18,BUY,0.003184,23.0
33434710,2017-12-24T15:38:46.76,BUY,0.003184,0.76059362
33434711,2017-12-24T15:38:46.773,BUY,0.003184,2.6301071
33434712,2017-12-24T15:38:46.773,BUY,0.003185,122.57507752
33434732,2017-12-24T15:38:56.04,BUY,0.003184,9.70123311
33434733,2017-12-24T15:38:56.04,BUY,0.003185,1.5238721
33434745,2017-12-24T15:39:02.51,BUY,0.00318497,5.3925782
33434768,2017-12-24T15:39:28.01,BUY,0.00318497,0.31397469
33434770,2017-12-24T15:39:29.807,BUY,0.00318497,43.32568641
33434771,2017-12-24T15:39:29.807,BUY,0.00318497,1.06653054
33434792,2017-12-24T15:39:41.04,BUY,0.003185,8.16167916
33434793,2017-12-24T15:39:41.04,BUY,0.003185,27.75112084
33434805,2017-12-24T15:39:53.887,BUY,0.00318999,5.44576633
33434812,2017-12-24T15:39:56.9,BUY,0.00318999,13.8562
33434816,2017-12-24T15:39:57.637,BUY,0.00318999,0.69803367
33434824,2017-12-24T15:40:01.2,BUY,0.00319,4.88
33434842,2017-12-24T15:40:07.87,BUY,0.00319,9.01716375
33434843,2017-12-24T15:40:07.87,BUY,0.00319,76.61329036
33434844,2017-12-24T15:40:07.87,BUY,0.00320678,0.02174589
33434898,2017-12-24T15:40:37.98,BUY,0.00320678,10.0
33434911,2017-12-24T15:40:43.7,BUY,0.00320678,0.18663582
33434914,2017-12-24T15:40:45.42,BUY,0.00320678,5.94
33434922,2017-12-24T15:40:58.81,BUY,0.00320678,1.0
33434954,2017-12-24T15:41:15.483,BUY,0.0032017,54.3324
33434964,2017-12-24T15:41:16.89,BUY,0.0032017,1.77625913
33434966,2017-12-24T15:41:16.89,BUY,0.0032017,3.27430234
33434972,2017-12-24T15:41:18.2,BUY,0.0032017,1.0
33434996,2017-12-24T15:41:25.813,BUY,0.0032017,32.85114091
33434997,2017-12-24T15:41:25.813,BUY,0.00320677,0.00635909
33435043,2017-12-24T15:41:34.407,SELL,0.00320677,3.7854515
33435044,2017-12-24T15:41:34.407,SELL,0.00320677,0.83322785
33435056,2017-12-24T15:41:38.563,BUY,0.00320677,0.6999487
33435063,2017-12-24T15:41:39.797,BUY,0.00320677,1.78401021
33435074,2017-12-24T15:41:42.5,SELL,0.00320677,60.56003767
33435119,2017-12-24T15:41:50.86,BUY,0.00320676,1.20588396
33435137,2017-12-24T15:41:55.14,SELL,0.0032,0.33236388
33435145,2017-12-24T15:41:56.61,BUY,0.0032,3.20432344
33435229,2017-12-24T15:42:17.767,BUY,0.00319999,103.13379797
33435290,2017-12-24T15:42:37.3,BUY,0.00319999,100.0
33435298,2017-12-24T15:42:47.223,SELL,0.00319016,0.3773573
33435299,2017-12-24T15:42:47.223,SELL,0.00319016,0.84905393
33435300,2017-12-24T15:42:47.223,SELL,0.00319006,46.92692636
33435301,2017-12-24T15:42:47.223,SELL,0.00319006,5.13040952
33435325,2017-12-24T15:43:03.803,BUY,0.00319006,0.30526423
33435332,2017-12-24T15:43:06.897,BUY,0.00319006,0.94042118
33435335,2017-12-24T15:43:07.1,BUY,0.00319006,9.40421183
33435338,2017-12-24T15:43:07.647,BUY,0.00319006,5.9433768
33435352,2017-12-24T15:43:14.553,SELL,0.00319006,70.20808415
33435361,2017-12-24T15:43:19.16,SELL,0.00319006,3.12690043
33435362,2017-12-24T15:43:19.16,SELL,0.00319006,14.74855271
33435409,2017-12-24T15:43:51.757,SELL,0.00319006,0.17678667
33435419,2017-12-24T15:43:56.803,BUY,0.00319006,5.6681333
33435435,2017-12-24T15:44:04.507,SELL,0.00319006,4.27716076
33435436,2017-12-24T15:44:04.507,SELL,0.00319,3.51
33435437,2017-12-24T15:44:04.507,SELL,0.00319,4.0
33435438,2017-12-24T15:44:04.507,SELL,0.00319,22.64959701
33435440,2017-12-24T15:44:05.413,BUY,0.00319998,36.4199
33435453,2017-12-24T15:44:15.693,BUY,0.00319998,10.97260287
33435466,2017-12-24T15:44:29.57,SELL,0.00319506,6.28338541
33435467,2017-12-24T15:44:29.57,SELL,0.00319006,0.94042118
33435468,2017-12-24T15:44:29.57,SELL,0.00319006,31.0
33435496,2017-12-24T15:44:49.053,SELL,0.00318999,0.46331268
33435498,2017-12-24T15:44:49.88,BUY,0.00319005,10.0
33435501,2017-12-24T15:44:54.227,SELL,0.00318999,2.53668732
33435503,2017-12-24T15:44:56.757,BUY,0.00318999,9.85802666
33435505,2017-12-24T15:45:01.773,BUY,0.00318999,0.62696121
33435507,2017-12-24T15:45:01.773,BUY,0.00318999,10.23777404
33435508,2017-12-24T15:45:01.773,BUY,0.00318999,5.55927888
33435509,2017-12-24T15:45:01.773,BUY,0.00319005,0.62694708
33435519,2017-12-24T15:45:16.397,SELL,0.00318818,3.77618792
33435532,2017-12-24T15:45:26.383,BUY,0.00318818,10.95398546
33435533,2017-12-24T15:45:26.383,BUY,0.00319506,0.02821454
33435558,2017-12-24T15:45:39.663,BUY,0.00318817,10.0
33435562,2017-12-24T15:45:46.147,BUY,0.00318817,127.03076943
33435565,2017-12-24T15:45:47.303,BUY,0.0031908,110.25589835
33435566,2017-12-24T15:45:47.303,BUY,0.00319506,19.97178546
33435567,2017-12-24T15:45:47.303,BUY,0.00319506,0.30526423
33435568,2017-12-24T15:45:47.303,BUY,0.00319998,14.47852938
33435569,2017-12-24T15:45:47.303,BUY,0.00319998,7.927009
33435570,2017-12-24T15:45:47.303,BUY,0.00319998,1.45027882
33435571,2017-12-24T15:45:47.303,BUY,0.00319998,2.92245999
33435572,2017-12-24T15:45:47.303,BUY,0.00320169,31.25597777
33435573,2017-12-24T15:45:47.303,BUY,0.0032017,99.0
33435574,2017-12-24T15:45:47.303,BUY,0.00320678,15.49659297
33435575,2017-12-24T15:45:47.303,BUY,0.00320678,31.7203395
33435576,2017-12-24T15:45:47.303,BUY,0.0032068,31.38776396
33435577,2017-12-24T15:45:47.303,BUY,0.00320741,3.0
33435578,2017-12-24T15:45:47.303,BUY,0.00320743,1.52249348
33435579,2017-12-24T15:45:47.303,BUY,0.00320744,5.37795885
33435580,2017-12-24T15:45:47.32,BUY,0.00320744,14.15260476
33435581,2017-12-24T15:45:47.32,BUY,0.00321086,4.71836103
33435582,2017-12-24T15:45:47.32,BUY,0.003213,5.0
33435583,2017-12-24T15:45:47.32,BUY,0.0032174,0.8747888
33435584,2017-12-24T15:45:47.32,BUY,0.0032174,1.04590909
33435585,2017-12-24T15:45:47.32,BUY,0.0032174,1.71651148
33435586,2017-12-24T15:45:47.32,BUY,0.0032174,0.16499999
33435587,2017-12-24T15:45:47.32,BUY,0.00322,50.85154621
33435588,2017-12-24T15:45:47.32,BUY,0.00322,0.29183339
33435589,2017-12-24T15:45:47.32,BUY,0.00322,102.74068323
33435590,2017-12-24T15:45:47.32,BUY,0.00322,15.0
33435591,2017-12-24T15:45:47.32,BUY,0.00322327,7.38926503
33435592,2017-12-24T15:45:47.32,BUY,0.0032233,27.16104523
33435610,2017-12-24T15:45:53.257,BUY,0.00318817,17.44129986
33435715,2017-12-24T15:46:17.82,BUY,0.00322321,0.31180021
33435716,2017-12-24T15:46:17.82,BUY,0.00322324,50.0
33435717,2017-12-24T15:46:17.82,BUY,0.00322325,114.59857981
33435718,2017-12-24T15:46:17.82,BUY,0.00322325,1.26306705
33435719,2017-12-24T15:46:17.82,BUY,0.00322325,1.66152556
33435720,2017-12-24T15:46:17.82,BUY,0.0032233,13.67702737
33435875,2017-12-24T15:46:51.663,BUY,0.00322188,0.17
33435884,2017-12-24T15:46:52.993,SELL,0.00318536,0.31393607
33435885,2017-12-24T15:46:52.993,SELL,0.00318536,11.0292313
33435888,2017-12-24T15:46:53.977,SELL,0.00318536,1.50408
33435991,2017-12-24T15:47:14.32,BUY,0.00321093,3.1441
33436040,2017-12-24T15:47:25.133,BUY,0.00321093,7.8851313
33436041,2017-12-24T15:47:25.133,BUY,0.00322092,0.2844687
33436241,2017-12-24T15:48:03.383,BUY,0.00321075,3.89451467
33436267,2017-12-24T15:48:08.01,BUY,0.00321075,44.6091
33436296,2017-12-24T15:48:12.62,BUY,0.00321075,0.13500313
33436297,2017-12-24T15:48:12.62,BUY,0.00322086,0.3109129
33436330,2017-12-24T15:48:19.447,BUY,0.00322313,1.34983177
33436359,2017-12-24T15:48:23.337,BUY,0.00321075,0.4
33436382,2017-12-24T15:48:29.93,BUY,0.00321075,22.6
33436423,2017-12-24T15:48:38.667,SELL,0.00321075,10.4
33436424,2017-12-24T15:48:38.667,SELL,0.00321075,8.35110633
33436489,2017-12-24T15:48:50.353,SELL,0.00321093,3.11436251
33436490,2017-12-24T15:48:50.353,SELL,0.00321075,12.79788868
33436500,2017-12-24T15:48:52.23,BUY,0.00322309,0.31181182
33436501,2017-12-24T15:48:52.23,BUY,0.00322309,0.8243884
33436536,2017-12-24T15:48:58.37,BUY,0.00321075,0.21300541
33436538,2017-12-24T15:48:58.493,BUY,0.00322,7.60959637
33436549,2017-12-24T15:48:59.993,BUY,0.00322,6.61273524
33436556,2017-12-24T15:49:01.243,SELL,0.00321075,6.96640209
33436557,2017-12-24T15:49:01.68,SELL,0.00321075,7.80387977
33436558,2017-12-24T15:49:01.697,SELL,0.00321075,0.34276684
33436559,2017-12-24T15:49:01.883,SELL,0.00318872,14.19179669
33436560,2017-12-24T15:49:01.883,SELL,0.00318622,0.57848517
33436617,2017-12-24T15:49:17.683,SELL,0.00318631,10.0
33436618,2017-12-24T15:49:17.683,SELL,0.00318627,2.62912355
33436633,2017-12-24T15:49:22.34,SELL,0.00318636,6.31456177
33436662,2017-12-24T15:49:35.61,SELL,0.0031864,0.31383361
33436663,2017-12-24T15:49:35.61,SELL,0.00318638,2.55987246
33436664,2017-12-24T15:49:35.61,SELL,0.00318637,2.3976528
33436709,2017-12-24T15:49:50.797,SELL,0.00318646,0.3138277
33436710,2017-12-24T15:49:50.797,SELL,0.00318644,0.31310226
33436711,2017-12-24T15:49:50.797,SELL,0.00318643,3.47301582
33436779,2017-12-24T15:50:09.797,SELL,0.0031865,1.82846695
33436781,2017-12-24T15:50:10.233,SELL,0.0031865,2.84019885
33436782,2017-12-24T15:50:10.233,SELL,0.00318648,3.53753912
33436811,2017-12-24T15:50:33.547,SELL,0.00318649,0.40950643
33436847,2017-12-24T15:51:02.287,BUY,0.00321,2.63010711
33436928,2017-12-24T15:51:21.96,SELL,0.00321,2.73671273
33436935,2017-12-24T15:51:24.24,SELL,0.00318661,0.31381292
33436936,2017-12-24T15:51:24.24,SELL,0.0031866,2.42289981
33436958,2017-12-24T15:51:38.15,BUY,0.0031866,14.07327786
33436960,2017-12-24T15:51:38.337,BUY,0.0031866,23.232
33436966,2017-12-24T15:51:39.45,BUY,0.0031866,10.0
33436968,2017-12-24T15:51:40.243,BUY,0.0031866,6.505
33436970,2017-12-24T15:51:40.853,BUY,0.0031866,5.34728015
33436973,2017-12-24T15:51:41.32,BUY,0.0031866,1.20729329
33436980,2017-12-24T15:51:42.79,BUY,0.0031866,1.8214
33436988,2017-12-24T15:51:44.477,BUY,0.0031866,8.4779
33436991,2017-12-24T15:51:46.853,BUY,0.0031866,7.2651
33436997,2017-12-24T15:51:47.167,BUY,0.0031866,17.27792498
33436998,2017-12-24T15:51:47.167,BUY,0.0031866,4.0
33436999,2017-12-24T15:51:47.167,BUY,0.00320991,6.30047502
33437023,2017-12-24T15:51:57.743,BUY,0.00320988,20.0604
33437040,2017-12-24T15:52:05.48,BUY,0.00320988,0.30414249
33437041,2017-12-24T15:52:05.48,BUY,0.00320988,8.6801882
33437048,2017-12-24T15:52:09.603,BUY,0.00320988,3.1329
33437052,2017-12-24T15:52:10.573,BUY,0.00320988,33.0
33437069,2017-12-24T15:52:19.713,BUY,0.00320985,42.62833345
33437070,2017-12-24T15:52:19.713,BUY,0.00320988,41.81108008
33437071,2017-12-24T15:52:19.713,BUY,0.00320988,0.31310226
33437072,2017-12-24T15:52:19.713,BUY,0.00321,2.73671273
33437073,2017-12-24T15:52:19.713,BUY,0.00321993,0.31211783
33437074,2017-12-24T15:52:19.713,BUY,0.00321997,10.05965029
33437075,2017-12-24T15:52:19.713,BUY,0.00321999,0.57848517
33437076,2017-12-24T15:52:19.713,BUY,0.00322,79.58644582
33437077,2017-12-24T15:52:19.713,BUY,0.00322313,0.93696914
33437078,2017-12-24T15:52:19.713,BUY,0.0032233,9.1619274
33437079,2017-12-24T15:52:19.713,BUY,0.0032234,58.08597583
33437092,2017-12-24T15:52:22.197,BUY,0.00321992,2.55987246
33437093,2017-12-24T15:52:22.197,BUY,0.00322336,0.3117857
33437094,2017-12-24T15:52:22.197,BUY,0.0032234,36.61564184
33437301,2017-12-24T15:53:00.62,BUY,0.00322331,2.68673727
33437337,2017-12-24T15:53:08.857,BUY,0.00322331,9.4091
33437449,2017-12-24T15:53:30.293,BUY,0.00322323,0.63130355
33437457,2017-12-24T15:53:32.183,BUY,0.00322323,9.28422638
33437618,2017-12-24T15:54:12.043,BUY,0.00321,17.79961637
33437639,2017-12-24T15:54:16.31,SELL,0.00318747,3.2
33437680,2017-12-24T15:54:25.123,BUY,0.00318747,1.46123
33437681,2017-12-24T15:54:25.123,BUY,0.00320999,0.00840157
33437747,2017-12-24T15:54:45.733,BUY,0.00320509,4.8238
33437750,2017-12-24T15:54:46.03,BUY,0.00320509,0.313256
33437757,2017-12-24T15:54:52.467,SELL,0.00318747,11.07890584
33437758,2017-12-24T15:54:52.467,SELL,0.00318747,3.42282049
33437786,2017-12-24T15:55:05.327,SELL,0.00318748,0.730615
33437788,2017-12-24T15:55:05.36,BUY,0.00320386,9.07023263
33437791,2017-12-24T15:55:07.403,SELL,0.00318748,9.269385
33437792,2017-12-24T15:55:07.403,SELL,0.00318747,10.57717951
33437796,2017-12-24T15:55:08.093,BUY,0.00318747,10.0
33437822,2017-12-24T15:55:14.7,BUY,0.00318747,15.39005
33437840,2017-12-24T15:55:21.81,BUY,0.00318747,15.39005
33437864,2017-12-24T15:55:31.56,BUY,0.00318747,4.37333549
33437865,2017-12-24T15:55:31.56,BUY,0.00318747,4.19399129
33437880,2017-12-24T15:55:35.763,SELL,0.00318733,0.16275698
33437881,2017-12-24T15:55:35.763,SELL,0.00318733,3.05146155
33437882,2017-12-24T15:55:35.763,SELL,0.00318682,0.31379224
33437883,2017-12-24T15:55:35.763,SELL,0.00318682,0.31379224
33437884,2017-12-24T15:55:35.763,SELL,0.00318679,0.3137952
33437885,2017-12-24T15:55:35.763,SELL,0.00318661,10.78452487
33437953,2017-12-24T15:56:02.06,BUY,0.00320034,6.22451304
33438049,2017-12-24T15:56:36.25,BUY,0.00320034,2.45825957
33438050,2017-12-24T15:56:36.25,BUY,0.00320034,7.83234043
33438053,2017-12-24T15:56:36.953,BUY,0.00320034,8.83303679
33438054,2017-12-24T15:56:36.953,BUY,0.00320034,0.3653075
33438078,2017-12-24T15:56:42.453,SELL,0.00320034,0.80165571
33438096,2017-12-24T15:56:48.187,BUY,0.00320034,8.18267498
33438097,2017-12-24T15:56:48.187,BUY,0.00320359,1.81732502
33438113,2017-12-24T15:56:55.093,BUY,0.00320355,8.49945557
33438114,2017-12-24T15:56:55.093,BUY,0.00320359,1.50054443
33438136,2017-12-24T15:57:08.017,SELL,0.00320355,1.0
33438137,2017-12-24T15:57:08.063,SELL,0.00320355,0.7
33438138,2017-12-24T15:57:08.063,SELL,0.00320034,0.98614436
33438139,2017-12-24T15:57:08.063,SELL,0.00320034,0.01385564
33438144,2017-12-24T15:57:08.36,BUY,0.00320359,5.62
33438160,2017-12-24T15:57:15.657,BUY,0.00320359,33.2414859
33438161,2017-12-24T15:57:15.657,BUY,0.00320359,3.8969141
33438164,2017-12-24T15:57:17.017,BUY,0.00320359,1.0
33438169,2017-12-24T15:57:17.297,BUY,0.00320359,0.49335168
33438177,2017-12-24T15:57:18.627,SELL,0.00320359,1.05860725
33438182,2017-12-24T15:57:19.907,SELL,0.00320359,14.58874244
33438183,2017-12-24T15:57:19.907,SELL,0.00320034,0.52537297
33438184,2017-12-24T15:57:19.907,SELL,0.00318749,0.53323428
33438191,2017-12-24T15:57:20.797,SELL,0.00319549,15.64734969
33438318,2017-12-24T15:57:45.017,BUY,0.00319549,0.89
33438319,2017-12-24T15:57:45.017,BUY,0.00320031,49.0419758
33438349,2017-12-24T15:57:53.86,SELL,0.00320031,0.93506567
33438378,2017-12-24T15:58:04.203,BUY,0.00320031,1.06643347
33438390,2017-12-24T15:58:14.423,BUY,0.00320031,1.52296635
33438396,2017-12-24T15:58:15.157,BUY,0.00320031,9.65132079
33438412,2017-12-24T15:58:25.987,BUY,0.00320028,0.5
33438420,2017-12-24T15:58:29.487,BUY,0.00320026,42.2768
33438425,2017-12-24T15:58:30.83,BUY,0.00320026,14.42873313
33438490,2017-12-24T15:59:06.25,SELL,0.00319149,0.44656571
33438491,2017-12-24T15:59:06.25,SELL,0.00319149,0.55906809
33438497,2017-12-24T15:59:10.66,SELL,0.00319149,0.44093191
33438498,2017-12-24T15:59:10.66,SELL,0.00319149,3.51302526
33438509,2017-12-24T15:59:15.72,SELL,0.00319149,1.35624987
33438510,2017-12-24T15:59:15.72,SELL,0.00319149,4.3831
33438511,2017-12-24T15:59:15.72,SELL,0.00318755,24.349
33438512,2017-12-24T15:59:15.72,SELL,0.00318754,24.42792796
33438513,2017-12-24T15:59:15.72,SELL,0.00318751,4.47871557
33438514,2017-12-24T15:59:15.72,SELL,0.00318751,25.04026574
33438515,2017-12-24T15:59:15.72,SELL,0.00318747,2.68
33438516,2017-12-24T15:59:15.72,SELL,0.00318747,0.35
33438517,2017-12-24T15:59:15.72,SELL,0.00318661,10.0
33438518,2017-12-24T15:59:15.72,SELL,0.0031866,7.53153832
33438519,2017-12-24T15:59:15.72,SELL,0.0031866,5.0
33438520,2017-12-24T15:59:15.72,SELL,0.0031866,2.85895128
33438521,2017-12-24T15:59:15.72,SELL,0.00318497,5.98402911
33438522,2017-12-24T15:59:15.72,SELL,0.00318179,0.17716108
33438523,2017-12-24T15:59:15.72,SELL,0.00318179,0.69618742
33438524,2017-12-24T15:59:15.72,SELL,0.00318175,2.60969021
33438525,2017-12-24T15:59:15.72,SELL,0.00318174,8.07718344
33438564,2017-12-24T15:59:38.91,SELL,0.00318174,0.27026206
33438576,2017-12-24T15:59:47.83,BUY,0.00320026,20.04
33438580,2017-12-24T15:59:48.69,BUY,0.00320026,16.0
33438582,2017-12-24T15:59:49.627,SELL,0.00318174,8.19398068
33438584,2017-12-24T15:59:49.673,BUY,0.00320026,19.16561417
33438588,2017-12-24T15:59:50.927,BUY,0.0032003,0.34829581
33438589,2017-12-24T15:59:50.927,BUY,0.00320031,0.71698878
33438596,2017-12-24T15:59:52.567,BUY,0.00320034,14.0
33438611,2017-12-24T15:59:54.893,BUY,0.00320034,2.16
33438614,2017-12-24T15:59:55.19,BUY,0.00320034,0.01272266
33438615,2017-12-24T15:59:55.207,SELL,0.00320034,0.87438583
33438624,2017-12-24T15:59:56.783,BUY,0.0032049,15.64734969
33438639,2017-12-24T16:00:00.27,SELL,0.0032049,0.02265031
33438641,2017-12-24T16:00:00.27,SELL,0.0032049,15.67
33438647,2017-12-24T16:00:01.613,SELL,0.00320034,1.28289151
33438648,2017-12-24T16:00:01.613,SELL,0.00320034,14.4097588
33438654,2017-12-24T16:00:02.783,BUY,0.00320512,1.46963157
33438655,2017-12-24T16:00:02.783,BUY,0.0032222,0.53036843
33438664,2017-12-24T16:00:04.94,BUY,0.0032222,1.0
33438682,2017-12-24T16:00:09.44,SELL,0.00320035,10.0
33438683,2017-12-24T16:00:09.44,SELL,0.00320034,3.3402412
33438684,2017-12-24T16:00:09.707,SELL,0.00320026,0.87438583
33438685,2017-12-24T16:00:09.707,SELL,0.00319527,10.57799
33438688,2017-12-24T16:00:10.69,SELL,0.00319063,11.45259822
33438694,2017-12-24T16:00:11.817,BUY,0.00320034,9.56247505
33438794,2017-12-24T16:00:40.99,SELL,0.00320035,10.0
33438795,2017-12-24T16:00:40.99,SELL,0.00320034,0.01752495
33438796,2017-12-24T16:00:40.99,SELL,0.00320034,6.93677855
33438804,2017-12-24T16:00:42.927,BUY,0.00320034,2.0
33438822,2017-12-24T16:00:46.94,BUY,0.00320034,9.83409071
33438827,2017-12-24T16:00:47.817,BUY,0.00320035,10.0
33438837,2017-12-24T16:00:49.8,BUY,0.00321997,16.0
33438861,2017-12-24T16:00:57.067,SELL,0.00320035,2.61
33438862,2017-12-24T16:00:57.067,SELL,0.00320034,0.01590929
33438866,2017-12-24T16:00:58.02,BUY,0.00320034,2.61
33438873,2017-12-24T16:00:58.41,BUY,0.00320034,34.45745714
33438874,2017-12-24T16:00:58.41,BUY,0.00320035,2.61004286
33438876,2017-12-24T16:00:58.427,BUY,0.00320035,7.0
33438881,2017-12-24T16:00:58.647,BUY,0.00320035,29.45333753
33438953,2017-12-24T16:01:17.427,BUY,0.00321893,6.04
33438957,2017-12-24T16:01:18.21,BUY,0.00321893,264.27
33439041,2017-12-24T16:01:37.88,BUY,0.003208,10.0
33439043,2017-12-24T16:01:37.943,BUY,0.003208,20.04
33439045,2017-12-24T16:01:37.96,BUY,0.003208,16.0
33439057,2017-12-24T16:01:39.177,BUY,0.003208,2.994
33439060,2017-12-24T16:01:39.397,BUY,0.003208,3.432e-05
33439075,2017-12-24T16:01:40.083,SELL,0.003211,10.0
33439076,2017-12-24T16:01:40.083,SELL,0.003208,3.0
33439077,2017-12-24T16:01:40.083,SELL,0.00320035,8.6919629
33439080,2017-12-24T16:01:40.287,BUY,0.0032179,3.0
33439095,2017-12-24T16:01:42.88,BUY,0.00320036,10.0
33439097,2017-12-24T16:01:42.973,BUY,0.00320036,20.04
33439100,2017-12-24T16:01:43.443,BUY,0.00320036,100.0
33439107,2017-12-24T16:01:44.27,BUY,0.00320036,16.0
33439109,2017-12-24T16:01:44.66,BUY,0.00320036,10.0
33439115,2017-12-24T16:01:45.647,BUY,0.00320036,20.04
33439117,2017-12-24T16:01:45.82,BUY,0.00320036,67.75485623
33439131,2017-12-24T16:01:47.537,BUY,0.0032179,6.0
33439134,2017-12-24T16:01:47.677,SELL,0.00320536,10.0
33439135,2017-12-24T16:01:47.677,SELL,0.00320036,9.25780541
33439155,2017-12-24T16:01:51.07,SELL,0.00320037,8.13882767
33439228,2017-12-24T16:02:03.617,BUY,0.00321786,0.74219459
33439242,2017-12-24T16:02:05.77,BUY,0.00321786,5.80462042
33439243,2017-12-24T16:02:05.77,BUY,0.00321787,326.02443203
33439244,2017-12-24T16:02:05.77,BUY,0.00321789,139.65094755
33439259,2017-12-24T16:02:07.193,BUY,0.00321789,10.0
33439266,2017-12-24T16:02:08.46,SELL,0.00321787,20.01999999
33439267,2017-12-24T16:02:08.46,SELL,0.00321787,2.6
33439268,2017-12-24T16:02:08.46,SELL,0.00321786,5.32750826
33439269,2017-12-24T16:02:08.49,SELL,0.00321786,3.10249174
33439270,2017-12-24T16:02:08.49,SELL,0.00320035,44.86023151
33439274,2017-12-24T16:02:09.27,SELL,0.00320035,19.92012701
33439275,2017-12-24T16:02:09.27,SELL,0.00320035,0.09987298
33439289,2017-12-24T16:02:12.57,BUY,0.00321783,6.03058822
33439290,2017-12-24T16:02:12.583,BUY,0.00321786,3.96941178
33439293,2017-12-24T16:02:12.897,BUY,0.00321786,10.0
33439320,2017-12-24T16:02:17.147,BUY,0.00321786,10.94
33439324,2017-12-24T16:02:17.787,BUY,0.00321786,1.83682881
33439334,2017-12-24T16:02:18.68,BUY,0.00321786,1.7
33439341,2017-12-24T16:02:20.177,BUY,0.00321786,0.0037594
33439351,2017-12-24T16:02:21.677,SELL,0.00321786,3.5362406
33439375,2017-12-24T16:02:24.35,BUY,0.00320036,0.6165
33439377,2017-12-24T16:02:24.583,BUY,0.00320036,3.612e-05
33439398,2017-12-24T16:02:26.913,BUY,0.00321786,3.0
33439403,2017-12-24T16:02:28.007,SELL,0.00321471,10.0
33439404,2017-12-24T16:02:28.007,SELL,0.0032147,0.6165
33439422,2017-12-24T16:02:31.24,BUY,0.00321785,0.53323428
33439423,2017-12-24T16:02:31.24,BUY,0.00321786,51.68823083
33439427,2017-12-24T16:02:31.757,BUY,0.00322168,0.31194829
33439428,2017-12-24T16:02:31.757,BUY,0.00322331,5.64200139
33439429,2017-12-24T16:02:31.757,BUY,0.0032234,15.51105436
33439430,2017-12-24T16:02:31.757,BUY,0.0032234,1.60768085
33439431,2017-12-24T16:02:31.757,BUY,0.0032234,2.0
33439432,2017-12-24T16:02:31.757,BUY,0.0032234,29.51798125
33439433,2017-12-24T16:02:31.757,BUY,0.0032245,1.92695306
33439434,2017-12-24T16:02:31.757,BUY,0.00322451,30.36915772
33439435,2017-12-24T16:02:31.757,BUY,0.00322451,20.0
33439436,2017-12-24T16:02:31.757,BUY,0.00322451,2.0
33439437,2017-12-24T16:02:31.757,BUY,0.0032254,16.66876856
33439438,2017-12-24T16:02:31.757,BUY,0.00322578,0.27
33439439,2017-12-24T16:02:31.757,BUY,0.00322578,2.0
33439440,2017-12-24T16:02:31.757,BUY,0.00322886,148.31445452
33439447,2017-12-24T16:02:32.333,SELL,0.00322341,0.5
33439449,2017-12-24T16:02:32.617,SELL,0.00322341,2.59454894
33439450,2017-12-24T16:02:32.617,SELL,0.00322168,16.0
33439451,2017-12-24T16:02:32.617,SELL,0.00321786,9.77853489
33439452,2017-12-24T16:02:32.617,SELL,0.00321786,13.73898213
33439456,2017-12-24T16:02:33.223,SELL,0.00321786,2.60969021
33439460,2017-12-24T16:02:33.49,BUY,0.00322168,6.8
33439462,2017-12-24T16:02:33.583,BUY,0.00322886,75.8796033
33439463,2017-12-24T16:02:33.583,BUY,0.00322982,3.09
33439464,2017-12-24T16:02:33.583,BUY,0.00322982,2.0
33439465,2017-12-24T16:02:33.583,BUY,0.00322997,2.0
33439466,2017-12-24T16:02:33.583,BUY,0.00322998,2.0
33439467,2017-12-24T16:02:33.583,BUY,0.00322999,3.50479051
33439468,2017-12-24T16:02:33.583,BUY,0.00322999,2.0
33439469,2017-12-24T16:02:33.583,BUY,0.00322999,2.0
33439470,2017-12-24T16:02:33.583,BUY,0.00323,3.34097797
33439471,2017-12-24T16:02:33.583,BUY,0.00323,30.57212197
33439472,2017-12-24T16:02:33.583,BUY,0.00323,2.0
33439473,2017-12-24T16:02:33.583,BUY,0.00323,50.0
33439474,2017-12-24T16:02:33.583,BUY,0.00323003,0.62
33439475,2017-12-24T16:02:33.583,BUY,0.00323003,3.08
33439476,2017-12-24T16:02:33.583,BUY,0.00323003,2.0
33439477,2017-12-24T16:02:33.583,BUY,0.00323003,0.3773573
33439478,2017-12-24T16:02:33.583,BUY,0.00323027,3.19711538
33439479,2017-12-24T16:02:33.583,BUY,0.00323027,2.0
33439480,2017-12-24T16:02:33.583,BUY,0.00323046,0.17716108
33439481,2017-12-24T16:02:33.583,BUY,0.00323046,2.0
33439483,2017-12-24T16:02:33.583,BUY,0.0032312,3.08
33439484,2017-12-24T16:02:33.583,BUY,0.0032312,3.08
33439485,2017-12-24T16:02:33.583,BUY,0.0032312,1.98087249
33439487,2017-12-24T16:02:33.68,SELL,0.00322168,13.24
33439488,2017-12-24T16:02:33.68,SELL,0.00321786,2.76
33439496,2017-12-24T16:02:34.21,SELL,0.00322169,10.0
33439497,2017-12-24T16:02:34.21,SELL,0.00321786,0.91132765
33439498,2017-12-24T16:02:34.21,SELL,0.00321786,6.8
33439503,2017-12-24T16:02:34.443,BUY,0.00321786,11.0
33439522,2017-12-24T16:02:35.96,BUY,0.00321786,10.0
33439535,2017-12-24T16:02:36.897,BUY,0.00321786,10.37684663
33439536,2017-12-24T16:02:36.897,BUY,0.00321786,52.59853488
33439539,2017-12-24T16:02:37.38,SELL,0.00321785,1.0
33439559,2017-12-24T16:02:38.507,SELL,0.00321786,1.53
33439560,2017-12-24T16:02:38.913,SELL,0.00321786,1.0
33439568,2017-12-24T16:02:40.037,SELL,0.00321786,7.47
33439569,2017-12-24T16:02:40.037,SELL,0.00321786,10.0
33439570,2017-12-24T16:02:40.037,SELL,0.00321786,10.0
33439571,2017-12-24T16:02:40.037,SELL,0.00321785,0.533234
33439572,2017-12-24T16:02:40.037,SELL,0.00321011,9.64825882
33439573,2017-12-24T16:02:40.037,SELL,0.00320035,1.485069
33439574,2017-12-24T16:02:40.037,SELL,0.00320034,2.61
33439575,2017-12-24T16:02:40.037,SELL,0.00320034,6.33918085
33439576,2017-12-24T16:02:40.037,SELL,0.00319064,0.99201329
33439577,2017-12-24T16:02:40.037,SELL,0.00319064,4.45251198
33439578,2017-12-24T16:02:40.037,SELL,0.00318902,0.31357577
33439579,2017-12-24T16:02:40.037,SELL,0.00318184,0.93534549
33439580,2017-12-24T16:02:40.037,SELL,0.00318179,3.14288498
33439581,2017-12-24T16:02:40.037,SELL,0.00318175,5.05332582
33439638,2017-12-24T16:02:47.117,SELL,0.0032029,5.4
33439640,2017-12-24T16:02:47.27,BUY,0.00321012,0.32735897
33439645,2017-12-24T16:02:47.477,SELL,0.00321881,4.103e-05
33439646,2017-12-24T16:02:47.477,SELL,0.0032029,0.59995897
33439653,2017-12-24T16:02:47.897,SELL,0.00321817,0.3274
33439654,2017-12-24T16:02:47.897,SELL,0.00321012,1.0
33439655,2017-12-24T16:02:47.913,SELL,0.00320103,5.4
33439677,2017-12-24T16:02:49.977,SELL,0.00321013,4.9
33439678,2017-12-24T16:02:50.007,SELL,0.00321013,5.1
33439682,2017-12-24T16:02:50.647,BUY,0.00321013,0.1
33439683,2017-12-24T16:02:50.647,BUY,0.00321013,0.20516278
33439684,2017-12-24T16:02:50.647,BUY,0.00321013,4.9
33439685,2017-12-24T16:02:50.647,BUY,0.00321013,0.20577952
33439694,2017-12-24T16:02:51.227,BUY,0.00321817,0.33
33439697,2017-12-24T16:02:51.397,SELL,0.00321827,0.1
33439699,2017-12-24T16:02:51.583,BUY,0.00323099,1.0
33439733,2017-12-24T16:02:53.507,SELL,0.00321827,0.33
33439748,2017-12-24T16:02:55.07,SELL,0.00320144,0.78892226
33439828,2017-12-24T16:03:01.803,BUY,0.00322,6.81163972
33439842,2017-12-24T16:03:03.07,BUY,0.00322,4.33750607
33439843,2017-12-24T16:03:03.07,BUY,0.00323055,6.66249393
33439857,2017-12-24T16:03:03.757,BUY,0.00323055,2.98576489
33439858,2017-12-24T16:03:03.773,BUY,0.00323086,49.22484153
33439859,2017-12-24T16:03:03.773,BUY,0.00323091,5.05332582
33439860,2017-12-24T16:03:03.773,BUY,0.00323092,2.14288498
33439861,2017-12-24T16:03:03.773,BUY,0.00323093,0.3110552
33439862,2017-12-24T16:03:03.773,BUY,0.00323093,0.3110552
33439863,2017-12-24T16:03:03.773,BUY,0.00323099,13.15146713
33439864,2017-12-24T16:03:03.773,BUY,0.00323117,122.89823046
33439865,2017-12-24T16:03:03.773,BUY,0.0032312,0.01912751
33439866,2017-12-24T16:03:03.773,BUY,0.0032312,0.60716885
33439867,2017-12-24T16:03:03.773,BUY,0.00323148,2.0
33439868,2017-12-24T16:03:03.773,BUY,0.00323148,2.0
33439869,2017-12-24T16:03:03.773,BUY,0.00323148,2.0
33439870,2017-12-24T16:03:03.773,BUY,0.00323189,3.75977276
33439881,2017-12-24T16:03:04.85,BUY,0.00323279,0.31088086
33439882,2017-12-24T16:03:04.85,BUY,0.00323328,3.68911914
33439893,2017-12-24T16:03:05.523,SELL,0.00323094,10.0
33439894,2017-12-24T16:03:05.523,SELL,0.00323086,10.0
33439895,2017-12-24T16:03:05.523,SELL,0.00322168,2.0
33439896,2017-12-24T16:03:05.523,SELL,0.00322,10.0
33439897,2017-12-24T16:03:05.523,SELL,0.0032022,10.0
33439898,2017-12-24T16:03:05.523,SELL,0.0032021,25.0
33439899,2017-12-24T16:03:05.523,SELL,0.00320209,10.0
33439900,2017-12-24T16:03:05.523,SELL,0.003202,25.0
33439901,2017-12-24T16:03:05.523,SELL,0.00320144,26.06368109
33439902,2017-12-24T16:03:05.523,SELL,0.00318435,4.71053747
33439903,2017-12-24T16:03:05.523,SELL,0.00318233,26.28720413
33439906,2017-12-24T16:03:05.787,SELL,0.00323285,0.45228646
33439911,2017-12-24T16:03:06.117,SELL,0.00323285,11.4101
33439912,2017-12-24T16:03:06.13,SELL,0.00323285,58.14114947
33439914,2017-12-24T16:03:06.333,BUY,0.00323328,11.62880776
33439915,2017-12-24T16:03:06.333,BUY,0.00323408,2.0
33439916,2017-12-24T16:03:06.333,BUY,0.00323408,4.88608139
33439917,2017-12-24T16:03:06.333,BUY,0.00323418,1.50511084
33439921,2017-12-24T16:03:07.053,BUY,0.00323418,1.55488916
33439922,2017-12-24T16:03:07.053,BUY,0.00323418,3.06
33439924,2017-12-24T16:03:07.053,BUY,0.00323418,3.06
33439925,2017-12-24T16:03:07.053,BUY,0.00323419,1.12
33439926,2017-12-24T16:03:07.053,BUY,0.00323419,1.20511084
33439928,2017-12-24T16:03:07.147,SELL,0.00323285,15.78242165
33439939,2017-12-24T16:03:07.647,BUY,0.00323285,5.6
33439940,2017-12-24T16:03:07.647,BUY,0.00323419,1.88488916
33439941,2017-12-24T16:03:07.647,BUY,0.00323419,3.06
33439942,2017-12-24T16:03:07.647,BUY,0.00323419,3.06
33439943,2017-12-24T16:03:07.663,BUY,0.00323419,3.06
33439944,2017-12-24T16:03:07.663,BUY,0.00323419,2.0
33439945,2017-12-24T16:03:07.663,BUY,0.0032342,3.06
33439946,2017-12-24T16:03:07.663,BUY,0.00323421,3.06
33439947,2017-12-24T16:03:07.663,BUY,0.00323421,3.06
33439948,2017-12-24T16:03:07.663,BUY,0.00323421,0.35
33439949,2017-12-24T16:03:07.663,BUY,0.00323421,2.0
33439950,2017-12-24T16:03:07.663,BUY,0.00323463,0.32739768
33439951,2017-12-24T16:03:07.663,BUY,0.00323536,1.24617968
33439952,2017-12-24T16:03:07.663,BUY,0.00323568,3.99657529
33439953,2017-12-24T16:03:07.663,BUY,0.00323627,0.26
33439954,2017-12-24T16:03:07.663,BUY,0.00323627,0.26
33439955,2017-12-24T16:03:07.663,BUY,0.00323627,2.0
33439956,2017-12-24T16:03:07.663,BUY,0.00323667,0.17716108
33439957,2017-12-24T16:03:07.663,BUY,0.00323791,0.94042118
33439958,2017-12-24T16:03:07.663,BUY,0.00323801,0.84905393
33439959,2017-12-24T16:03:07.663,BUY,0.00323801,7.42364361
33439960,2017-12-24T16:03:07.663,BUY,0.00323961,5.12346364
33439961,2017-12-24T16:03:07.663,BUY,0.00323987,1.54
33439962,2017-12-24T16:03:07.663,BUY,0.00323987,2.0
33439963,2017-12-24T16:03:07.663,BUY,0.00323987,2.0
33439964,2017-12-24T16:03:07.663,BUY,0.00323999,2.0
33439965,2017-12-24T16:03:07.663,BUY,0.00324,400.0
33439966,2017-12-24T16:03:07.663,BUY,0.00324,0.87036693
33439967,2017-12-24T16:03:07.663,BUY,0.00324,20.69646069
33439970,2017-12-24T16:03:07.82,SELL,0.00324,149.91427789
33439974,2017-12-24T16:03:08.007,SELL,0.00324,5.6
33439976,2017-12-24T16:03:08.147,SELL,0.00324,5.0
33439978,2017-12-24T16:03:08.24,SELL,0.00324,50.0
33439979,2017-12-24T16:03:08.38,SELL,0.00324,23.59155079
33439982,2017-12-24T16:03:08.443,SELL,0.00324,211.71376856
33439983,2017-12-24T16:03:08.443,SELL,0.00324,70.3
33439984,2017-12-24T16:03:08.443,SELL,0.00323801,2.0
33439986,2017-12-24T16:03:08.553,BUY,0.00323325,43.01408359
33439987,2017-12-24T16:03:08.57,SELL,0.00324,10.0
33439989,2017-12-24T16:03:08.773,SELL,0.00324,26.287205
33439996,2017-12-24T16:03:09.663,SELL,0.00324,48.51871141
33439997,2017-12-24T16:03:09.663,SELL,0.00323773,32.8622
33439998,2017-12-24T16:03:09.663,SELL,0.00323463,11.0
33439999,2017-12-24T16:03:09.663,SELL,0.00323419,13.06488916
33440000,2017-12-24T16:03:09.663,SELL,0.00323286,10.0
33440010,2017-12-24T16:03:10.867,BUY,0.00323285,10.0
33440012,2017-12-24T16:03:10.977,SELL,0.00323189,8.06306916
33440013,2017-12-24T16:03:10.977,SELL,0.00323086,10.0
33440014,2017-12-24T16:03:10.977,SELL,0.00321827,33.57840983
33440015,2017-12-24T16:03:10.977,SELL,0.00318238,10.31151151
33440016,2017-12-24T16:03:10.977,SELL,0.00318236,3.14232205
33440017,2017-12-24T16:03:10.977,SELL,0.00318236,25.0
33440018,2017-12-24T16:03:10.977,SELL,0.00318235,40.30403745
33440021,2017-12-24T16:03:11.663,BUY,0.00323189,0.22272145
33440022,2017-12-24T16:03:11.663,BUY,0.00323285,3.98087855
33440026,2017-12-24T16:03:12.117,BUY,0.00323285,10.0
33440045,2017-12-24T16:03:13.82,BUY,0.00323028,0.5
33440051,2017-12-24T16:03:15.257,BUY,0.00321619,4.71053747
33440052,2017-12-24T16:03:15.257,BUY,0.00323027,3.09571646
33440053,2017-12-24T16:03:15.257,BUY,0.00323028,14.38828029
33440054,2017-12-24T16:03:15.257,BUY,0.00323189,1.73325125
33440065,2017-12-24T16:03:16.397,BUY,0.00323189,2.29828333
33440081,2017-12-24T16:03:18.053,BUY,0.00321615,0.31248466
33440083,2017-12-24T16:03:18.227,SELL,0.00323282,1.68751534
33440098,2017-12-24T16:03:20.303,SELL,0.00318247,0.31422116
33440099,2017-12-24T16:03:20.303,SELL,0.00318246,80.61487884
33440107,2017-12-24T16:03:21.007,BUY,0.003231,0.45761253
33440164,2017-12-24T16:03:27.54,BUY,0.00323096,0.31105232
33440165,2017-12-24T16:03:27.54,BUY,0.00323097,0.15234931
33440245,2017-12-24T16:03:36.897,BUY,0.00323093,14.02
33440251,2017-12-24T16:03:37.803,SELL,0.00321615,0.31248466
33440311,2017-12-24T16:03:44.163,SELL,0.0031832,1.68697228
33440312,2017-12-24T16:03:44.163,SELL,0.00318319,71.19004227
33440483,2017-12-24T16:04:09.977,BUY,0.00323058,2.0
33440488,2017-12-24T16:04:11.54,SELL,0.003185,14.35221813
33440540,2017-12-24T16:04:17.087,SELL,0.00318507,7.08154229
33440589,2017-12-24T16:04:24.447,SELL,0.00318514,8.84304952
33440591,2017-12-24T16:04:24.883,SELL,0.00318514,56.84095048
33440592,2017-12-24T16:04:24.883,SELL,0.00318513,10.0
33440593,2017-12-24T16:04:24.883,SELL,0.00318513,3.09298369
33440594,2017-12-24T16:04:24.883,SELL,0.00318512,0.31395973
33440595,2017-12-24T16:04:24.883,SELL,0.00318508,5.34070839
33440596,2017-12-24T16:04:24.883,SELL,0.00318507,7.04620099
33440597,2017-12-24T16:04:24.883,SELL,0.003185,12.72023971
33440599,2017-12-24T16:04:25.633,SELL,0.00318515,2.14711816
33440601,2017-12-24T16:04:25.93,BUY,0.00318509,31.466862
33440603,2017-12-24T16:04:26.023,BUY,0.00318509,0.3139548
33440606,2017-12-24T16:04:26.6,BUY,0.00318509,34.68604506
33440608,2017-12-24T16:04:26.71,SELL,0.00318509,0.3139548
33440609,2017-12-24T16:04:26.71,SELL,0.003185,29.94559357
33440610,2017-12-24T16:04:26.71,SELL,0.00318356,14.05547463
33440622,2017-12-24T16:04:28.697,BUY,0.00323034,0.31111202
33440623,2017-12-24T16:04:28.697,BUY,0.00323038,0.68888798
33440645,2017-12-24T16:04:32.43,BUY,0.00323034,0.31111202
33440648,2017-12-24T16:04:33.007,SELL,0.00323034,0.31111202
33440649,2017-12-24T16:04:33.15,SELL,0.00323034,3.09565896
33440650,2017-12-24T16:04:33.227,SELL,0.00323034,58.37246006
33440651,2017-12-24T16:04:33.4,SELL,0.00323034,33.96870561
33440655,2017-12-24T16:04:33.773,BUY,0.00321037,4.88
33440659,2017-12-24T16:04:34.117,SELL,0.00318523,3.09556039
33440660,2017-12-24T16:04:34.117,SELL,0.00318522,0.31394987
33440661,2017-12-24T16:04:34.117,SELL,0.00318521,2.14711816
33440662,2017-12-24T16:04:34.117,SELL,0.00318521,10.0
33440663,2017-12-24T16:04:34.133,SELL,0.0031852,3.13952028
33440664,2017-12-24T16:04:34.133,SELL,0.0031852,31.473
33440665,2017-12-24T16:04:34.133,SELL,0.00318519,8.07450511
33440666,2017-12-24T16:04:34.133,SELL,0.00318509,0.89959512
33440674,2017-12-24T16:04:36.117,BUY,0.00320032,1.70872171
33440676,2017-12-24T16:04:36.163,BUY,0.00320032,2.0
33440679,2017-12-24T16:04:36.43,BUY,0.00320032,20.01999999
33440681,2017-12-24T16:04:36.57,BUY,0.00320032,10.0
33440683,2017-12-24T16:04:36.743,BUY,0.00320032,10.0
33440686,2017-12-24T16:04:36.883,BUY,0.00320032,1.0
33440688,2017-12-24T16:04:36.977,BUY,0.00320032,4.8804443
33440690,2017-12-24T16:04:37.07,BUY,0.00321037,1.0
33440701,2017-12-24T16:04:38.163,BUY,0.00321037,14.0
33440710,2017-12-24T16:04:39.133,SELL,0.00320032,5.1195557
33440711,2017-12-24T16:04:39.133,SELL,0.00320032,16.35
33440712,2017-12-24T16:04:39.133,SELL,0.00320032,10.0
33440720,2017-12-24T16:04:40.07,BUY,0.0032,2.0
33440767,2017-12-24T16:04:48.43,BUY,0.0032,0.38774031
33440795,2017-12-24T16:04:55.71,BUY,0.0032101,10.0
33440798,2017-12-24T16:04:56.197,SELL,0.00320001,9.0
33440801,2017-12-24T16:04:56.977,BUY,0.0032101,10.0
33440804,2017-12-24T16:04:57.553,BUY,0.0032101,16.0
33440807,2017-12-24T16:04:58.743,BUY,0.0032101,10.0
33440809,2017-12-24T16:04:58.947,BUY,0.0032101,10.0
33440822,2017-12-24T16:05:00.553,BUY,0.00321007,16.0
33440827,2017-12-24T16:05:02.743,BUY,0.00321007,1.85285546
33440828,2017-12-24T16:05:02.743,BUY,0.00321009,3.13952028
33440829,2017-12-24T16:05:02.743,BUY,0.0032101,47.49638615
33440830,2017-12-24T16:05:02.883,SELL,0.0032098,1.0
33440837,2017-12-24T16:05:03.18,BUY,0.00320001,2.0
33440852,2017-12-24T16:05:05.26,BUY,0.00320001,10.0
33440856,2017-12-24T16:05:05.79,BUY,0.00320001,16.0
33440858,2017-12-24T16:05:05.82,BUY,0.00320001,17.0
33440905,2017-12-24T16:05:16.43,BUY,0.00321001,10.0
33440907,2017-12-24T16:05:16.557,BUY,0.00321001,10.0
33440927,2017-12-24T16:05:24.617,BUY,0.00321001,10.0
33440942,2017-12-24T16:05:29.197,BUY,0.00321,3.1152648
33440943,2017-12-24T16:05:29.197,BUY,0.00321,1.7247352
33440959,2017-12-24T16:05:33.087,BUY,0.00321,14.41752627
33440963,2017-12-24T16:05:34.15,BUY,0.00321,1.0
33440979,2017-12-24T16:05:40.087,BUY,0.00321,0.24212801
33440980,2017-12-24T16:05:40.243,SELL,0.00321,23.92778547
33441012,2017-12-24T16:05:49.04,BUY,0.00321001,2.1
33441015,2017-12-24T16:05:49.163,BUY,0.00321001,14.32802615
33441018,2017-12-24T16:05:50.57,SELL,0.00321,25.83008652
33441019,2017-12-24T16:05:50.587,SELL,0.00321,5.51206718
33441024,2017-12-24T16:05:52.46,SELL,0.00321,93.22429907
33441032,2017-12-24T16:05:55.087,BUY,0.00320999,0.5
33441039,2017-12-24T16:05:56.57,BUY,0.00320999,3.09
33441060,2017-12-24T16:06:00.71,BUY,0.00320999,8.61578141
33441093,2017-12-24T16:06:11.947,BUY,0.00320988,3.0
33441105,2017-12-24T16:06:15.727,BUY,0.00320988,0.37474913
33441106,2017-12-24T16:06:15.727,BUY,0.00320999,2.37213988
33441112,2017-12-24T16:06:17.07,BUY,0.00320999,3.09
33441154,2017-12-24T16:06:41.697,BUY,0.00320996,1.06
33441157,2017-12-24T16:06:42.54,BUY,0.00320996,19.59305674
33441196,2017-12-24T16:06:51.93,BUY,0.00320996,4.66464277
33441202,2017-12-24T16:06:53.32,BUY,0.00320996,1.0
33441349,2017-12-24T16:07:53.59,SELL,0.00320001,1.79
33441350,2017-12-24T16:07:53.59,SELL,0.00320001,1.0
33441351,2017-12-24T16:07:53.59,SELL,0.00320001,1.1
33441376,2017-12-24T16:08:04.48,SELL,0.0032,0.61225969
33441377,2017-12-24T16:08:04.48,SELL,0.0032,0.21554862
33441385,2017-12-24T16:08:08.12,BUY,0.0032,1.00400299
33441393,2017-12-24T16:08:10.887,BUY,0.0032,10.0
33441395,2017-12-24T16:08:11.073,BUY,0.0032,10.0
33441397,2017-12-24T16:08:11.98,BUY,0.0032,36.9671667
33441398,2017-12-24T16:08:11.98,BUY,0.00320001,5.62323891
33441399,2017-12-24T16:08:11.98,BUY,0.00320994,122.81291193
33441400,2017-12-24T16:08:11.98,BUY,0.00320996,9.0
33441401,2017-12-24T16:08:11.98,BUY,0.00320996,1.635
33441402,2017-12-24T16:08:11.98,BUY,0.00320996,27.04006074
33441403,2017-12-24T16:08:11.98,BUY,0.00320999,5.00167088
33441404,2017-12-24T16:08:11.98,BUY,0.00321,95.19605084
33441443,2017-12-24T16:08:21.62,SELL,0.0032,0.99428358
33441458,2017-12-24T16:08:27.4,BUY,0.00320994,10.0
33441462,2017-12-24T16:08:27.807,BUY,0.00320994,9.00571642
33441467,2017-12-24T16:08:28.62,BUY,0.00320994,30.85052325
33441468,2017-12-24T16:08:28.62,BUY,0.00320996,8.58868146
33441469,2017-12-24T16:08:28.62,BUY,0.00321,61.14908909
33441470,2017-12-24T16:08:28.62,BUY,0.00322995,27.903
33441471,2017-12-24T16:08:28.62,BUY,0.00322999,174.8844062
33441506,2017-12-24T16:08:35.2,SELL,0.0032,1.63364697
33441581,2017-12-24T16:08:49.573,SELL,0.0032,0.67355066
33441588,2017-12-24T16:08:50.387,BUY,0.0031999,0.63282092
33441593,2017-12-24T16:08:50.557,BUY,0.0031999,55.71167983
33441620,2017-12-24T16:08:54.2,SELL,0.00321589,12.53171993
33441797,2017-12-24T16:09:39.403,BUY,0.003207,1.5
33441798,2017-12-24T16:09:40.137,SELL,0.0032,0.46758104
33441868,2017-12-24T16:10:10.297,BUY,0.0032,56.73173667
33441879,2017-12-24T16:10:15.297,BUY,0.0032,28.86189214
33441891,2017-12-24T16:10:20.653,BUY,0.0032,12.27821191
33441895,2017-12-24T16:10:22.06,BUY,0.0032,50.0
33441949,2017-12-24T16:10:38.577,BUY,0.00319995,10.0
33441957,2017-12-24T16:10:39.687,BUY,0.00319995,10.0
33441969,2017-12-24T16:10:41.263,BUY,0.00319995,0.32849438
33441990,2017-12-24T16:10:45.873,BUY,0.00319995,15.36664032
33442109,2017-12-24T16:11:15.11,BUY,0.00319995,1.58460393
33442152,2017-12-24T16:11:31.61,BUY,0.00319995,1.41539607
33442153,2017-12-24T16:11:31.61,BUY,0.00319995,1.55776701
33442154,2017-12-24T16:11:31.61,BUY,0.00319995,1.99984036
33442174,2017-12-24T16:11:37.97,BUY,0.0032,303.1315
33442212,2017-12-24T16:11:49.827,BUY,0.0032,8.0794046
33442217,2017-12-24T16:11:51,BUY,0.0032,2.48615648
33442234,2017-12-24T16:11:54.233,BUY,0.0032,18.35619389
33442253,2017-12-24T16:11:58.093,BUY,0.0032,17.78253596
33442254,2017-12-24T16:11:58.093,BUY,0.0032,6.16156404
33442304,2017-12-24T16:12:09.72,BUY,0.0032,1.7
33442311,2017-12-24T16:12:10.657,BUY,0.0032,0.17156172
33442377,2017-12-24T16:12:38.597,BUY,0.0032,3.32233701
33442378,2017-12-24T16:12:38.597,BUY,0.0032,2.0
33442381,2017-12-24T16:12:39.063,BUY,0.00320999,0.20313797
33442382,2017-12-24T16:12:39.063,BUY,0.00321589,113.71122805
33442383,2017-12-24T16:12:39.063,BUY,0.00322692,70.131
33442384,2017-12-24T16:12:39.063,BUY,0.00322692,56.73173667
33442385,2017-12-24T16:12:39.063,BUY,0.00322693,61.97179731
33442512,2017-12-24T16:13:11.533,SELL,0.00320025,0.31247539
33442513,2017-12-24T16:13:11.533,SELL,0.00320014,11.07337076
33442516,2017-12-24T16:13:12.05,SELL,0.00320014,11.41447201
33442557,2017-12-24T16:13:24.737,BUY,0.00320994,35.477
33442559,2017-12-24T16:13:24.753,BUY,0.00320994,14.12717352
33442610,2017-12-24T16:14:04.787,BUY,0.0032099,15.0
33442616,2017-12-24T16:14:06.177,BUY,0.0032099,20.56723832
33442621,2017-12-24T16:14:07.097,BUY,0.0032099,3.14318747
33442652,2017-12-24T16:14:16.207,BUY,0.0032099,2.0
33442659,2017-12-24T16:14:18.333,BUY,0.0032099,8.98673115
33442660,2017-12-24T16:14:18.333,BUY,0.0032099,8.05114395
33442674,2017-12-24T16:14:23.66,BUY,0.0032099,0.59675354
33442725,2017-12-24T16:14:49.02,BUY,0.00320988,26.06083248
33442729,2017-12-24T16:14:52.253,SELL,0.00320988,67.77124139
33442745,2017-12-24T16:14:58.833,SELL,0.00320988,5.93389366
33442748,2017-12-24T16:15:01.973,SELL,0.00320988,8.59460553
33442767,2017-12-24T16:15:22.817,BUY,0.00320988,0.37384575
33442769,2017-12-24T16:15:23.707,BUY,0.00320988,0.31153813
33442772,2017-12-24T16:15:27.583,BUY,0.00320988,3.43475056
33442778,2017-12-24T16:15:41.77,BUY,0.00320988,37.11249624
33442779,2017-12-24T16:15:41.77,BUY,0.00320988,28.03655237
33442791,2017-12-24T16:15:48.567,BUY,0.00320988,3.46537608
33442807,2017-12-24T16:16:05.507,BUY,0.00320986,4.3552
33442823,2017-12-24T16:16:12.38,SELL,0.00320014,4.06502154
33442824,2017-12-24T16:16:12.38,SELL,0.00320001,15.93497846
33442864,2017-12-24T16:16:34.38,BUY,0.00320014,6.25940789
33442880,2017-12-24T16:16:38.727,SELL,0.00320001,5.28228453
33442883,2017-12-24T16:16:39.1,BUY,0.0032,8.68837216
33442911,2017-12-24T16:16:46.32,SELL,0.00319995,10.61317759
33442912,2017-12-24T16:16:46.32,SELL,0.00319995,0.99007157
33442920,2017-12-24T16:16:49.18,BUY,0.00319995,10.0
33442927,2017-12-24T16:16:49.977,BUY,0.00319995,10.0
33442934,2017-12-24T16:16:51.037,BUY,0.00319995,10.0
33442939,2017-12-24T16:16:51.553,BUY,0.00319995,8.37529864
33442940,2017-12-24T16:16:51.553,BUY,0.0032,1.62470136
33442978,2017-12-24T16:17:01.337,SELL,0.0031905,10.0
33442979,2017-12-24T16:17:01.337,SELL,0.00319049,18.74555242
33442988,2017-12-24T16:17:03.523,BUY,0.0032,2.0
33443007,2017-12-24T16:17:12.07,BUY,0.0032,3.806463
33443008,2017-12-24T16:17:12.07,BUY,0.0032,2.48897302
33443009,2017-12-24T16:17:12.07,BUY,0.00320014,2.55746611
33443010,2017-12-24T16:17:12.07,BUY,0.00320017,7.00448081
33443011,2017-12-24T16:17:12.07,BUY,0.0032098,0.51449998
33443015,2017-12-24T16:17:13.227,SELL,0.003195,2.1874297
33443016,2017-12-24T16:17:13.227,SELL,0.00319001,16.93722869
33443114,2017-12-24T16:17:55.977,SELL,0.00319002,10.0
33443115,2017-12-24T16:17:55.977,SELL,0.00319001,16.77477635
33443123,2017-12-24T16:17:57.65,SELL,0.00319001,2.08708488
33443126,2017-12-24T16:17:59.133,BUY,0.00320978,20.0
33443201,2017-12-24T16:18:20.54,BUY,0.00320972,1.83330904
33443248,2017-12-24T16:18:37.963,BUY,0.00320965,0.95085263
33443254,2017-12-24T16:18:39.603,BUY,0.00320965,1.54736934
33443258,2017-12-24T16:18:40.79,SELL,0.00319001,67.39025116
33443259,2017-12-24T16:18:40.79,SELL,0.00319001,138.12218836
33443260,2017-12-24T16:18:40.79,SELL,0.00319001,54.02089872
33443261,2017-12-24T16:18:40.79,SELL,0.00319001,95.96649377
33443262,2017-12-24T16:18:40.79,SELL,0.00319001,10.04558057
33443263,2017-12-24T16:18:40.79,SELL,0.003189,0.49069179
33443264,2017-12-24T16:18:40.79,SELL,0.00318509,2.50040488
33443265,2017-12-24T16:18:40.79,SELL,0.00318509,3.4
33443266,2017-12-24T16:18:40.79,SELL,0.00318509,3.4
33443267,2017-12-24T16:18:40.79,SELL,0.00318509,10.0
33443268,2017-12-24T16:18:40.79,SELL,0.00318401,4.71104048
33443269,2017-12-24T16:18:40.79,SELL,0.0031833,0.9368961
33443270,2017-12-24T16:18:40.807,SELL,0.00318266,29.05308571
33443279,2017-12-24T16:18:42.057,BUY,0.00318266,21.178448
33443282,2017-12-24T16:18:42.277,BUY,0.00318266,58.78402046
33443293,2017-12-24T16:18:43.23,BUY,0.00320965,16.0
33443303,2017-12-24T16:18:43.807,BUY,0.00320965,4.0
33443319,2017-12-24T16:18:45.683,BUY,0.00320965,12.05048351
33443329,2017-12-24T16:18:46.777,SELL,0.00318324,15.7475851
33443330,2017-12-24T16:18:46.777,SELL,0.00318267,3.11779007
33443331,2017-12-24T16:18:46.777,SELL,0.00318267,10.0
33443332,2017-12-24T16:18:46.777,SELL,0.00318266,5.6
33443333,2017-12-24T16:18:46.777,SELL,0.00318266,10.0
33443334,2017-12-24T16:18:46.777,SELL,0.00318266,10.0
33443335,2017-12-24T16:18:46.777,SELL,0.00318266,10.0
33443336,2017-12-24T16:18:46.777,SELL,0.00318266,10.0
33443337,2017-12-24T16:18:46.777,SELL,0.00318266,0.940336
33443338,2017-12-24T16:18:46.777,SELL,0.00318266,1.059
33443342,2017-12-24T16:18:47.027,BUY,0.00318266,18.81441405
33443408,2017-12-24T16:19:10.603,SELL,0.00318303,33.603
33443409,2017-12-24T16:19:10.603,SELL,0.00318302,31.33835899
33443410,2017-12-24T16:19:10.603,SELL,0.00318301,31.953
33443411,2017-12-24T16:19:10.603,SELL,0.003183,32.51395907
33443412,2017-12-24T16:19:10.603,SELL,0.00318276,0.31419253
33443413,2017-12-24T16:19:10.603,SELL,0.00318266,45.32503101
33443414,2017-12-24T16:19:10.603,SELL,0.00318266,11.35091863
33443415,2017-12-24T16:19:10.603,SELL,0.00318173,23.93635066
33443416,2017-12-24T16:19:10.603,SELL,0.00318173,11.54536308
33443417,2017-12-24T16:19:10.603,SELL,0.00318173,10.0
33443418,2017-12-24T16:19:10.603,SELL,0.00318,0.18820755
33443419,2017-12-24T16:19:10.603,SELL,0.00318,1.90241757
33443422,2017-12-24T16:19:10.95,BUY,0.00318,10.0
33443425,2017-12-24T16:19:11.417,BUY,0.00318,0.30782632
33443428,2017-12-24T16:19:11.807,SELL,0.0031795,0.75
33443429,2017-12-24T16:19:11.807,SELL,0.00317947,1.47408957
33443430,2017-12-24T16:19:11.823,SELL,0.00317506,11.899852
33443431,2017-12-24T16:19:11.823,SELL,0.00317504,3.33316568
33443432,2017-12-24T16:19:11.823,SELL,0.003175,8.19999999
33443433,2017-12-24T16:19:11.823,SELL,0.00317471,0.74669297
33443434,2017-12-24T16:19:11.823,SELL,0.00317471,0.33898593
33443435,2017-12-24T16:19:11.823,SELL,0.00317213,10.0
33443436,2017-12-24T16:19:11.823,SELL,0.00317213,1.60797185
33443437,2017-12-24T16:19:11.823,SELL,0.003172,15.0
33443438,2017-12-24T16:19:11.823,SELL,0.00317089,3.08569549
33443439,2017-12-24T16:19:11.823,SELL,0.00317026,9.11954652
33443441,2017-12-24T16:19:12.497,BUY,0.00318,68.00996408
33443443,2017-12-24T16:19:12.713,BUY,0.00318,34.3586
33443447,2017-12-24T16:19:13.167,BUY,0.00318,6.58558594
33443454,2017-12-24T16:19:13.933,BUY,0.00318,146.7672
33443459,2017-12-24T16:19:14.137,BUY,0.00318,2.457e-05
33443468,2017-12-24T16:19:16.01,BUY,0.00320959,4.0
33443485,2017-12-24T16:19:20.667,BUY,0.00320956,4.66183734
33443497,2017-12-24T16:19:25.98,BUY,0.00320952,11.08574776
33443498,2017-12-24T16:19:25.98,BUY,0.00320955,31.33835899
33443499,2017-12-24T16:19:25.98,BUY,0.00320955,13.99999457
33443511,2017-12-24T16:19:29.497,BUY,0.00320945,10.0
33443513,2017-12-24T16:19:29.81,BUY,0.00320945,5.42307016
33443514,2017-12-24T16:19:29.81,BUY,0.00320959,4.57692984
33443525,2017-12-24T16:19:32.4,BUY,0.00320956,10.0
33443543,2017-12-24T16:19:37.293,BUY,0.00320956,2.78649183
33443547,2017-12-24T16:19:38.933,SELL,0.00320956,3.11569187
33443549,2017-12-24T16:19:40.247,SELL,0.00320956,9.0978163
33443584,2017-12-24T16:19:53.06,BUY,0.00320954,6.9928835
33443592,2017-12-24T16:19:56.26,SELL,0.00320945,33.10235817
33443593,2017-12-24T16:19:56.31,SELL,0.00318278,7.86476847
33443594,2017-12-24T16:19:56.31,SELL,0.00318278,3.5586575
33443597,2017-12-24T16:19:56.56,SELL,0.00318,0.69135835
33443626,2017-12-24T16:20:06.013,BUY,0.00320942,20.0
33443671,2017-12-24T16:20:25.017,BUY,0.00320922,0.54871482
33443676,2017-12-24T16:20:25.89,BUY,0.00320922,1.41153074
33443696,2017-12-24T16:20:30.64,BUY,0.00320502,16.05749916
33443732,2017-12-24T16:20:40.657,BUY,0.00320494,10.5976
33443735,2017-12-24T16:20:41.733,BUY,0.00320494,0.71668281
33443749,2017-12-24T16:20:43.97,BUY,0.00320102,2.971
33443753,2017-12-24T16:20:45.623,BUY,0.00320102,0.28653748
33443755,2017-12-24T16:20:45.83,BUY,0.00320102,23.29149189
33443759,2017-12-24T16:20:46.907,SELL,0.00320103,11.28110811
33443760,2017-12-24T16:20:46.907,SELL,0.00319,2.8
33443761,2017-12-24T16:20:46.907,SELL,0.00318447,15.70938887
33443762,2017-12-24T16:20:46.907,SELL,0.00318282,10.34231262
33443763,2017-12-24T16:20:46.907,SELL,0.0031828,9.18576275
33443764,2017-12-24T16:20:46.907,SELL,0.00318278,20.04
33443765,2017-12-24T16:20:46.907,SELL,0.00318029,24.62432765
33443778,2017-12-24T16:20:49.33,BUY,0.00320002,9.6686
33443784,2017-12-24T16:20:51.313,BUY,0.00320002,2.7113
33443789,2017-12-24T16:20:53.907,BUY,0.00320002,0.7592
33443797,2017-12-24T16:20:55.877,BUY,0.00320002,7.2199
33443799,2017-12-24T16:20:56.58,BUY,0.00320002,15.39315235
33443805,2017-12-24T16:20:59.11,BUY,0.00320002,8.8908
33443810,2017-12-24T16:21:02.33,BUY,0.00320002,10.0
33443819,2017-12-24T16:21:05,BUY,0.00320001,2.4894
33443824,2017-12-24T16:21:05.423,BUY,0.00320001,0.46493808
33443830,2017-12-24T16:21:06.75,BUY,0.00320001,6.48542178
33443831,2017-12-24T16:21:06.75,BUY,0.00320002,30.80666069
33443832,2017-12-24T16:21:06.75,BUY,0.00320002,13.80411753
33443868,2017-12-24T16:21:13.83,BUY,0.0032,0.56077529
33443869,2017-12-24T16:21:13.83,BUY,0.00320001,3.43922471
33443903,2017-12-24T16:21:24.907,BUY,0.00319991,8.8343779
33443907,2017-12-24T16:21:26.453,SELL,0.00318001,3.51722962
33443931,2017-12-24T16:21:29.97,BUY,0.00319991,79.4649761
33443979,2017-12-24T16:21:38.47,BUY,0.00319984,13.9765
33443989,2017-12-24T16:21:40.563,BUY,0.00319984,3.9134
33444010,2017-12-24T16:21:45.203,BUY,0.00319977,86.05305414
33444011,2017-12-24T16:21:45.203,BUY,0.00319982,21.56077529
33444012,2017-12-24T16:21:45.203,BUY,0.00319984,32.39461302
33444013,2017-12-24T16:21:45.203,BUY,0.00320494,2.0
33444014,2017-12-24T16:21:45.203,BUY,0.00320525,5.20472328
33444015,2017-12-24T16:21:45.203,BUY,0.00320939,157.20863427
33444028,2017-12-24T16:21:49.39,SELL,0.00319984,5.0
33444039,2017-12-24T16:21:54.22,BUY,0.00319984,2.18841136
33444089,2017-12-24T16:22:09.003,SELL,0.00319984,0.85690358
33444092,2017-12-24T16:22:10.363,SELL,0.00319984,2.31299692
33444116,2017-12-24T16:22:17.63,BUY,0.00319984,5.79007285
33444137,2017-12-24T16:22:22.19,SELL,0.00319977,19.92329937
33444138,2017-12-24T16:22:22.19,SELL,0.00319977,10.0
33444157,2017-12-24T16:22:30.52,SELL,0.00318068,10.0
33444158,2017-12-24T16:22:30.52,SELL,0.00318067,1.33226292
33444160,2017-12-24T16:22:30.63,BUY,0.00319977,9.3520301
33444162,2017-12-24T16:22:30.74,BUY,0.00319977,0.71493782
33444180,2017-12-24T16:22:34.16,BUY,0.00319977,10.29035754
33444195,2017-12-24T16:22:39.973,BUY,0.00319984,16.89693023
33444196,2017-12-24T16:22:39.973,BUY,0.00319984,2.70706977
33444198,2017-12-24T16:22:40.1,BUY,0.00319984,0.00030934
33444212,2017-12-24T16:22:41.817,BUY,0.00320929,1.358
33444229,2017-12-24T16:22:43.74,BUY,0.00320929,0.00058703
33444230,2017-12-24T16:22:43.74,BUY,0.0032093,11.41341297
33444238,2017-12-24T16:22:44.317,BUY,0.0032093,4.2959759
33444255,2017-12-24T16:22:47.287,SELL,0.00319977,0.64891375
33444256,2017-12-24T16:22:47.287,SELL,0.00319977,5.0
33444257,2017-12-24T16:22:47.287,SELL,0.00318332,15.70687207
33444258,2017-12-24T16:22:47.287,SELL,0.00318069,3.14338488
33444259,2017-12-24T16:22:47.287,SELL,0.00318068,1.0
33444260,2017-12-24T16:22:47.287,SELL,0.00318067,1.6228534
33444287,2017-12-24T16:22:51.723,BUY,0.00320929,3.115954
33444288,2017-12-24T16:22:51.723,BUY,0.0032093,4.254046
33444295,2017-12-24T16:22:53.583,SELL,0.00319978,6.29137361
33444306,2017-12-24T16:22:55.8,SELL,0.00319978,4.87542538
33444320,2017-12-24T16:22:58.927,SELL,0.00319978,20.39593117
33444321,2017-12-24T16:22:58.927,SELL,0.00319978,2.54167546
33444332,2017-12-24T16:23:01.693,BUY,0.00320923,3.251
33444346,2017-12-24T16:23:07.507,SELL,0.00319978,1.8270515
33444347,2017-12-24T16:23:07.507,SELL,0.00318305,7.50588484
33444348,2017-12-24T16:23:07.507,SELL,0.00318191,3.11533557
33444349,2017-12-24T16:23:07.507,SELL,0.0031819,25.0
33444350,2017-12-24T16:23:07.507,SELL,0.00318169,4.26703345
33444351,2017-12-24T16:23:07.507,SELL,0.00318067,8.51997562
33444372,2017-12-24T16:23:18.63,BUY,0.00320916,3.116
33444392,2017-12-24T16:23:24.16,SELL,0.00319978,7.94823884
33444395,2017-12-24T16:23:26.27,BUY,0.00320914,1.692
33444398,2017-12-24T16:23:28.287,SELL,0.00319978,84.41810454
33444399,2017-12-24T16:23:28.287,SELL,0.00319978,0.95698924
33444424,2017-12-24T16:23:38.193,BUY,0.00319978,1.3
33444444,2017-12-24T16:23:42.223,BUY,0.0032091,9.5535
33444447,2017-12-24T16:23:43.897,SELL,0.00319979,6.74778042
33444449,2017-12-24T16:23:43.913,BUY,0.00320908,14.586
33444462,2017-12-24T16:23:48.21,SELL,0.00319999,5.0
33444465,2017-12-24T16:23:49.303,SELL,0.00319999,84.09003955
33444466,2017-12-24T16:23:49.303,SELL,0.00319979,1.53351958
33444467,2017-12-24T16:23:49.303,SELL,0.003186,3.46648042
33444477,2017-12-24T16:23:54.723,SELL,0.00318601,3.11195565
33444478,2017-12-24T16:23:54.723,SELL,0.003186,3.33767441
33444483,2017-12-24T16:23:56.007,BUY,0.00320895,8.3361
33444517,2017-12-24T16:24:05.21,BUY,0.003189,20.04
33444520,2017-12-24T16:24:05.663,BUY,0.003189,10.0
33444527,2017-12-24T16:24:07.507,BUY,0.003189,11.66
33444531,2017-12-24T16:24:08.023,BUY,0.00318899,16.0
33444535,2017-12-24T16:24:09.083,BUY,0.00318899,20.04
33444537,2017-12-24T16:24:09.287,BUY,0.00318899,10.0
33444542,2017-12-24T16:24:09.943,SELL,0.00318604,3.93217347
33444545,2017-12-24T16:24:10.397,BUY,0.00318899,2.268
33444547,2017-12-24T16:24:10.553,BUY,0.003189,2.0
33444553,2017-12-24T16:24:13.1,BUY,0.003189,6.3729995
33444607,2017-12-24T16:24:29.82,SELL,0.00318901,2.0
33444653,2017-12-24T16:24:53.32,BUY,0.00320793,11.18756109
33444654,2017-12-24T16:24:53.943,SELL,0.00318901,2.0
33444685,2017-12-24T16:25:11.6,BUY,0.0032,3.0464
33444701,2017-12-24T16:25:22.133,BUY,0.0032,10.86451293
33444702,2017-12-24T16:25:22.133,BUY,0.0032,0.05088707
33444715,2017-12-24T16:25:33.303,BUY,0.0032,27.16991895
33444723,2017-12-24T16:25:37.493,BUY,0.00320791,3.11729444
33444724,2017-12-24T16:25:37.493,BUY,0.00320792,24.04930556
33444730,2017-12-24T16:25:41.337,SELL,0.00320791,17.46113347
33444734,2017-12-24T16:25:42.07,BUY,0.00320792,11.7488
33444735,2017-12-24T16:25:42.163,SELL,0.0032,13.52808728
33444745,2017-12-24T16:25:44.227,BUY,0.0032,3.2978
33444750,2017-12-24T16:25:46.087,SELL,0.00318901,15.12208526
33444754,2017-12-24T16:25:46.367,BUY,0.0032,14.16333347
33444774,2017-12-24T16:25:51.023,BUY,0.00320783,11.9744
33444780,2017-12-24T16:25:52.603,SELL,0.00320001,4.20266653
33444782,2017-12-24T16:25:53.01,BUY,0.00320783,0.9829
33444805,2017-12-24T16:25:57.96,BUY,0.0032,6.0
33444806,2017-12-24T16:25:57.977,BUY,0.00320782,26.32427049
33444807,2017-12-24T16:25:57.977,BUY,0.00320783,4.76092951
33444820,2017-12-24T16:26:01.93,BUY,0.0032,5.92300714
33444833,2017-12-24T16:26:05.727,BUY,0.0032,4.72
33444846,2017-12-24T16:26:11.07,BUY,0.0032,0.00940114
33444847,2017-12-24T16:26:11.07,BUY,0.0032,4.39059886
33444855,2017-12-24T16:26:13.523,BUY,0.0032,0.00940114
33444856,2017-12-24T16:26:13.523,BUY,0.00320781,3.12819886
33444867,2017-12-24T16:26:16.477,BUY,0.00319999,1.0
33444877,2017-12-24T16:26:19.667,BUY,0.00319999,6.21919627
33444895,2017-12-24T16:26:26.133,BUY,0.00319997,8.45
33444901,2017-12-24T16:26:27.37,BUY,0.00319997,10.0
33444916,2017-12-24T16:26:30.667,BUY,0.00319997,4.0122
33444920,2017-12-24T16:26:31.01,BUY,0.00319997,9.69759431
33444926,2017-12-24T16:26:32.57,BUY,0.00319999,8.45229357
33444927,2017-12-24T16:26:32.57,BUY,0.00320781,6.04770643
33444961,2017-12-24T16:26:43.48,SELL,0.00319999,1.0
33444962,2017-12-24T16:26:43.48,SELL,0.00319997,0.30240569
33444967,2017-12-24T16:26:44.01,BUY,0.0032076,15.0002
33444982,2017-12-24T16:26:49.18,SELL,0.00319997,10.0
33444992,2017-12-24T16:26:54.243,BUY,0.00319999,2.34
33445001,2017-12-24T16:26:56.48,BUY,0.00319999,2.34
33445003,2017-12-24T16:26:58.337,SELL,0.0031891,25.48287048
33445007,2017-12-24T16:26:59.697,BUY,0.00319999,2.33
33445008,2017-12-24T16:27:00.277,SELL,0.00318911,7.53529732
33445018,2017-12-24T16:27:02.277,BUY,0.00319999,0.93
33445020,2017-12-24T16:27:02.307,BUY,0.00319999,1.46702234
33445021,2017-12-24T16:27:02.307,BUY,0.00320758,3.57227766
33445028,2017-12-24T16:27:05.01,BUY,0.00320758,0.93
33445043,2017-12-24T16:27:14.59,BUY,0.00320758,3.1604
33445054,2017-12-24T16:27:21.59,BUY,0.00320756,10.0
33445056,2017-12-24T16:27:21.667,BUY,0.00320756,10.0
33445062,2017-12-24T16:27:23.073,BUY,0.00320755,10.0
33445064,2017-12-24T16:27:23.243,BUY,0.00320755,10.0
33445072,2017-12-24T16:27:24.933,BUY,0.00320755,39.7022
33445074,2017-12-24T16:27:25.057,BUY,0.00320755,0.231489
33445086,2017-12-24T16:27:30.637,BUY,0.00320745,10.0
33445088,2017-12-24T16:27:30.667,BUY,0.00320745,10.0
33445098,2017-12-24T16:27:32.277,BUY,0.00320745,10.0
33445105,2017-12-24T16:27:34.683,BUY,0.00320745,10.0
33445108,2017-12-24T16:27:35.027,BUY,0.00320745,8.8633
33445127,2017-12-24T16:27:39.76,BUY,0.0032073,10.0
33445131,2017-12-24T16:27:40.137,BUY,0.0032073,10.0
33445133,2017-12-24T16:27:40.4,BUY,0.0032073,10.0
33445152,2017-12-24T16:27:47.12,BUY,0.00320045,1.206107
33445159,2017-12-24T16:27:47.963,BUY,0.00320727,1.0
33445161,2017-12-24T16:27:48.04,BUY,0.00320727,10.0
33445170,2017-12-24T16:27:49.29,BUY,0.00320727,10.0
33445172,2017-12-24T16:27:49.29,BUY,0.00320727,5.47604066
33445173,2017-12-24T16:27:49.29,BUY,0.00320729,4.52395934
33445174,2017-12-24T16:27:49.713,SELL,0.00320045,20.04
33445181,2017-12-24T16:27:51.057,SELL,0.00320045,20.04
33445184,2017-12-24T16:27:51.103,SELL,0.0032,20.04
33445190,2017-12-24T16:27:52.37,SELL,0.0032,7.33175518
33445191,2017-12-24T16:27:52.387,SELL,0.00318992,20.04
33445193,2017-12-24T16:27:52.45,BUY,0.00320045,1.62697988
33445194,2017-12-24T16:27:52.45,BUY,0.00320729,13.84982012
33445201,2017-12-24T16:27:53.4,BUY,0.0032,2.0
33445206,2017-12-24T16:27:53.963,BUY,0.0032,1.63
33445213,2017-12-24T16:27:55.26,BUY,0.0032,7.0
33445229,2017-12-24T16:27:59.87,SELL,0.00318995,1.5375846
33445237,2017-12-24T16:28:06.323,BUY,0.0032,10.0
33445239,2017-12-24T16:28:06.603,BUY,0.0032,10.0
33445241,2017-12-24T16:28:06.65,BUY,0.0032,10.0
33445243,2017-12-24T16:28:06.667,BUY,0.0032,6.78175518
33445245,2017-12-24T16:28:06.95,BUY,0.00320054,24.4373
33445247,2017-12-24T16:28:08.527,BUY,0.00320054,20.88773101
33445248,2017-12-24T16:28:08.527,BUY,0.00320729,4.11226899
33445256,2017-12-24T16:28:14.073,BUY,0.00320729,122.30685224
33445262,2017-12-24T16:28:16.81,BUY,0.00320729,2.19157402
33445267,2017-12-24T16:28:18.183,SELL,0.0032,3.21824482
33445271,2017-12-24T16:28:19.2,BUY,0.00319,10.0
33445273,2017-12-24T16:28:19.573,BUY,0.00319,10.0
33445277,2017-12-24T16:28:20.073,BUY,0.00319,10.0
33445279,2017-12-24T16:28:20.34,BUY,0.00319,9.89
33445281,2017-12-24T16:28:20.48,BUY,0.00319,10.0
33445286,2017-12-24T16:28:23.277,BUY,0.00319,8.14175518
33445287,2017-12-24T16:28:23.277,BUY,0.0032,0.73452806
33445288,2017-12-24T16:28:23.293,BUY,0.00320028,22.77088686
33445289,2017-12-24T16:28:23.293,BUY,0.00320729,6.3429299
33445291,2017-12-24T16:28:24.12,SELL,0.00318991,1.03
33445292,2017-12-24T16:28:24.12,SELL,0.00318906,3.0
33445293,2017-12-24T16:28:24.12,SELL,0.00318906,6.59749376
33445304,2017-12-24T16:28:29.183,BUY,0.00319,2.07356434
33445306,2017-12-24T16:28:29.76,BUY,0.00319,0.92643566
33445307,2017-12-24T16:28:29.76,BUY,0.00319,9.07356434
33445312,2017-12-24T16:28:30.323,BUY,0.00319,0.10281468
33445326,2017-12-24T16:28:34.59,SELL,0.00319453,0.14054491
33445327,2017-12-24T16:28:34.59,SELL,0.0031901,0.54796114
33445337,2017-12-24T16:28:37.653,BUY,0.00320754,3.247
33445341,2017-12-24T16:28:38.683,SELL,0.0031901,6.81197427
33445345,2017-12-24T16:28:39.51,BUY,0.00318993,16.8929
33445349,2017-12-24T16:28:40.073,BUY,0.00318993,0.75296411
33445355,2017-12-24T16:28:41.403,BUY,0.00318993,4.73
33445358,2017-12-24T16:28:43.277,BUY,0.00318993,1.0
33445363,2017-12-24T16:28:44.37,BUY,0.00318993,1.3244
33445365,2017-12-24T16:28:44.683,BUY,0.00318993,9.39674637
33445369,2017-12-24T16:28:49.153,BUY,0.00318993,9.3343
33445371,2017-12-24T16:28:49.51,BUY,0.00318993,0.01142093
33445394,2017-12-24T16:29:07.763,SELL,0.00319011,5.75218494
33445395,2017-12-24T16:29:07.763,SELL,0.0031901,1.01626752
33445396,2017-12-24T16:29:07.763,SELL,0.00318994,7.52289424
33445410,2017-12-24T16:29:15.027,SELL,0.00318994,1.11978483
33445411,2017-12-24T16:29:15.027,SELL,0.00318993,0.71130299
33445413,2017-12-24T16:29:16.92,SELL,0.00318993,1.38303018
33445414,2017-12-24T16:29:16.92,SELL,0.00318993,16.66972901
33445415,2017-12-24T16:29:16.92,SELL,0.00318906,7.18495059
33445416,2017-12-24T16:29:16.92,SELL,0.00318906,31.27880943
33445419,2017-12-24T16:29:17.98,BUY,0.00318906,7.0
33445422,2017-12-24T16:29:18.293,BUY,0.00318906,7.8
33445426,2017-12-24T16:29:18.78,BUY,0.00318906,5.75185973
33445429,2017-12-24T16:29:19.95,BUY,0.00318906,10.0
33445431,2017-12-24T16:29:20.42,BUY,0.00318906,10.0
33445433,2017-12-24T16:29:20.513,BUY,0.00318906,10.0
33445435,2017-12-24T16:29:20.56,BUY,0.00318906,10.0
33445437,2017-12-24T16:29:20.683,BUY,0.00318906,3.0
33445440,2017-12-24T16:29:21.043,BUY,0.00318906,10.0
33445443,2017-12-24T16:29:21.23,BUY,0.00318906,10.0
33445445,2017-12-24T16:29:21.403,BUY,0.00318906,1.23663093
33445446,2017-12-24T16:29:21.403,BUY,0.00320728,29.75676907
33445454,2017-12-24T16:29:22.7,SELL,0.00318906,3.0
33445459,2017-12-24T16:29:22.95,BUY,0.00320728,16.0
33445470,2017-12-24T16:29:25.78,SELL,0.00318906,8.25
33445471,2017-12-24T16:29:25.78,SELL,0.00318906,0.07204162
33445505,2017-12-24T16:29:35.637,SELL,0.00319832,1.44990619
33445506,2017-12-24T16:29:35.637,SELL,0.00319012,10.0
33445507,2017-12-24T16:29:35.637,SELL,0.00319011,29.77664028
33445508,2017-12-24T16:29:35.637,SELL,0.00318906,1.17054086
33445515,2017-12-24T16:29:36.933,BUY,0.00320722,10.0
33445517,2017-12-24T16:29:37.09,BUY,0.00320722,10.0
33445522,2017-12-24T16:29:37.467,BUY,0.00319832,1.44990619
33445523,2017-12-24T16:29:37.467,BUY,0.00320722,7.30751133
33445543,2017-12-24T16:29:44.92,SELL,0.00318907,10.0
33445544,2017-12-24T16:29:44.92,SELL,0.00318906,5.47703856
33445561,2017-12-24T16:29:49.077,BUY,0.00318907,0.73145803
33445562,2017-12-24T16:29:49.077,BUY,0.00320522,0.26854197
33445616,2017-12-24T16:30:10.593,BUY,0.0032052,11.9912
33445626,2017-12-24T16:30:14.547,SELL,0.00318908,10.0
33445627,2017-12-24T16:30:14.547,SELL,0.00318907,0.31278711
33445628,2017-12-24T16:30:14.547,SELL,0.00318907,49.49098055
33445642,2017-12-24T16:30:20.89,BUY,0.00320217,8.2119
33445647,2017-12-24T16:30:22.17,BUY,0.00320217,0.24902488
33445658,2017-12-24T16:30:27.17,BUY,0.00320214,1.24404918
33445677,2017-12-24T16:30:33.763,BUY,0.00320017,14.21080538
33445678,2017-12-24T16:30:33.763,BUY,0.00320214,50.40639462
33445705,2017-12-24T16:30:48.597,BUY,0.00320212,0.98098361
33445706,2017-12-24T16:30:49.27,SELL,0.00319011,4.08269175
33445710,2017-12-24T16:30:49.8,BUY,0.0032021,3.1605
33445719,2017-12-24T16:30:52.41,BUY,0.0032021,7.43832985
33445726,2017-12-24T16:30:57.317,SELL,0.00319011,0.91730825
33445727,2017-12-24T16:30:57.317,SELL,0.00318907,39.65896758
33445728,2017-12-24T16:30:57.317,SELL,0.00318906,274.56719898
33445737,2017-12-24T16:30:59.537,BUY,0.00320197,0.44641559
33445759,2017-12-24T16:31:12.99,SELL,0.00319011,189.16158056
33445761,2017-12-24T16:31:14.037,BUY,0.00320186,45.4721
33445767,2017-12-24T16:31:16.69,SELL,0.00319011,139.86465083
33445795,2017-12-24T16:31:30.85,BUY,0.00320137,5.6773
33445803,2017-12-24T16:31:37.77,SELL,0.00319011,13.68587759
33445809,2017-12-24T16:31:40.99,BUY,0.00320079,7.4882
33445811,2017-12-24T16:31:44.253,SELL,0.00319011,2.50868931
33445822,2017-12-24T16:31:51.897,BUY,0.00320068,50.41881544
33445823,2017-12-24T16:31:51.897,BUY,0.00320079,0.06928456
33445829,2017-12-24T16:32:01.553,BUY,0.00320079,4.4211
33445830,2017-12-24T16:32:01.567,SELL,0.00319012,78.56312165
33445837,2017-12-24T16:32:12.053,BUY,0.00320078,6.6772
33445861,2017-12-24T16:32:27.427,SELL,0.00319012,0.46758104
33445864,2017-12-24T16:32:27.897,BUY,0.00320078,2.40153432
33445888,2017-12-24T16:32:35.82,BUY,0.00320078,17.2899
33445893,2017-12-24T16:32:39.257,BUY,0.00320078,23.3609
33445896,2017-12-24T16:32:41.07,BUY,0.00320078,6.5411
33445901,2017-12-24T16:32:43.49,BUY,0.00320078,1.8315
33445903,2017-12-24T16:32:45.74,BUY,0.00320078,68.71400022
33445904,2017-12-24T16:32:45.74,BUY,0.00320078,1.60649978
33445906,2017-12-24T16:32:45.82,BUY,0.00320078,2.15619953
33445907,2017-12-24T16:32:45.82,BUY,0.00320078,45.90550047
33445910,2017-12-24T16:32:47.49,BUY,0.00320078,37.3201
33445913,2017-12-24T16:32:49.21,BUY,0.00320078,1.56087211
33445923,2017-12-24T16:32:51.757,BUY,0.0032014,2.3748
33445927,2017-12-24T16:32:53.507,SELL,0.00320079,4.52149251
33445928,2017-12-24T16:32:53.96,SELL,0.00320079,2.40053538
33445931,2017-12-24T16:32:55.52,BUY,0.00320078,0.6652
33445972,2017-12-24T16:33:13.257,SELL,0.00319869,0.35865515
33445988,2017-12-24T16:33:27.74,BUY,0.00319864,0.82074852
33445989,2017-12-24T16:33:27.74,BUY,0.00319869,27.00809091
33445998,2017-12-24T16:33:37.413,BUY,0.00319868,2.03825959
33446000,2017-12-24T16:33:40.367,BUY,0.00319868,5.0
33446004,2017-12-24T16:33:42.023,BUY,0.00319868,11.33836826
33446005,2017-12-24T16:33:42.023,SELL,0.00319012,68.07623735
33446008,2017-12-24T16:33:44.68,BUY,0.00319868,3.4015247
33446011,2017-12-24T16:33:46.727,BUY,0.00319866,1.57034383
33446013,2017-12-24T16:33:48.337,BUY,0.00319866,48.4277
33446016,2017-12-24T16:33:55.617,BUY,0.00319866,0.00195617
33446017,2017-12-24T16:33:55.617,BUY,0.00319868,0.29804383
33446024,2017-12-24T16:33:59.46,BUY,0.00319763,7.5688
33446026,2017-12-24T16:33:59.633,BUY,0.00319763,10.0
33446028,2017-12-24T16:34:00.383,BUY,0.00319763,10.0
33446030,2017-12-24T16:34:00.523,BUY,0.00319763,10.0
33446036,2017-12-24T16:34:04.49,BUY,0.00319763,2.0
33446039,2017-12-24T16:34:06.96,BUY,0.00319763,12.9274016
33446040,2017-12-24T16:34:06.96,BUY,0.00319763,2.44462293
33446041,2017-12-24T16:34:08.163,SELL,0.00319763,29.58460801
33446043,2017-12-24T16:34:11.1,BUY,0.00319868,9.40875713
33446044,2017-12-24T16:34:11.1,BUY,0.00319868,66.93784287
33446046,2017-12-24T16:34:13.867,SELL,0.00319763,1.83583563
33446047,2017-12-24T16:34:13.867,SELL,0.00319012,19.73669664
33446049,2017-12-24T16:34:17.993,SELL,0.00319012,146.76854688
33446050,2017-12-24T16:34:17.993,SELL,0.00319012,2.23735484
33446051,2017-12-24T16:34:17.993,SELL,0.00319012,2.0
33446052,2017-12-24T16:34:17.993,SELL,0.00319012,2.01361916
33446053,2017-12-24T16:34:17.993,SELL,0.00319011,124.77920171
33446054,2017-12-24T16:34:17.993,SELL,0.00319011,2.48595747
33446056,2017-12-24T16:34:18.757,BUY,0.00319011,16.0
33446060,2017-12-24T16:34:20.43,BUY,0.00319011,10.0
33446062,2017-12-24T16:34:20.867,BUY,0.00319011,10.0
33446064,2017-12-24T16:34:21.1,BUY,0.00319011,10.0
33446066,2017-12-24T16:34:21.79,BUY,0.00319011,8.02290539
33446067,2017-12-24T16:34:21.79,BUY,0.00319868,19.77129461
33446069,2017-12-24T16:34:22.46,BUY,0.00319868,16.0
33446073,2017-12-24T16:34:26.507,BUY,0.00319012,10.0
33446075,2017-12-24T16:34:27.243,BUY,0.00319012,7.0
33446077,2017-12-24T16:34:27.43,BUY,0.00319012,10.0
33446079,2017-12-24T16:34:28.913,BUY,0.00319012,20.04
33446081,2017-12-24T16:34:29.4,BUY,0.00319012,10.0
33446083,2017-12-24T16:34:29.43,BUY,0.00319012,6.39264419
33446096,2017-12-24T16:34:34.727,BUY,0.00319868,4.3323
33446107,2017-12-24T16:34:39.493,BUY,0.00319865,10.0
33446108,2017-12-24T16:34:41.04,SELL,0.00319012,2.7
33446110,2017-12-24T16:34:41.477,BUY,0.00319865,0.9915
33446116,2017-12-24T16:34:44.853,BUY,0.00319865,10.0
33446120,2017-12-24T16:34:45.353,BUY,0.00319865,16.1887
33446123,2017-12-24T16:34:45.523,BUY,0.00319865,10.0
33446127,2017-12-24T16:34:46.4,BUY,0.00319865,2.116662
33446133,2017-12-24T16:34:47.353,BUY,0.00319865,0.90735581
33446139,2017-12-24T16:34:48.477,BUY,0.00319865,0.2565817
33446152,2017-12-24T16:34:52.65,BUY,0.00319868,7.0375
33446159,2017-12-24T16:34:54.367,BUY,0.00319868,1.9705
33446161,2017-12-24T16:34:55.493,BUY,0.00319868,5.0
33446163,2017-12-24T16:34:55.867,BUY,0.00319868,0.27529435
33446165,2017-12-24T16:34:56.163,BUY,0.00319868,24.404
33446168,2017-12-24T16:34:57.383,BUY,0.00319868,75.5707
33446170,2017-12-24T16:34:57.9,BUY,0.00319868,6.8331
33446172,2017-12-24T16:34:59.617,BUY,0.00319868,6.8332
33446182,2017-12-24T16:35:07.917,BUY,0.00319868,29.2789
33446184,2017-12-24T16:35:11.46,BUY,0.00319868,24.38654051
33446186,2017-12-24T16:35:12.853,BUY,0.00319868,58.37
33446191,2017-12-24T16:35:18.087,BUY,0.00319868,68.28760032
33446192,2017-12-24T16:35:18.087,BUY,0.00319868,6.34580334
33446193,2017-12-24T16:35:18.087,BUY,0.00319869,19.88189214
33446194,2017-12-24T16:35:18.087,BUY,0.0032,15.3738042
33446196,2017-12-24T16:35:19.587,BUY,0.0032,11.3612
33446202,2017-12-24T16:35:27.65,BUY,0.00319868,3.05849086
33446206,2017-12-24T16:35:30.633,BUY,0.00319868,3.54150914
33446207,2017-12-24T16:35:30.633,BUY,0.0032,2.77409086
33446211,2017-12-24T16:35:35.62,SELL,0.00319866,24.8777183
33446213,2017-12-24T16:35:37.383,BUY,0.00319866,25.1683
33446215,2017-12-24T16:35:37.463,BUY,0.00319866,0.30967781
33446219,2017-12-24T16:35:39.4,BUY,0.00319999,3.43475056
33446220,2017-12-24T16:35:39.4,BUY,0.0032,3.61044944
33446223,2017-12-24T16:35:40.87,BUY,0.0032,3.1598
33446225,2017-12-24T16:35:41.197,BUY,0.0032,1.9727
33446228,2017-12-24T16:35:46.277,BUY,0.0032,46.8134
33446232,2017-12-24T16:35:48.197,BUY,0.0032,7.4073
33446234,2017-12-24T16:35:50.133,BUY,0.0032,2.0757
33446237,2017-12-24T16:35:51.073,BUY,0.0032,11.3822
33446243,2017-12-24T16:36:05.18,BUY,0.0032,1.6712687
33446252,2017-12-24T16:36:17.387,BUY,0.0032,0.23577899
33446254,2017-12-24T16:36:19.23,BUY,0.0032,15.1632
33446264,2017-12-24T16:36:25.713,BUY,0.0032,26.84741948
33446266,2017-12-24T16:36:27.307,BUY,0.0032,3.75
33446275,2017-12-24T16:36:36.62,BUY,0.0032,96.5253
33446277,2017-12-24T16:36:37.65,BUY,0.0032,1.028
33446283,2017-12-24T16:36:43.713,BUY,0.0032,42.3392
33446287,2017-12-24T16:36:46.137,BUY,0.0032,28.786
33446291,2017-12-24T16:36:47.76,BUY,0.0032,13.5957
33446309,2017-12-24T16:36:55.95,BUY,0.0032,20.061003
33446315,2017-12-24T16:36:57.543,BUY,0.0032,3.1557
33446351,2017-12-24T16:37:10.15,BUY,0.00319869,10.2228
33446362,2017-12-24T16:37:18.7,SELL,0.00319032,20.0
33446370,2017-12-24T16:37:33.2,BUY,0.00319869,9.4482
33446371,2017-12-24T16:37:35.543,SELL,0.00319032,293.61218356
33446372,2017-12-24T16:37:35.543,SELL,0.00319032,3.0
33446374,2017-12-24T16:37:37.293,BUY,0.00319032,3.38781644
33446381,2017-12-24T16:37:39.09,BUY,0.00319869,2.6961
33446409,2017-12-24T16:37:47.293,BUY,0.00319869,8.8194
33446414,2017-12-24T16:37:48.213,BUY,0.00319869,0.7549
33446416,2017-12-24T16:37:50.62,BUY,0.00319869,18.0586
33446417,2017-12-24T16:37:50.62,BUY,0.0032,3.9363
33446419,2017-12-24T16:37:56.483,BUY,0.0032,0.9151
33446423,2017-12-24T16:37:58.327,BUY,0.0032,0.9928
33446441,2017-12-24T16:38:10.937,BUY,0.0032,25.8627
33446470,2017-12-24T16:38:22.187,BUY,0.0032,7.32134195
33446472,2017-12-24T16:38:22.733,BUY,0.0032,47.8912
33446477,2017-12-24T16:38:24.64,BUY,0.0032,50.6889
33446485,2017-12-24T16:38:32.593,BUY,0.0032,43.87020087
33446486,2017-12-24T16:38:32.593,BUY,0.0032,3.0
33446487,2017-12-24T16:38:32.61,BUY,0.0032,14.0
33446488,2017-12-24T16:38:32.61,BUY,0.0032,1.54659913
33446489,2017-12-24T16:38:36.953,SELL,0.00319869,3.11846412
33446490,2017-12-24T16:38:36.953,SELL,0.00319869,12.00385734
33446494,2017-12-24T16:38:39.813,BUY,0.0032,37.09093437
33446498,2017-12-24T16:38:40.877,BUY,0.0032,11.8541
33446500,2017-12-24T16:38:42.563,BUY,0.0032,0.3617001
33446501,2017-12-24T16:38:42.563,BUY,0.0032,2.9572999
33446504,2017-12-24T16:38:44.597,BUY,0.0032,0.9292
33446508,2017-12-24T16:38:48.157,BUY,0.0032,9.4643
33446524,2017-12-24T16:39:03.22,BUY,0.0032,23.7704
33446538,2017-12-24T16:39:10.597,BUY,0.0032,0.02928806
33446561,2017-12-24T16:39:19.097,BUY,0.0032014,3.55173106
33446562,2017-12-24T16:39:19.097,BUY,0.0032014,10.99286894
33446578,2017-12-24T16:39:26.767,BUY,0.0032014,13.41922028
33446585,2017-12-24T16:39:28.563,SELL,0.00320141,18.84880197
33446586,2017-12-24T16:39:28.563,SELL,0.0032014,51.39738237
33446598,2017-12-24T16:39:32.47,BUY,0.0032078,3.83310204
33446599,2017-12-24T16:39:32.47,BUY,0.00320937,10.14282902
33446600,2017-12-24T16:39:32.47,BUY,0.00320937,8.01366894
33446617,2017-12-24T16:39:39.99,BUY,0.00320937,17.9904203
33446634,2017-12-24T16:39:50.88,SELL,0.0032014,5.97657644
33446681,2017-12-24T16:40:07.93,SELL,0.0032014,16.58029077
33446691,2017-12-24T16:40:10.103,BUY,0.0032014,0.51523894
33446806,2017-12-24T16:40:37.713,BUY,0.00320139,1.59371812
33446807,2017-12-24T16:40:37.713,BUY,0.0032014,0.40628188
33446828,2017-12-24T16:40:42.59,BUY,0.0032014,0.31236334
33446832,2017-12-24T16:40:43.153,BUY,0.0032014,1.28135478
33446852,2017-12-24T16:40:47.14,BUY,0.00320922,4.5637
33446866,2017-12-24T16:40:50.047,BUY,0.00320922,1.2778
33446868,2017-12-24T16:40:50.547,SELL,0.0032014,15.06214522
33446869,2017-12-24T16:40:50.547,SELL,0.0032014,1.59371812
33446874,2017-12-24T16:40:52.03,BUY,0.00320026,10.0
33446878,2017-12-24T16:40:52.327,BUY,0.00320026,20.04
33446891,2017-12-24T16:40:53.623,SELL,0.00319023,3.14
33446896,2017-12-24T16:40:55.373,BUY,0.00320023,4.72
33446901,2017-12-24T16:40:55.687,BUY,0.00320023,0.67642787
33446908,2017-12-24T16:40:57.843,BUY,0.00320023,3.2229
33446949,2017-12-24T16:41:07.577,SELL,0.0031902,57.8175754
33446954,2017-12-24T16:41:07.687,BUY,0.00320026,3.57423195
33446955,2017-12-24T16:41:07.687,BUY,0.00320238,0.21496805
33447014,2017-12-24T16:41:28.437,BUY,0.00320238,0.53833402
33447029,2017-12-24T16:41:36.72,BUY,0.00320235,24.8426
33447031,2017-12-24T16:41:37.44,BUY,0.00320235,25.4347373
33447038,2017-12-24T16:41:39.69,BUY,0.00320238,0.89669793
33447039,2017-12-24T16:41:39.69,BUY,0.00320238,8.93325626
33447044,2017-12-24T16:41:41.533,BUY,0.00320917,2.9385
33447056,2017-12-24T16:41:42.987,SELL,0.00320239,0.68704581
33447057,2017-12-24T16:41:42.987,SELL,0.00320236,12.1261627
33447064,2017-12-24T16:41:43.817,BUY,0.00320235,0.8228
33447106,2017-12-24T16:41:56.237,BUY,0.00320235,9.37582046
33447107,2017-12-24T16:41:56.237,BUY,0.00320352,0.08367954
33447138,2017-12-24T16:42:13.503,SELL,0.00319021,44.551
33447139,2017-12-24T16:42:13.503,SELL,0.0031902,4.71768885
33447140,2017-12-24T16:42:13.52,SELL,0.0031902,10.98871227
33447141,2017-12-24T16:42:13.52,SELL,0.00319012,89.74259888
33447154,2017-12-24T16:42:17.567,BUY,0.00320348,5.0
33447169,2017-12-24T16:42:23.427,BUY,0.003203,11.0
33447171,2017-12-24T16:42:28.067,BUY,0.00320248,10.0
33447175,2017-12-24T16:42:32.223,BUY,0.00320246,4.4137
33447177,2017-12-24T16:42:34.117,BUY,0.00320246,2.71
33447181,2017-12-24T16:42:40.02,BUY,0.00320246,1.0
33447183,2017-12-24T16:42:40.583,BUY,0.00320246,33.5482
33447186,2017-12-24T16:42:42.287,BUY,0.00320048,4.23164709
33447190,2017-12-24T16:42:45.99,BUY,0.00320246,4.2432
33447195,2017-12-24T16:42:52.21,BUY,0.00320242,2.6302
33447197,2017-12-24T16:42:53.02,SELL,0.00320049,5.16765291
33447201,2017-12-24T16:42:54.007,BUY,0.00320242,2.4176
33447206,2017-12-24T16:42:55.537,BUY,0.00320242,36.4491
33447208,2017-12-24T16:42:55.85,BUY,0.00320242,4.23
33447210,2017-12-24T16:42:56.68,BUY,0.00320242,14.25467575
33447212,2017-12-24T16:42:56.867,BUY,0.00320242,1.725
33447237,2017-12-24T16:43:05.693,BUY,0.00320242,13.8692
33447251,2017-12-24T16:43:19.68,BUY,0.00320236,13.2423
33447263,2017-12-24T16:43:30.443,BUY,0.00320134,4.21
33447266,2017-12-24T16:43:31.053,BUY,0.00320134,46.05800969
33447267,2017-12-24T16:43:31.053,BUY,0.00320136,4.28089031
33447273,2017-12-24T16:43:31.74,BUY,0.00320136,10.0
33447274,2017-12-24T16:43:31.85,SELL,0.00320102,8.93149223
33447277,2017-12-24T16:43:32.227,BUY,0.00320102,10.0
33447279,2017-12-24T16:43:32.523,BUY,0.00320102,10.0
33447281,2017-12-24T16:43:33.07,BUY,0.00320102,10.0
33447287,2017-12-24T16:43:40.913,BUY,0.00320102,10.0
33447289,2017-12-24T16:43:41.46,BUY,0.00320102,1.33651746
33447290,2017-12-24T16:43:41.46,BUY,0.00320136,11.28388254
33447293,2017-12-24T16:43:41.883,BUY,0.00320136,10.0
33447311,2017-12-24T16:43:49.897,BUY,0.00320236,10.0
33447316,2017-12-24T16:43:52.93,BUY,0.00320236,6.27072488
33447317,2017-12-24T16:43:52.93,BUY,0.00320352,3.02632046
33447318,2017-12-24T16:43:52.93,BUY,0.00320353,1.09
33447319,2017-12-24T16:43:52.93,BUY,0.00320356,1.81
