43186469,2017-12-24T15:13:36.857,SELL,6.67e-05,29.99
43186470,2017-12-24T15:13:36.857,SELL,6.67e-05,16.49
43186471,2017-12-24T15:13:36.857,SELL,6.67e-05,74.96
43186472,2017-12-24T15:13:36.873,SELL,6.67e-05,149.93
43186473,2017-12-24T15:13:36.873,SELL,6.67e-05,15.01
43186474,2017-12-24T15:13:36.873,SELL,6.67e-05,29.99
43186475,2017-12-24T15:13:36.873,SELL,6.67e-05,164.92
43186476,2017-12-24T15:13:36.873,SELL,6.67e-05,14.99
43186477,2017-12-24T15:13:36.873,SELL,6.67e-05,10.40917354
43186478,2017-12-24T15:13:36.873,SELL,6.669e-05,539.88252756
43186479,2017-12-24T15:13:36.873,SELL,6.665e-05,36.00900226
43186480,2017-12-24T15:13:36.873,SELL,6.664e-05,60.43151685
43186481,2017-12-24T15:13:36.873,SELL,6.662e-05,542.48332935
43186482,2017-12-24T15:13:36.873,SELL,6.662e-05,25.18096832
43186483,2017-12-24T15:13:36.873,SELL,6.661e-05,100.0
43186484,2017-12-24T15:13:36.873,SELL,6.655e-05,227.97321817
43186485,2017-12-24T15:13:36.873,SELL,6.655e-05,14.06686702
43186486,2017-12-24T15:13:36.873,SELL,6.655e-05,2900.0
43186487,2017-12-24T15:13:36.873,SELL,6.643e-05,15.05142318
43186488,2017-12-24T15:13:36.873,SELL,6.643e-05,15.05142318
43186489,2017-12-24T15:13:36.873,SELL,6.643e-05,895.83900307
43186490,2017-12-24T15:13:37.043,SELL,6.643e-05,2588.18148912
43186491,2017-12-24T15:13:37.043,SELL,6.643e-05,13.66161532
43186492,2017-12-24T15:13:37.043,SELL,6.642e-05,30.10733263
43186493,2017-12-24T15:13:37.043,SELL,6.616e-05,19.78656439
43186494,2017-12-24T15:13:37.043,SELL,6.616e-05,1511.48730351
43186495,2017-12-24T15:13:37.043,SELL,6.615e-05,1200.76039503
43186500,2017-12-24T15:13:38.497,BUY,6.736e-05,148.1
43186505,2017-12-24T15:13:39.56,SELL,6.625e-05,500.0
43186533,2017-12-24T15:13:49.543,BUY,6.735e-05,600.0
43186537,2017-12-24T15:13:51.7,BUY,6.735e-05,38.0
43186546,2017-12-24T15:13:54.857,BUY,6.734e-05,1074.96100135
43186559,2017-12-24T15:13:59.59,BUY,6.733e-05,436.52630216
43186560,2017-12-24T15:13:59.59,BUY,6.735e-05,305.64379784
43186577,2017-12-24T15:14:04.73,BUY,6.735e-05,290.3611146
43186578,2017-12-24T15:14:04.73,BUY,6.736e-05,124.71936983
43186579,2017-12-24T15:14:04.73,BUY,6.736e-05,0.67591625
43186591,2017-12-24T15:14:06.433,BUY,6.662e-05,22.48465751
43186595,2017-12-24T15:14:06.73,BUY,6.662e-05,0.05635253
43186607,2017-12-24T15:14:09.12,SELL,6.631e-05,153.8225
43186610,2017-12-24T15:14:10.323,BUY,6.735e-05,16.9952487
43186652,2017-12-24T15:14:22.12,BUY,6.735e-05,90.0
43186670,2017-12-24T15:14:26.413,BUY,6.732e-05,30.95684597
43186672,2017-12-24T15:14:27.15,SELL,6.654e-05,82.0708107
43186724,2017-12-24T15:14:35.477,BUY,6.671e-05,260.66948215
43186729,2017-12-24T15:14:36.367,BUY,6.671e-05,241.62052168
43186731,2017-12-24T15:14:36.68,SELL,6.668e-05,406.30586705
43186742,2017-12-24T15:14:37.68,BUY,6.671e-05,108.68887513
43186781,2017-12-24T15:14:50.1,BUY,6.732e-05,19.04315403
43186790,2017-12-24T15:14:59.163,SELL,6.732e-05,130.95684597
43186793,2017-12-24T15:14:59.303,BUY,6.732e-05,176.08151069
43186794,2017-12-24T15:14:59.303,BUY,6.735e-05,234.37127733
43186795,2017-12-24T15:14:59.303,BUY,6.736e-05,323.18772011
43186796,2017-12-24T15:14:59.303,BUY,6.736e-05,100.0
43186797,2017-12-24T15:14:59.303,BUY,6.737e-05,747.6437074
43186798,2017-12-24T15:14:59.303,BUY,6.738e-05,4156.2918163
43186800,2017-12-24T15:15:00.693,BUY,6.738e-05,742.06
43186805,2017-12-24T15:15:04.177,BUY,6.738e-05,16613.18692342
43186810,2017-12-24T15:15:07.317,BUY,6.738e-05,8.6902068
43186813,2017-12-24T15:15:07.8,BUY,6.738e-05,65.00741319
43186816,2017-12-24T15:15:08.46,BUY,6.738e-05,475.41708951
43186823,2017-12-24T15:15:16.41,BUY,6.738e-05,1099.02196127
43186832,2017-12-24T15:15:23.33,BUY,6.738e-05,541.64379229
43186834,2017-12-24T15:15:23.723,BUY,6.738e-05,1493.36897484
43186846,2017-12-24T15:15:29.923,BUY,6.738e-05,30772.87781278
43186869,2017-12-24T15:15:39.05,BUY,6.736e-05,100.0
43186874,2017-12-24T15:15:41.44,BUY,6.736e-05,110.13863327
43186878,2017-12-24T15:15:43.377,SELL,6.736e-05,1316.11259825
43186879,2017-12-24T15:15:43.377,SELL,6.732e-05,80.0
43186880,2017-12-24T15:15:43.377,SELL,6.732e-05,7613.77356113
43186883,2017-12-24T15:15:44.237,BUY,6.737e-05,46.25673402
43186891,2017-12-24T15:15:47.33,BUY,6.737e-05,65.0
43186894,2017-12-24T15:15:48.703,BUY,6.736e-05,19.78656439
43186895,2017-12-24T15:15:48.703,BUY,6.737e-05,243.71881582
43186896,2017-12-24T15:15:49.033,SELL,6.732e-05,159.00671479
43186899,2017-12-24T15:15:51.093,SELL,6.736e-05,36.82787693
43186900,2017-12-24T15:15:54.5,SELL,6.736e-05,271.28510896
43186901,2017-12-24T15:15:54.563,SELL,6.736e-05,78.55958446
43186903,2017-12-24T15:15:54.69,BUY,6.735e-05,221.28168297
43186908,2017-12-24T15:16:00.187,BUY,6.737e-05,19.62998513
43186909,2017-12-24T15:16:00.187,BUY,6.737e-05,18.78531073
43186910,2017-12-24T15:16:00.187,BUY,6.738e-05,703.64470414
43186921,2017-12-24T15:16:07.14,BUY,6.737e-05,100.0
43186930,2017-12-24T15:16:09.233,BUY,6.737e-05,91.65778495
43186934,2017-12-24T15:16:11.123,BUY,6.737e-05,722.47858661
43186935,2017-12-24T15:16:11.123,BUY,6.738e-05,1012.52141339
43186938,2017-12-24T15:16:13.11,BUY,6.738e-05,215.92234273
43186940,2017-12-24T15:16:13.39,BUY,6.738e-05,599.49202248
43186941,2017-12-24T15:16:14.11,SELL,6.736e-05,495.87698389
43186942,2017-12-24T15:16:14.11,SELL,6.736e-05,216.42011611
43186949,2017-12-24T15:16:21.857,BUY,6.738e-05,4180.19779908
43186950,2017-12-24T15:16:21.873,BUY,6.738e-05,1817.53168493
43186951,2017-12-24T15:16:21.873,BUY,6.738e-05,100.0
43186952,2017-12-24T15:16:21.873,BUY,6.738e-05,8.6902068
43186953,2017-12-24T15:16:21.873,BUY,6.738e-05,2768.13546933
43186954,2017-12-24T15:16:22.013,SELL,6.736e-05,3.57988389
43186955,2017-12-24T15:16:22.013,SELL,6.736e-05,308.6282216
43186956,2017-12-24T15:16:22.013,SELL,6.736e-05,4192.7349742
43186962,2017-12-24T15:16:23.7,BUY,6.738e-05,5000.0
43186975,2017-12-24T15:16:30.2,BUY,6.738e-05,1930.37034951
43186977,2017-12-24T15:16:34.293,BUY,6.738e-05,10.0
43186980,2017-12-24T15:16:47.713,SELL,6.736e-05,5874.58718
43186982,2017-12-24T15:16:52.95,SELL,6.736e-05,1043.29829675
43186983,2017-12-24T15:16:52.95,SELL,6.736e-05,84.32037483
43186985,2017-12-24T15:16:59.9,BUY,6.736e-05,531.80335485
43186986,2017-12-24T15:16:59.9,BUY,6.736e-05,187.76216397
43186987,2017-12-24T15:16:59.9,BUY,6.737e-05,22.49448118
43186989,2017-12-24T15:17:00.993,SELL,6.729e-05,181.31642382
43186994,2017-12-24T15:17:08.04,SELL,6.729e-05,183.22897669
43186995,2017-12-24T15:17:08.04,SELL,6.729e-05,14.70344329
43186999,2017-12-24T15:17:15.243,BUY,6.729e-05,375.8843865
43187000,2017-12-24T15:17:15.917,SELL,6.729e-05,7272.78027592
43187001,2017-12-24T15:17:18.273,SELL,6.729e-05,1543.60348952
43187004,2017-12-24T15:17:20.163,SELL,6.729e-05,126.7828843
43187013,2017-12-24T15:17:27.1,BUY,6.737e-05,198.54849457
43187014,2017-12-24T15:17:27.1,BUY,6.737e-05,22.48179612
43187015,2017-12-24T15:17:27.1,BUY,6.738e-05,4778.96970931
43187024,2017-12-24T15:17:32.99,SELL,6.729e-05,104.65140206
43187026,2017-12-24T15:17:33.46,SELL,6.729e-05,1773.69307595
43187027,2017-12-24T15:17:34.337,SELL,6.729e-05,195.63248954
43187028,2017-12-24T15:17:34.337,SELL,6.729e-05,19.18078801
43187029,2017-12-24T15:17:34.337,SELL,6.7e-05,774.18394312
43187031,2017-12-24T15:17:35.07,BUY,6.7e-05,507.28078778
43187032,2017-12-24T15:17:35.07,BUY,6.729e-05,273.70795497
43187034,2017-12-24T15:17:36.227,BUY,6.729e-05,433.51912646
43187035,2017-12-24T15:17:36.227,BUY,6.737e-05,33.6755162
43187036,2017-12-24T15:17:36.227,BUY,6.737e-05,312.63845593
43187037,2017-12-24T15:17:36.227,BUY,6.738e-05,1088.47252015
43187038,2017-12-24T15:17:36.227,BUY,6.738e-05,15.10320766
43187039,2017-12-24T15:17:36.227,BUY,6.738e-05,230.0
43187044,2017-12-24T15:17:37.74,SELL,6.738e-05,10016.85318118
43187047,2017-12-24T15:17:40.49,SELL,6.738e-05,100.26522187
43187048,2017-12-24T15:17:43.553,SELL,6.738e-05,8805.4380502
43187049,2017-12-24T15:17:44.24,SELL,6.738e-05,1714.91023718
43187053,2017-12-24T15:17:48.6,SELL,6.738e-05,4238.53256679
43187054,2017-12-24T15:17:49.46,SELL,6.738e-05,315.68594371
43187058,2017-12-24T15:17:52.96,SELL,6.739e-05,380.03811782
43187059,2017-12-24T15:17:53.46,SELL,6.739e-05,4289.25304069
43187060,2017-12-24T15:17:53.46,SELL,6.738e-05,1116.15235931
43187062,2017-12-24T15:17:53.693,SELL,6.738e-05,1916.95108663
43187064,2017-12-24T15:17:53.99,SELL,6.738e-05,708.70665053
43187067,2017-12-24T15:17:54.32,BUY,6.74e-05,11.2686211
43187068,2017-12-24T15:17:54.32,BUY,6.74e-05,25.0
43187069,2017-12-24T15:17:54.32,BUY,6.74e-05,26.85523148
43187071,2017-12-24T15:17:55.21,SELL,6.74e-05,4284.96485996
43187072,2017-12-24T15:17:56.35,SELL,6.74e-05,2770.4370798
43187073,2017-12-24T15:17:56.35,SELL,6.74e-05,435.0
43187074,2017-12-24T15:17:56.35,SELL,6.738e-05,1499.04400287
43187075,2017-12-24T15:17:56.35,SELL,6.737e-05,570.87700211
43187077,2017-12-24T15:17:59.16,SELL,6.737e-05,332.19683491
43187079,2017-12-24T15:18:00.02,BUY,6.738e-05,737.4631
43187081,2017-12-24T15:18:02.647,BUY,6.738e-05,7218.65613767
43187086,2017-12-24T15:18:05.443,SELL,6.737e-05,596.92616296
43187088,2017-12-24T15:18:06.38,BUY,6.74e-05,530.65579228
43187090,2017-12-24T15:18:07.177,SELL,6.737e-05,2e-08
43187091,2017-12-24T15:18:07.177,SELL,6.737e-05,232.00037608
43187092,2017-12-24T15:18:07.177,SELL,6.729e-05,478.83571164
43187093,2017-12-24T15:18:07.223,SELL,6.729e-05,119.07118426
43187094,2017-12-24T15:18:07.223,SELL,6.729e-05,200.0
43187095,2017-12-24T15:18:07.223,SELL,6.677e-05,190.0
43187096,2017-12-24T15:18:07.223,SELL,6.677e-05,76.0
43187097,2017-12-24T15:18:07.223,SELL,6.676e-05,11.85497872
43187099,2017-12-24T15:18:08.52,BUY,6.729e-05,16.25
43187107,2017-12-24T15:18:14.27,SELL,6.676e-05,201.33432886
43187110,2017-12-24T15:18:14.88,BUY,6.729e-05,1375.13654146
43187112,2017-12-24T15:18:20.237,SELL,6.677e-05,178.91911112
43187116,2017-12-24T15:18:21.41,BUY,6.728e-05,1218.12333754
43187123,2017-12-24T15:18:29.033,BUY,6.727e-05,1534.81807289
43187124,2017-12-24T15:18:29.66,SELL,6.677e-05,23.31295342
43187126,2017-12-24T15:18:31.86,BUY,6.677e-05,162.0
43187133,2017-12-24T15:18:35.737,BUY,6.677e-05,137.23247669
43187135,2017-12-24T15:18:36.44,BUY,6.677e-05,2052.68710865
43187136,2017-12-24T15:18:36.44,BUY,6.677e-05,131.75766707
43187138,2017-12-24T15:18:39.97,BUY,6.727e-05,37.03404368
43187140,2017-12-24T15:18:40.8,SELL,6.677e-05,33.26635592
43187146,2017-12-24T15:18:43.517,BUY,6.727e-05,1929.34382934
43187151,2017-12-24T15:18:49.453,SELL,6.677e-05,43.12251754
43187153,2017-12-24T15:18:49.86,BUY,6.677e-05,231.87748246
43187154,2017-12-24T15:18:49.86,BUY,6.677e-05,2726.10324673
43187163,2017-12-24T15:18:55.297,SELL,6.68e-05,1727.37739657
43187169,2017-12-24T15:18:58.687,BUY,6.719e-05,496.0482833
43187175,2017-12-24T15:19:01.453,BUY,6.719e-05,111.03175757
43187176,2017-12-24T15:19:01.563,SELL,6.68e-05,314.64187424
43187177,2017-12-24T15:19:01.563,SELL,6.68e-05,372.85782549
43187180,2017-12-24T15:19:01.907,BUY,6.68e-05,743.4944
43187183,2017-12-24T15:19:02.72,SELL,6.677e-05,129.95914632
43187194,2017-12-24T15:19:12.28,SELL,6.676e-05,94.54840218
43187197,2017-12-24T15:19:13.577,BUY,6.677e-05,178.33543133
43187200,2017-12-24T15:19:13.89,BUY,6.677e-05,484.9876208
43187202,2017-12-24T15:19:14.297,BUY,6.677e-05,357.23326643
43187206,2017-12-24T15:19:18.717,SELL,6.676e-05,18.8780792
43187209,2017-12-24T15:19:23.14,BUY,6.677e-05,82.02777223
43187218,2017-12-24T15:19:31.217,BUY,6.677e-05,37.6186213
43187226,2017-12-24T15:19:40.84,BUY,6.677e-05,153.52161755
43187227,2017-12-24T15:19:40.95,SELL,6.676e-05,60.0
43187228,2017-12-24T15:19:44.073,SELL,6.676e-05,50.0
43187231,2017-12-24T15:19:50.26,BUY,6.677e-05,17.96373
43187234,2017-12-24T15:19:55.917,BUY,6.677e-05,18.0
43187236,2017-12-24T15:19:56.277,BUY,6.677e-05,72.51857021
43187237,2017-12-24T15:19:56.277,BUY,6.677e-05,100.0
43187238,2017-12-24T15:19:56.277,BUY,6.677e-05,57.76389346
43187248,2017-12-24T15:20:03.87,BUY,6.677e-05,342.23610654
43187249,2017-12-24T15:20:03.87,BUY,6.718e-05,401.81149346
43187256,2017-12-24T15:20:09.667,BUY,6.718e-05,827.15872736
43187257,2017-12-24T15:20:09.667,BUY,6.72e-05,1082.64096795
43187258,2017-12-24T15:20:12.523,SELL,6.68e-05,490.28427491
43187263,2017-12-24T15:20:19.68,BUY,6.718e-05,790.88389254
43187264,2017-12-24T15:20:19.68,BUY,6.719e-05,693.49110746
43187273,2017-12-24T15:20:39.773,SELL,6.681e-05,1000.0
43187276,2017-12-24T15:20:41.6,BUY,6.716e-05,89.08901459
43187280,2017-12-24T15:20:50.897,BUY,6.716e-05,945.97155217
43187282,2017-12-24T15:20:54.223,SELL,6.716e-05,2440.41915659
43187283,2017-12-24T15:20:54.223,SELL,6.716e-05,883.1262876
43187295,2017-12-24T15:20:59.707,BUY,6.716e-05,1893.50833755
43187297,2017-12-24T15:21:01.787,BUY,6.716e-05,744.4908
43187299,2017-12-24T15:21:02.6,BUY,6.716e-05,815.73582173
43187300,2017-12-24T15:21:04.567,SELL,6.681e-05,1165.31310771
43187304,2017-12-24T15:21:11.283,SELL,6.682e-05,2054.10966391
43187307,2017-12-24T15:21:13.973,BUY,6.713e-05,103.41276653
43187309,2017-12-24T15:21:15.16,BUY,6.713e-05,182.0
43187310,2017-12-24T15:21:16.643,SELL,6.682e-05,160.0
43187312,2017-12-24T15:21:18.38,SELL,6.682e-05,2534.36055966
43187313,2017-12-24T15:21:18.847,SELL,6.682e-05,3371.13910629
43187314,2017-12-24T15:21:18.847,SELL,6.681e-05,344.96620075
43187315,2017-12-24T15:21:18.847,SELL,6.68e-05,1000.0
43187316,2017-12-24T15:21:18.847,SELL,6.68e-05,297.58614185
43187322,2017-12-24T15:21:22.643,SELL,6.681e-05,23.1106163
43187323,2017-12-24T15:21:22.643,SELL,6.679e-05,868.69760076
43187324,2017-12-24T15:21:23.753,SELL,6.679e-05,342.92587768
43187325,2017-12-24T15:21:23.77,SELL,6.676e-05,71.62237241
43187337,2017-12-24T15:21:25.067,SELL,6.676e-05,453.09741519
43187338,2017-12-24T15:21:25.067,SELL,6.676e-05,2656.19788156
43187339,2017-12-24T15:21:26.08,SELL,6.67e-05,19.88285195
43187340,2017-12-24T15:21:26.08,SELL,6.669e-05,100.0
43187341,2017-12-24T15:21:26.08,SELL,6.668e-05,389.07390375
43187342,2017-12-24T15:21:26.08,SELL,6.637e-05,751.47373391
43187343,2017-12-24T15:21:26.08,SELL,6.636e-05,2357.82156283
43187348,2017-12-24T15:21:27.41,BUY,6.668e-05,124.36737538
43187356,2017-12-24T15:21:32.44,BUY,6.668e-05,124.36737538
43187357,2017-12-24T15:21:32.44,BUY,6.676e-05,150.12240376
43187359,2017-12-24T15:21:32.8,BUY,6.676e-05,313.0
43187361,2017-12-24T15:21:33.313,BUY,6.676e-05,1213.00203402
43187362,2017-12-24T15:21:33.313,BUY,6.681e-05,2253.98686274
43187363,2017-12-24T15:21:33.313,BUY,6.681e-05,21.1
43187364,2017-12-24T15:21:33.41,SELL,6.681e-05,390.4296875
43187365,2017-12-24T15:21:33.47,SELL,6.681e-05,434.15663165
43187366,2017-12-24T15:21:34.347,SELL,6.681e-05,202.32478409
43187367,2017-12-24T15:21:34.643,SELL,6.646e-05,128.41665873
43187368,2017-12-24T15:21:34.643,SELL,6.636e-05,1106.31743601
43187371,2017-12-24T15:21:35.407,BUY,6.646e-05,128.41379508
43187375,2017-12-24T15:21:35.75,BUY,6.646e-05,73.91098901
43187379,2017-12-24T15:21:36.907,BUY,6.668e-05,48.12888061
43187380,2017-12-24T15:21:36.907,BUY,6.676e-05,136.64843013
43187382,2017-12-24T15:21:40.283,SELL,6.638e-05,5533.5968
43187386,2017-12-24T15:21:41.813,SELL,6.692e-05,184.77731074
43187387,2017-12-24T15:21:41.813,SELL,6.638e-05,1113.11390113
43187388,2017-12-24T15:21:42.923,SELL,6.638e-05,110.86632173
43187390,2017-12-24T15:21:43.173,BUY,6.71e-05,19.21316509
43187391,2017-12-24T15:21:44.047,SELL,6.638e-05,73.91098901
43187392,2017-12-24T15:21:46.017,SELL,6.638e-05,3909.4488
43187393,2017-12-24T15:21:46.093,SELL,6.638e-05,727.29248024
43187406,2017-12-24T15:21:57.843,SELL,6.637e-05,1429.94364747
43187407,2017-12-24T15:21:57.843,SELL,6.637e-05,1316.43562607
43187408,2017-12-24T15:21:58.17,SELL,6.637e-05,1575.22446246
43187409,2017-12-24T15:21:59.39,SELL,6.637e-05,639.39086785
43187410,2017-12-24T15:21:59.39,SELL,6.637e-05,91.63885537
43187412,2017-12-24T15:22:00.063,BUY,6.638e-05,627.44862862
43187414,2017-12-24T15:22:00.97,BUY,6.709e-05,536.22297089
43187415,2017-12-24T15:22:00.97,BUY,6.71e-05,30.78683491
43187416,2017-12-24T15:22:00.97,BUY,6.716e-05,177.4809942
43187423,2017-12-24T15:22:05.717,SELL,6.64e-05,13068.19747428
43187424,2017-12-24T15:22:05.717,SELL,6.639e-05,16000.0
43187425,2017-12-24T15:22:05.717,SELL,6.638e-05,166.86479981
43187426,2017-12-24T15:22:05.717,SELL,6.637e-05,90.97488276
43187427,2017-12-24T15:22:05.717,SELL,6.636e-05,2862.63859185
43187428,2017-12-24T15:22:06,SELL,6.636e-05,1697.59041564
43187429,2017-12-24T15:22:06,SELL,6.635e-05,12.05555652
43187430,2017-12-24T15:22:06,SELL,6.635e-05,7430.54308057
43187435,2017-12-24T15:22:10.577,SELL,6.681e-05,3478.82605462
43187436,2017-12-24T15:22:11.327,SELL,6.681e-05,1036.17394538
43187437,2017-12-24T15:22:11.577,SELL,6.637e-05,2262.27797289
43187442,2017-12-24T15:22:15.5,SELL,6.65e-05,26.56395
43187443,2017-12-24T15:22:15.5,SELL,6.642e-05,2226.15807711
43187449,2017-12-24T15:22:20.747,SELL,6.642e-05,2363.1385802
43187455,2017-12-24T15:22:23.997,SELL,6.642e-05,675.12669247
43187457,2017-12-24T15:22:25.043,BUY,6.68e-05,1926.7965907
43187459,2017-12-24T15:22:26.637,SELL,6.642e-05,2888.72725462
43187463,2017-12-24T15:22:28.153,SELL,6.642e-05,18.0
43187465,2017-12-24T15:22:28.45,BUY,6.68e-05,547.00445442
43187467,2017-12-24T15:22:30.7,SELL,6.642e-05,2041.13470161
43187468,2017-12-24T15:22:30.7,SELL,6.642e-05,371.93781351
43187482,2017-12-24T15:22:39.963,SELL,6.642e-05,25.73636364
43187485,2017-12-24T15:22:40.247,SELL,6.642e-05,1254.34347519
43187486,2017-12-24T15:22:40.247,SELL,6.642e-05,602.75755957
43187487,2017-12-24T15:22:40.247,SELL,6.642e-05,478.18170619
43187488,2017-12-24T15:22:40.247,SELL,6.642e-05,231.49593646
43187489,2017-12-24T15:22:40.247,SELL,6.642e-05,2433.22132259
43187493,2017-12-24T15:22:45.043,SELL,6.642e-05,1685.82349141
43187496,2017-12-24T15:22:49.057,SELL,6.642e-05,1748.55272402
43187499,2017-12-24T15:22:52.98,SELL,6.642e-05,730.85512579
43187505,2017-12-24T15:22:55.323,SELL,6.66e-05,23.17063188
43187516,2017-12-24T15:23:01.23,BUY,6.677e-05,33.25133599
43187517,2017-12-24T15:23:01.23,BUY,6.682e-05,12.05555652
43187518,2017-12-24T15:23:01.23,BUY,6.706e-05,699.18390749
43187521,2017-12-24T15:23:03.587,SELL,6.66e-05,1291.04318929
43187541,2017-12-24T15:23:24.35,BUY,6.706e-05,103.19982263
43187542,2017-12-24T15:23:26.803,SELL,6.661e-05,33.371458
43187546,2017-12-24T15:23:31.477,BUY,6.661e-05,66.628542
43187547,2017-12-24T15:23:31.477,BUY,6.705e-05,1198.27717042
43187549,2017-12-24T15:23:34.82,SELL,6.66e-05,103.19982263
43187551,2017-12-24T15:23:36.227,SELL,6.66e-05,274.48977914
43187553,2017-12-24T15:23:38.477,BUY,6.661e-05,128.56347543
43187555,2017-12-24T15:23:42.13,SELL,6.661e-05,71.43652457
43187561,2017-12-24T15:23:46.57,BUY,6.661e-05,80.0
43187563,2017-12-24T15:23:48.397,BUY,6.661e-05,633.15454046
43187567,2017-12-24T15:23:51.507,BUY,6.661e-05,87.50410417
43187569,2017-12-24T15:23:53.443,BUY,6.661e-05,127.9048308
43187570,2017-12-24T15:23:53.443,BUY,6.661e-05,285.45686301
43187574,2017-12-24T15:23:54.613,BUY,6.661e-05,74.5823389
43187575,2017-12-24T15:23:54.91,SELL,6.66e-05,417.90418404
43187576,2017-12-24T15:23:54.91,SELL,6.66e-05,185.20930061
43187578,2017-12-24T15:23:58.147,BUY,6.661e-05,449.25686834
43187582,2017-12-24T15:24:02.113,BUY,6.661e-05,744.4908
43187585,2017-12-24T15:24:03.597,BUY,6.661e-05,276.36418121
43187587,2017-12-24T15:24:11.067,BUY,6.661e-05,1000.0
43187590,2017-12-24T15:24:25.003,SELL,6.66e-05,19.76081425
43187591,2017-12-24T15:24:25.003,SELL,6.66e-05,1133.0399976
43187592,2017-12-24T15:24:25.16,SELL,6.656e-05,306.00811298
43187593,2017-12-24T15:24:25.69,SELL,6.642e-05,754.0
43187594,2017-12-24T15:24:25.707,SELL,6.642e-05,249.60174745
43187596,2017-12-24T15:24:27.627,SELL,6.642e-05,53.37823108
43187597,2017-12-24T15:24:27.627,SELL,6.642e-05,793.41446778
43187606,2017-12-24T15:24:38.767,BUY,6.656e-05,212.51417627
43187611,2017-12-24T15:24:46.017,BUY,6.66e-05,25.0
43187612,2017-12-24T15:24:46.017,BUY,6.661e-05,1480.76149326
43187613,2017-12-24T15:24:47.377,SELL,6.656e-05,287.48582373
43187619,2017-12-24T15:24:56.907,BUY,6.656e-05,122.38
43187621,2017-12-24T15:25:01.72,BUY,6.656e-05,374.25502943
43187622,2017-12-24T15:25:01.72,BUY,6.656e-05,25.14427721
43187623,2017-12-24T15:25:01.72,BUY,6.66e-05,40.0
43187624,2017-12-24T15:25:01.72,BUY,6.661e-05,311.23869336
43187626,2017-12-24T15:25:09.217,BUY,6.661e-05,8.59195316
43187630,2017-12-24T15:25:16.107,BUY,6.661e-05,5000.0
43187635,2017-12-24T15:25:28.28,BUY,6.661e-05,304.48162489
43187640,2017-12-24T15:25:28.7,BUY,6.661e-05,1646.975674
43187643,2017-12-24T15:25:31.263,SELL,6.656e-05,333.88105394
43187647,2017-12-24T15:25:38.06,BUY,6.653e-05,299.1304985
43187648,2017-12-24T15:25:38.06,BUY,6.656e-05,36.44447632
43187654,2017-12-24T15:25:46.167,BUY,6.656e-05,94.618814
43187655,2017-12-24T15:25:46.167,BUY,6.656e-05,500.0
43187656,2017-12-24T15:25:46.167,BUY,6.656e-05,40.0
43187657,2017-12-24T15:25:46.167,BUY,6.66e-05,4365.381186
43187662,2017-12-24T15:26:03.18,BUY,6.66e-05,141.93165734
43187664,2017-12-24T15:26:04.823,SELL,6.656e-05,871.20100398
43187666,2017-12-24T15:26:05.12,BUY,6.656e-05,750.7508
43187668,2017-12-24T15:26:09.9,BUY,6.656e-05,812.18187387
43187669,2017-12-24T15:26:11.667,SELL,6.643e-05,452.73219931
43187675,2017-12-24T15:26:17.073,BUY,6.656e-05,132.86592097
43187679,2017-12-24T15:26:32.337,SELL,6.643e-05,16.2168753
43187680,2017-12-24T15:26:33.197,SELL,6.643e-05,65.31
43187682,2017-12-24T15:26:35.587,BUY,6.656e-05,482.19104008
43187685,2017-12-24T15:26:44.04,SELL,6.656e-05,60.43151685
43187688,2017-12-24T15:26:44.507,BUY,6.66e-05,1723.60464804
43187689,2017-12-24T15:26:44.507,BUY,6.66e-05,40.0
43187690,2017-12-24T15:26:44.507,BUY,6.66e-05,3236.39535196
43187693,2017-12-24T15:26:52.49,BUY,6.66e-05,95.0
43187696,2017-12-24T15:26:55.147,SELL,6.658e-05,13.08458277
43187698,2017-12-24T15:26:56.477,SELL,6.658e-05,34.6510677
43187700,2017-12-24T15:26:59.443,BUY,6.66e-05,558.61755521
43187702,2017-12-24T15:27:01.85,BUY,6.66e-05,750.7508
43187705,2017-12-24T15:27:05.96,BUY,6.66e-05,3050.28041216
43187708,2017-12-24T15:27:07.27,BUY,6.66e-05,177.30838069
43187710,2017-12-24T15:27:08.74,SELL,6.658e-05,991.9714241
43187711,2017-12-24T15:27:08.74,SELL,6.658e-05,41.35022924
43187713,2017-12-24T15:27:10.927,SELL,6.658e-05,21.77339901
43187715,2017-12-24T15:27:11.647,BUY,6.66e-05,392.55360098
43187716,2017-12-24T15:27:11.787,SELL,6.658e-05,10.88822171
43187717,2017-12-24T15:27:13.507,SELL,6.658e-05,0.98815004
43187719,2017-12-24T15:27:15.677,BUY,6.658e-05,78.04234543
43187724,2017-12-24T15:27:17.537,SELL,6.658e-05,12.67289111
43187725,2017-12-24T15:27:17.537,SELL,6.658e-05,20.31995733
43187727,2017-12-24T15:27:20.833,SELL,6.658e-05,286.0
43187735,2017-12-24T15:27:43.72,BUY,6.659e-05,33.2007717
43187736,2017-12-24T15:27:43.72,BUY,6.66e-05,102.99617087
43187742,2017-12-24T15:27:55.77,BUY,6.66e-05,10.0
43187744,2017-12-24T15:28:01.673,BUY,6.66e-05,744.63583998
43187745,2017-12-24T15:28:01.673,BUY,6.66e-05,6.11496002
43187749,2017-12-24T15:28:12.33,BUY,6.66e-05,209.68468468
43187750,2017-12-24T15:28:13.05,SELL,6.659e-05,400.0
43187752,2017-12-24T15:28:22.83,BUY,6.66e-05,381.56200579
43187753,2017-12-24T15:28:22.83,BUY,6.66e-05,404.84299064
43187754,2017-12-24T15:28:22.83,BUY,6.66e-05,1159.26982544
43187755,2017-12-24T15:28:22.83,BUY,6.66e-05,400.0
43187756,2017-12-24T15:28:22.83,BUY,6.66e-05,1213.12814907
43187757,2017-12-24T15:28:22.83,BUY,6.661e-05,1350.5145087
43187758,2017-12-24T15:28:22.83,BUY,6.661e-05,37.09935632
43187759,2017-12-24T15:28:22.83,BUY,6.661e-05,53.58316404
43187760,2017-12-24T15:28:25.953,SELL,6.659e-05,967.50727449
43187762,2017-12-24T15:28:27,BUY,6.661e-05,946.41683596
43187763,2017-12-24T15:28:27,BUY,6.661e-05,249.46562166
43187764,2017-12-24T15:28:27.017,BUY,6.661e-05,36.17529974
43187765,2017-12-24T15:28:27.017,BUY,6.661e-05,1892.99483988
43187766,2017-12-24T15:28:27.017,BUY,6.661e-05,2003.14477027
43187769,2017-12-24T15:28:31.187,SELL,6.659e-05,1.15320306
43187771,2017-12-24T15:28:37.907,SELL,6.658e-05,749.09882848
43187772,2017-12-24T15:28:37.907,SELL,6.658e-05,1532.26772041
43187773,2017-12-24T15:28:37.907,SELL,6.658e-05,1222.07467436
43187774,2017-12-24T15:28:39.297,SELL,6.658e-05,320.77751286
43187775,2017-12-24T15:28:39.297,SELL,6.658e-05,122.79198032
43187776,2017-12-24T15:28:39.297,SELL,6.658e-05,601.29355194
43187777,2017-12-24T15:28:39.297,SELL,6.658e-05,11.82610512
43187782,2017-12-24T15:28:40.53,BUY,6.659e-05,487.8
43188792,2017-12-24T15:38:04.677,SELL,6.761e-05,30.0
43188793,2017-12-24T15:38:05.473,SELL,6.761e-05,100.0
43188797,2017-12-24T15:38:07.33,SELL,6.761e-05,26896.62985287
43188800,2017-12-24T15:38:09.723,BUY,6.761e-05,232.0
43188807,2017-12-24T15:38:10.8,BUY,6.761e-05,50.0
43188817,2017-12-24T15:38:29.94,BUY,6.761e-05,4891.01982724
43188818,2017-12-24T15:38:29.94,BUY,6.761e-05,669.91269308
43188819,2017-12-24T15:38:29.94,BUY,6.761e-05,1080.02771662
43188820,2017-12-24T15:38:29.94,BUY,6.761e-05,150.0
43188821,2017-12-24T15:38:29.94,BUY,6.761e-05,15.0
43188826,2017-12-24T15:38:34.11,SELL,6.761e-05,778.08895822
43188827,2017-12-24T15:38:34.11,SELL,6.761e-05,79.5
43188828,2017-12-24T15:38:34.11,SELL,6.76e-05,564.05757714
43188830,2017-12-24T15:38:35.38,SELL,6.76e-05,587.8821155
43188832,2017-12-24T15:38:36.627,BUY,6.762e-05,947.7643569
43188833,2017-12-24T15:38:37,SELL,6.762e-05,151.41263844
43188834,2017-12-24T15:38:37,SELL,6.76e-05,827.14398487
43188843,2017-12-24T15:38:45.11,BUY,6.756e-05,295.29307282
43188844,2017-12-24T15:38:46.11,SELL,6.755e-05,74.019245
43188845,2017-12-24T15:38:46.11,SELL,6.755e-05,1347.62729036
43188853,2017-12-24T15:38:48.77,SELL,6.755e-05,260.66948215
43188855,2017-12-24T15:38:49.3,SELL,6.755e-05,50.0
43188867,2017-12-24T15:38:57.33,BUY,6.756e-05,450.0
43188869,2017-12-24T15:38:58.267,SELL,6.755e-05,198.04977511
43188873,2017-12-24T15:39:01.69,BUY,6.756e-05,5000.0
43188876,2017-12-24T15:39:01.893,BUY,6.756e-05,1232.56196204
43188889,2017-12-24T15:39:06.393,BUY,6.78e-05,119.33006696
43188892,2017-12-24T15:39:07.36,SELL,6.756e-05,13.41008048
43188893,2017-12-24T15:39:07.36,SELL,6.755e-05,1576.56981952
43188899,2017-12-24T15:39:10,SELL,6.756e-05,1485.1892
43188902,2017-12-24T15:39:10.643,SELL,6.755e-05,3363.88111159
43188907,2017-12-24T15:39:12.953,BUY,6.756e-05,1994.94
43188910,2017-12-24T15:39:13.377,BUY,6.756e-05,2.573e-05
43188920,2017-12-24T15:39:17.627,SELL,6.759e-05,1480.8199
43188921,2017-12-24T15:39:17.627,SELL,6.755e-05,6084.16411712
43188922,2017-12-24T15:39:17.627,SELL,6.755e-05,465.3804423
43188923,2017-12-24T15:39:17.627,SELL,6.755e-05,5000.0
43188924,2017-12-24T15:39:17.627,SELL,6.755e-05,14.22729155
43188925,2017-12-24T15:39:17.627,SELL,6.755e-05,176.98795337
43188926,2017-12-24T15:39:17.627,SELL,6.75e-05,10033.514454
43188929,2017-12-24T15:39:22.78,SELL,6.756e-05,1449.1098
43188933,2017-12-24T15:39:23.453,BUY,6.755e-05,5000.0
43188936,2017-12-24T15:39:23.703,BUY,6.755e-05,5000.0
43188938,2017-12-24T15:39:24,BUY,6.755e-05,2152.60308944
43188940,2017-12-24T15:39:24.173,BUY,6.756e-05,103.05451053
43188941,2017-12-24T15:39:24.173,BUY,6.756e-05,6956.86781734
43188942,2017-12-24T15:39:24.173,BUY,6.757e-05,1891.46316051
43188948,2017-12-24T15:39:25.907,BUY,6.757e-05,7408.19721273
43188952,2017-12-24T15:39:26.11,BUY,6.757e-05,5000.0
43188953,2017-12-24T15:39:27.39,SELL,6.751e-05,1431.0507
43188954,2017-12-24T15:39:27.39,SELL,6.75e-05,280.03692749
43188955,2017-12-24T15:39:27.39,SELL,6.75e-05,64.3704812
43188956,2017-12-24T15:39:27.39,SELL,6.75e-05,312.88811556
43188957,2017-12-24T15:39:27.39,SELL,6.75e-05,14.10710261
43188958,2017-12-24T15:39:27.39,SELL,6.739e-05,94.92297314
43188959,2017-12-24T15:39:28.093,SELL,6.739e-05,44.36015492
43188960,2017-12-24T15:39:28.093,SELL,6.718e-05,8.37240455
43188961,2017-12-24T15:39:28.093,SELL,6.715e-05,25.6953118
43188969,2017-12-24T15:39:33.517,BUY,6.75e-05,342.29886244
43188971,2017-12-24T15:39:35.61,BUY,6.749e-05,157.39746742
43188976,2017-12-24T15:39:43.517,SELL,6.715e-05,4.08799971
43188977,2017-12-24T15:39:43.517,SELL,6.715e-05,1295.91200029
43188985,2017-12-24T15:39:52.407,BUY,6.738e-05,620.0
43188987,2017-12-24T15:39:52.703,BUY,6.738e-05,5000.0
43188989,2017-12-24T15:39:52.92,BUY,6.738e-05,5000.0
43188992,2017-12-24T15:39:53.203,BUY,6.738e-05,1635.53458185
43188993,2017-12-24T15:39:53.203,BUY,6.74e-05,620.0
43189002,2017-12-24T15:39:54.75,SELL,6.738e-05,742.06
43189003,2017-12-24T15:39:54.75,SELL,6.716e-05,938.3437197
43189004,2017-12-24T15:39:55.36,SELL,6.716e-05,130.8704803
43189013,2017-12-24T15:39:58.607,BUY,6.716e-05,5000.0
43189015,2017-12-24T15:39:58.827,BUY,6.716e-05,2708.93969696
43189049,2017-12-24T15:40:08.827,BUY,6.731e-05,1000.0
43189070,2017-12-24T15:40:13.31,SELL,6.734e-05,87.81212506
43189079,2017-12-24T15:40:16.747,SELL,6.732e-05,723.7546
43189081,2017-12-24T15:40:17.56,BUY,6.732e-05,179.15377776
43189084,2017-12-24T15:40:19.78,SELL,6.731e-05,399.02220381
43189086,2017-12-24T15:40:21.543,BUY,6.732e-05,97.6778
43189089,2017-12-24T15:40:26.683,BUY,6.732e-05,2.224e-05
43189090,2017-12-24T15:40:26.683,BUY,6.732e-05,50.0
43189094,2017-12-24T15:40:28.45,SELL,6.733e-05,670.0
43189102,2017-12-24T15:40:31.48,SELL,6.733e-05,21.5473
43189104,2017-12-24T15:40:34.667,SELL,6.732e-05,1000.0
43189108,2017-12-24T15:40:38.357,BUY,6.733e-05,252.79935987
43189109,2017-12-24T15:40:39.31,SELL,6.732e-05,3090.83387044
43189110,2017-12-24T15:40:39.31,SELL,6.732e-05,1117.21318739
43189117,2017-12-24T15:40:41.81,SELL,6.734e-05,654.1276
43189118,2017-12-24T15:40:41.81,SELL,6.733e-05,345.8724
43189120,2017-12-24T15:40:42.26,SELL,6.733e-05,42.9296329
43189122,2017-12-24T15:40:43.403,BUY,6.732e-05,787.9131642
43189124,2017-12-24T15:40:43.59,BUY,6.732e-05,152.55111854
43189126,2017-12-24T15:40:44.67,BUY,6.732e-05,305.97592167
43189132,2017-12-24T15:40:47.62,BUY,6.732e-05,239.08405404
43189135,2017-12-24T15:40:48.23,BUY,6.732e-05,34.99192067
43189136,2017-12-24T15:40:48.76,SELL,6.717e-05,643.7426
43189137,2017-12-24T15:40:48.76,SELL,6.715e-05,1726.21458941
43189138,2017-12-24T15:40:48.76,SELL,6.715e-05,231.30373798
43189141,2017-12-24T15:40:54.557,BUY,6.717e-05,852.16508264
43189143,2017-12-24T15:40:55.557,BUY,6.732e-05,23.0
43189144,2017-12-24T15:40:56.573,SELL,6.719e-05,19.0
43189159,2017-12-24T15:41:08.84,SELL,6.72e-05,46.28770302
43189160,2017-12-24T15:41:10.603,SELL,6.72e-05,505.18739698
43189161,2017-12-24T15:41:10.603,SELL,6.719e-05,367.49178568
43189163,2017-12-24T15:41:10.603,BUY,6.719e-05,234.15182839
43189165,2017-12-24T15:41:11.73,BUY,6.719e-05,34.9919
43189168,2017-12-24T15:41:13.103,BUY,6.719e-05,34.9916813
43189172,2017-12-24T15:41:13.65,BUY,6.719e-05,34.9916813
43189174,2017-12-24T15:41:13.93,BUY,6.719e-05,34.9919
43189176,2017-12-24T15:41:14.73,SELL,6.715e-05,640.52387387
43189179,2017-12-24T15:41:16.62,BUY,6.719e-05,6798.85435095
43189183,2017-12-24T15:41:18.023,BUY,6.73e-05,69.9838
43189185,2017-12-24T15:41:20.18,BUY,6.73e-05,69.9838
43189188,2017-12-24T15:41:21.383,SELL,6.72e-05,14.89385152
43189190,2017-12-24T15:41:22.21,BUY,6.73e-05,250.75100299
43189195,2017-12-24T15:41:26.93,BUY,6.73e-05,8.40617623
43189202,2017-12-24T15:41:42.647,BUY,6.728e-05,725.21481129
43189204,2017-12-24T15:41:42.693,BUY,6.728e-05,255.78740853
43189205,2017-12-24T15:41:42.693,BUY,6.729e-05,981.00221982
43189208,2017-12-24T15:41:48.38,SELL,6.729e-05,447.32487132
43189209,2017-12-24T15:41:49.083,SELL,6.729e-05,386.15502106
43189210,2017-12-24T15:41:49.083,SELL,6.72e-05,61.18853129
43189211,2017-12-24T15:41:49.083,SELL,6.719e-05,1070.59409075
43189212,2017-12-24T15:41:49.083,SELL,6.715e-05,3.21872613
43189213,2017-12-24T15:41:49.083,SELL,6.714e-05,14.89385152
43189214,2017-12-24T15:41:49.083,SELL,6.713e-05,383.74197085
43189215,2017-12-24T15:41:49.083,SELL,6.706e-05,21.90275574
43189216,2017-12-24T15:41:49.083,SELL,6.701e-05,546.95576246
43189217,2017-12-24T15:41:49.083,SELL,6.701e-05,38.85540588
43189218,2017-12-24T15:41:49.083,SELL,6.701e-05,62275.30452848
43189229,2017-12-24T15:41:57.117,BUY,6.73e-05,208.54965825
43189233,2017-12-24T15:41:59.037,SELL,6.704e-05,2058.33545848
43189248,2017-12-24T15:42:11.537,BUY,6.73e-05,297.1769688
43189249,2017-12-24T15:42:14.363,SELL,6.704e-05,9081.00221982
43189250,2017-12-24T15:42:14.473,SELL,6.704e-05,14.42864031
43189252,2017-12-24T15:42:15.457,BUY,6.73e-05,200.0
43189267,2017-12-24T15:42:25.207,BUY,6.729e-05,981.00221982
43189268,2017-12-24T15:42:25.207,BUY,6.73e-05,1496.40952112
43189269,2017-12-24T15:42:25.207,BUY,6.73e-05,15.0
43189270,2017-12-24T15:42:25.207,BUY,6.73e-05,550.28016043
43189281,2017-12-24T15:42:32.16,SELL,6.73e-05,113.98668108
43189290,2017-12-24T15:42:44.877,SELL,6.73e-05,43.32141755
43189291,2017-12-24T15:42:44.877,SELL,6.73e-05,60.35950243
43189293,2017-12-24T15:42:44.957,BUY,6.73e-05,118.57355126
43189296,2017-12-24T15:42:46.347,BUY,6.73e-05,528.56610331
43189299,2017-12-24T15:42:48.127,BUY,6.73e-05,513.97514989
43189300,2017-12-24T15:42:48.127,BUY,6.73e-05,32.38880575
43189301,2017-12-24T15:42:48.127,BUY,6.731e-05,935.80543515
43189306,2017-12-24T15:42:52.563,SELL,6.706e-05,508.4737
43189307,2017-12-24T15:42:52.563,SELL,6.705e-05,4296.78357069
43189311,2017-12-24T15:43:03.47,SELL,6.711e-05,484.98762081
43189312,2017-12-24T15:43:03.703,SELL,6.711e-05,26.72997919
43189313,2017-12-24T15:43:03.703,SELL,6.71e-05,257.27002081
43189317,2017-12-24T15:43:06.313,BUY,6.73e-05,98.0
43189322,2017-12-24T15:43:17.047,SELL,6.711e-05,10.0
43189324,2017-12-24T15:43:17.86,SELL,6.711e-05,65.41936995
43189325,2017-12-24T15:43:17.86,SELL,6.71e-05,4677.31060924
43189326,2017-12-24T15:43:20.687,SELL,6.71e-05,65.41936995
43189327,2017-12-24T15:43:20.687,SELL,6.705e-05,508.4737
43189328,2017-12-24T15:43:20.687,SELL,6.704e-05,1350.0
43189329,2017-12-24T15:43:20.687,SELL,6.701e-05,1941.69494734
43189331,2017-12-24T15:43:22.063,BUY,6.701e-05,782.3244984
43189334,2017-12-24T15:43:27.577,SELL,6.7e-05,176.0
43189335,2017-12-24T15:43:27.577,SELL,6.7e-05,8.43961403
43189349,2017-12-24T15:43:32.687,SELL,6.7e-05,41.56038597
43189350,2017-12-24T15:43:32.687,SELL,6.7e-05,162.22112865
43189352,2017-12-24T15:43:34.17,SELL,6.7e-05,87.77887135
43189353,2017-12-24T15:43:34.17,SELL,6.7e-05,27.22112865
43189356,2017-12-24T15:43:34.687,BUY,6.701e-05,10.0
43189363,2017-12-24T15:43:36.687,BUY,6.701e-05,13.10721107
43189371,2017-12-24T15:43:38.607,SELL,6.7e-05,131.70312221
43189375,2017-12-24T15:43:39.31,SELL,6.7e-05,349.54234765
43189383,2017-12-24T15:43:46.78,BUY,6.698e-05,1600.0
43189386,2017-12-24T15:43:47.17,BUY,6.698e-05,560.73696082
43189396,2017-12-24T15:43:51.92,BUY,6.7e-05,170.0
43189398,2017-12-24T15:44:01.637,BUY,6.701e-05,746.1573
43189399,2017-12-24T15:44:02.153,SELL,6.698e-05,5000.0
43189425,2017-12-24T15:44:11.09,SELL,6.7e-05,50.59694048
43189426,2017-12-24T15:44:11.09,SELL,6.7e-05,14.92537313
43189428,2017-12-24T15:44:11.967,BUY,6.7e-05,395.0
43189432,2017-12-24T15:44:12.857,BUY,6.7e-05,3829.22591798
43189433,2017-12-24T15:44:12.933,SELL,6.698e-05,65.0
43189436,2017-12-24T15:44:12.997,BUY,6.7e-05,710.25176841
43189448,2017-12-24T15:44:17.59,BUY,6.701e-05,2705.1842864
43189473,2017-12-24T15:44:23.73,SELL,6.701e-05,130.0
43189481,2017-12-24T15:44:32.183,SELL,6.701e-05,2164.8157136
43189482,2017-12-24T15:44:32.183,SELL,6.701e-05,8.86844222
43189512,2017-12-24T15:44:41.853,BUY,6.705e-05,202.49900395
43189515,2017-12-24T15:44:43.323,SELL,6.701e-05,17.0
43189538,2017-12-24T15:44:49.4,BUY,6.705e-05,311.42132737
43189555,2017-12-24T15:44:53.18,BUY,6.705e-05,9.08342394
43189564,2017-12-24T15:44:56.37,SELL,6.701e-05,97.8275409
43189565,2017-12-24T15:44:56.37,SELL,6.701e-05,78.45128149
43189566,2017-12-24T15:44:56.37,SELL,6.701e-05,4179.34677701
43189575,2017-12-24T15:45:00.837,SELL,6.701e-05,11.18878838
43189617,2017-12-24T15:45:12.133,BUY,6.705e-05,28.33706189
43189628,2017-12-24T15:45:17.523,SELL,6.701e-05,15.74585635
43189629,2017-12-24T15:45:22.227,SELL,6.701e-05,184.61305482
43189640,2017-12-24T15:45:40.177,BUY,6.704e-05,33.0
43189641,2017-12-24T15:45:40.177,BUY,6.705e-05,467.0
43189643,2017-12-24T15:45:40.35,BUY,6.705e-05,381.65918285
43189646,2017-12-24T15:45:41.63,SELL,6.705e-05,118.34081715
43189649,2017-12-24T15:45:42.083,BUY,6.704e-05,17.58805185
43189661,2017-12-24T15:45:52.223,SELL,6.704e-05,229.83720278
43189663,2017-12-24T15:45:58.223,BUY,6.708e-05,32.82662493
43189666,2017-12-24T15:46:00.44,BUY,6.708e-05,14.87695749
43189669,2017-12-24T15:46:02.643,SELL,6.704e-05,182.58561163
43189674,2017-12-24T15:46:08.427,SELL,6.704e-05,120.28758652
43189675,2017-12-24T15:46:08.427,SELL,6.704e-05,379.71241348
43189676,2017-12-24T15:46:11.817,SELL,6.704e-05,90.68126223
43189678,2017-12-24T15:46:13.02,BUY,6.704e-05,292.61444623
43189681,2017-12-24T15:46:17.423,SELL,6.704e-05,500.0
43189688,2017-12-24T15:46:20.02,SELL,6.704e-05,153.21846552
43189690,2017-12-24T15:46:20.47,BUY,6.704e-05,818.80892505
43189691,2017-12-24T15:46:20.47,BUY,6.708e-05,277.83436654
43189693,2017-12-24T15:46:23.707,BUY,6.704e-05,100.0
43189694,2017-12-24T15:46:23.707,BUY,6.708e-05,519.73716675
43189697,2017-12-24T15:46:33.063,SELL,6.708e-05,125.64153325
43189698,2017-12-24T15:46:33.063,SELL,6.701e-05,609.10552344
43189699,2017-12-24T15:46:33.063,SELL,6.701e-05,1113.65523541
43189700,2017-12-24T15:46:33.063,SELL,6.701e-05,83.0237278
43189701,2017-12-24T15:46:33.063,SELL,6.701e-05,56.07718287
43189702,2017-12-24T15:46:33.063,SELL,6.701e-05,500.0
43189703,2017-12-24T15:46:33.063,SELL,6.696e-05,337.72728362
43189704,2017-12-24T15:46:33.063,SELL,6.694e-05,14.82734427
43189705,2017-12-24T15:46:33.063,SELL,6.688e-05,259.29141746
43189706,2017-12-24T15:46:33.063,SELL,6.684e-05,14.9600268
43189707,2017-12-24T15:46:33.063,SELL,6.675e-05,340.21489663
43189710,2017-12-24T15:46:33.657,BUY,6.672e-05,19058.53768823
43189712,2017-12-24T15:46:33.72,BUY,6.672e-05,7506.81502063
43189714,2017-12-24T15:46:33.72,BUY,6.672e-05,4028.50636631
43189740,2017-12-24T15:46:35.72,BUY,6.698e-05,75.97105864
43189741,2017-12-24T15:46:35.72,BUY,6.724e-05,903.00665946
43189742,2017-12-24T15:46:35.72,BUY,6.725e-05,903.00665946
43189743,2017-12-24T15:46:35.72,BUY,6.726e-05,1963.36272244
43189745,2017-12-24T15:46:35.813,BUY,6.726e-05,39.33214366
43189746,2017-12-24T15:46:35.813,BUY,6.727e-05,903.00665946
43189747,2017-12-24T15:46:35.813,BUY,6.727e-05,1117.35589213
43189760,2017-12-24T15:46:40.047,SELL,6.727e-05,150.0
43189767,2017-12-24T15:46:43.517,BUY,6.728e-05,172.83095979
43189770,2017-12-24T15:46:46.19,BUY,6.728e-05,29.65219976
43189782,2017-12-24T15:47:01.077,BUY,6.728e-05,740.52349991
43189783,2017-12-24T15:47:01.077,BUY,6.728e-05,109.47650009
43189821,2017-12-24T15:47:19.34,SELL,6.727e-05,180.0
43189822,2017-12-24T15:47:19.39,SELL,6.727e-05,13.75676225
43189827,2017-12-24T15:47:21.013,BUY,6.728e-05,31.8210864
43189836,2017-12-24T15:47:23.747,SELL,6.727e-05,14.23199511
43189839,2017-12-24T15:47:26.48,SELL,6.727e-05,10.40517338
43189848,2017-12-24T15:47:28.95,BUY,6.728e-05,16.446184
43189857,2017-12-24T15:47:33.373,BUY,6.728e-05,133.23625113
43189858,2017-12-24T15:47:33.373,BUY,6.728e-05,112.11252856
43189864,2017-12-24T15:47:35.543,SELL,6.727e-05,287.22914131
43189867,2017-12-24T15:47:35.95,BUY,6.728e-05,415.74200645
43189873,2017-12-24T15:47:37.857,SELL,6.727e-05,163.27
43189877,2017-12-24T15:47:39.17,BUY,6.728e-05,148.26099881
43189878,2017-12-24T15:47:40.06,SELL,6.727e-05,32.30400073
43189879,2017-12-24T15:47:41.823,SELL,6.727e-05,120.28758652
43189890,2017-12-24T15:47:45.777,BUY,6.728e-05,322.45367556
43189891,2017-12-24T15:47:46.073,SELL,6.727e-05,178.5153407
43189892,2017-12-24T15:47:46.073,SELL,6.727e-05,24.8041118
43189896,2017-12-24T15:47:46.607,BUY,6.727e-05,742.51345925
43189910,2017-12-24T15:47:51.51,BUY,6.728e-05,62.78101039
43189927,2017-12-24T15:47:59.167,SELL,6.727e-05,72.80259069
43189928,2017-12-24T15:47:59.167,SELL,6.727e-05,52.76073621
43189929,2017-12-24T15:47:59.167,SELL,6.7e-05,163.04048172
43189941,2017-12-24T15:48:03.073,BUY,6.7e-05,746.2687
43189962,2017-12-24T15:48:08.79,BUY,6.7e-05,14.8880597
43189965,2017-12-24T15:48:09.883,BUY,6.7e-05,492.85097368
43189971,2017-12-24T15:48:10.947,BUY,6.7e-05,184.54777056
43189992,2017-12-24T15:48:16.493,BUY,6.7e-05,74.62686567
43190014,2017-12-24T15:48:24.913,BUY,6.7e-05,1600.0
43190018,2017-12-24T15:48:25.54,BUY,6.7e-05,503.63196486
43190028,2017-12-24T15:48:29.32,BUY,6.7e-05,351.45762459
43190033,2017-12-24T15:48:30.133,BUY,6.7e-05,131.25257933
43190035,2017-12-24T15:48:30.243,BUY,6.7e-05,31.56596194
43190061,2017-12-24T15:48:41.837,SELL,6.693e-05,211.68936317
43190065,2017-12-24T15:48:43.54,BUY,6.693e-05,1314.96479468
43190066,2017-12-24T15:48:43.54,BUY,6.7e-05,1027.30569105
43190067,2017-12-24T15:48:43.54,BUY,6.7e-05,443.03189102
43190068,2017-12-24T15:48:43.54,BUY,6.7e-05,2214.69762325
43190075,2017-12-24T15:48:47.663,SELL,6.692e-05,249.7085931
43190076,2017-12-24T15:48:47.663,SELL,6.691e-05,13.66161532
43190119,2017-12-24T15:48:58.133,SELL,6.693e-05,50.0
43190133,2017-12-24T15:49:01.96,BUY,6.68e-05,22.27030274
43190136,2017-12-24T15:49:02.883,BUY,6.68e-05,212.29106118
43190137,2017-12-24T15:49:02.883,BUY,6.691e-05,322.45367556
43190138,2017-12-24T15:49:02.9,BUY,6.692e-05,212.41606326
43190142,2017-12-24T15:49:07.837,BUY,6.692e-05,1600.0
43190146,2017-12-24T15:49:10.21,BUY,6.692e-05,342.95760896
43190150,2017-12-24T15:49:16.93,BUY,6.68e-05,800.0
43190152,2017-12-24T15:49:18.02,BUY,6.68e-05,412.76734909
43190157,2017-12-24T15:49:21.85,BUY,6.692e-05,70.32618313
43190168,2017-12-24T15:49:28.82,SELL,6.67e-05,500.0
43190169,2017-12-24T15:49:28.82,SELL,6.669e-05,250.0
43190170,2017-12-24T15:49:28.82,SELL,6.668e-05,99.3163462
43190171,2017-12-24T15:49:28.82,SELL,6.667e-05,180.0
43190172,2017-12-24T15:49:28.82,SELL,6.667e-05,1000.0
43190174,2017-12-24T15:49:28.927,BUY,6.667e-05,164.06625972
43190176,2017-12-24T15:49:29.52,BUY,6.667e-05,578.31781809
43190180,2017-12-24T15:49:31.757,BUY,6.667e-05,1874.90856721
43190182,2017-12-24T15:49:32.803,BUY,6.692e-05,869.30014465
43190183,2017-12-24T15:49:32.803,BUY,6.692e-05,269.33771161
43190184,2017-12-24T15:49:32.803,BUY,6.7e-05,461.36214374
43190200,2017-12-24T15:49:39.363,SELL,6.667e-05,500.0
43190201,2017-12-24T15:49:39.363,SELL,6.666e-05,8990.7295242
43190206,2017-12-24T15:49:43.16,SELL,6.667e-05,115.21409907
43190208,2017-12-24T15:49:44.8,BUY,6.692e-05,39.0661165
43190220,2017-12-24T15:49:55.893,SELL,6.692e-05,12.95756289
43190226,2017-12-24T15:49:58.13,BUY,6.692e-05,587.35445198
43190227,2017-12-24T15:49:58.13,BUY,6.7e-05,1297.74886229
43190228,2017-12-24T15:49:58.13,BUY,6.7e-05,77.85338837
43190229,2017-12-24T15:49:58.13,BUY,6.7e-05,115.21409907
43190230,2017-12-24T15:49:58.223,SELL,6.7e-05,1901.66832103
43190248,2017-12-24T15:50:05.847,SELL,6.7e-05,1020.16087726
43190249,2017-12-24T15:50:05.847,SELL,6.7e-05,49413.58300075
43190279,2017-12-24T15:50:27.36,BUY,6.728e-05,45.0
43190283,2017-12-24T15:50:34.283,SELL,6.7e-05,17.04176642
43190284,2017-12-24T15:50:34.283,SELL,6.7e-05,208.41431721
43190287,2017-12-24T15:50:36.737,SELL,6.7e-05,75.0
43190297,2017-12-24T15:50:54.89,SELL,6.7e-05,147.94429096
43190299,2017-12-24T15:50:56.593,BUY,6.725e-05,183.0
43190300,2017-12-24T15:50:56.593,BUY,6.728e-05,78.0
43190308,2017-12-24T15:51:01.67,BUY,6.728e-05,176.85565287
43190314,2017-12-24T15:51:15.467,BUY,6.725e-05,100.0
43190315,2017-12-24T15:51:15.467,BUY,6.728e-05,4.52844311
43190318,2017-12-24T15:51:17.247,BUY,6.728e-05,140.00862884
43190320,2017-12-24T15:51:18.497,BUY,6.728e-05,258.80988518
43190325,2017-12-24T15:51:33.293,SELL,6.702e-05,22.44402985
43190333,2017-12-24T15:51:40.277,SELL,6.708e-05,528.4059
43190334,2017-12-24T15:51:40.277,SELL,6.707e-05,97.0
43190342,2017-12-24T15:51:42.48,BUY,6.702e-05,57.7079455
43190346,2017-12-24T15:51:44.667,BUY,6.702e-05,103.02309957
43190352,2017-12-24T15:51:49.87,BUY,6.702e-05,1e-08
43190353,2017-12-24T15:51:49.87,BUY,6.728e-05,109.18602242
43190356,2017-12-24T15:51:51.95,BUY,6.702e-05,104.53472922
43190378,2017-12-24T15:52:02.307,BUY,6.728e-05,63.43238449
43190384,2017-12-24T15:52:05.277,BUY,6.728e-05,16.36444709
43190395,2017-12-24T15:52:25.76,SELL,6.701e-05,502.98622939
43190396,2017-12-24T15:52:25.76,SELL,6.7e-05,245.14809897
43190402,2017-12-24T15:52:36.617,BUY,6.701e-05,97.52163073
43190405,2017-12-24T15:52:37.413,SELL,6.7e-05,32.08444055
43190422,2017-12-24T15:52:49.913,BUY,6.701e-05,423.4283713
43190424,2017-12-24T15:52:52.82,BUY,6.701e-05,500.0
43190431,2017-12-24T15:53:02.803,SELL,6.701e-05,169.66828468
43190435,2017-12-24T15:53:10.053,SELL,6.708e-05,591.12167444
43190440,2017-12-24T15:53:15.333,SELL,6.708e-05,1208.87832556
43190456,2017-12-24T15:53:21.99,BUY,6.708e-05,269.4807406
43190460,2017-12-24T15:53:22.77,BUY,6.708e-05,16.41323792
43190465,2017-12-24T15:53:27.347,BUY,6.708e-05,16.89797569
43190477,2017-12-24T15:53:46.893,SELL,6.705e-05,656.85298622
43190485,2017-12-24T15:53:52.267,SELL,6.705e-05,542.20003391
43190486,2017-12-24T15:53:52.267,SELL,6.704e-05,1636.70942721
43190487,2017-12-24T15:53:52.267,SELL,6.701e-05,28.73921002
43190488,2017-12-24T15:53:52.267,SELL,6.701e-05,135.0
43190489,2017-12-24T15:53:52.267,SELL,6.701e-05,5081.48257156
43190498,2017-12-24T15:53:55.753,SELL,6.701e-05,16.33
43190503,2017-12-24T15:54:04.3,BUY,6.708e-05,173.45083781
43190504,2017-12-24T15:54:04.3,BUY,6.708e-05,983.404535
43190505,2017-12-24T15:54:05.61,SELL,6.708e-05,55.07403585
43190508,2017-12-24T15:54:07.533,SELL,6.708e-05,160.97712684
43190513,2017-12-24T15:54:15.47,BUY,6.726e-05,158.00590247
43190514,2017-12-24T15:54:15.47,BUY,6.726e-05,33.63357181
43190515,2017-12-24T15:54:15.47,BUY,6.727e-05,100.0
43190516,2017-12-24T15:54:15.47,BUY,6.727e-05,152.30012748
43190517,2017-12-24T15:54:18.453,SELL,6.727e-05,261.12995502
43190519,2017-12-24T15:54:19.063,SELL,6.727e-05,33.6684058
43190521,2017-12-24T15:54:22.767,SELL,6.708e-05,1500.0
43190522,2017-12-24T15:54:23.72,SELL,6.708e-05,72.94230462
43190524,2017-12-24T15:54:28.69,BUY,6.725e-05,100.0
43190525,2017-12-24T15:54:28.69,BUY,6.727e-05,196.566077
43190532,2017-12-24T15:55:18.747,SELL,6.71e-05,191.47132897
43190539,2017-12-24T15:55:39.527,BUY,6.727e-05,12.03824971
43190540,2017-12-24T15:55:39.527,BUY,6.727e-05,292.17401346
43190541,2017-12-24T15:55:39.527,BUY,6.727e-05,1178.61812185
43190543,2017-12-24T15:55:41.31,SELL,6.71e-05,29.17056951
43190546,2017-12-24T15:55:42.607,SELL,6.71e-05,150.0
43190553,2017-12-24T15:56:02.167,BUY,6.727e-05,569.62400297
43190556,2017-12-24T15:56:14.57,BUY,6.72e-05,9.71253902
43190561,2017-12-24T15:56:16.12,BUY,6.72e-05,29.6566077
43190567,2017-12-24T15:56:17.82,BUY,6.72e-05,7420.63085328
43190578,2017-12-24T15:56:27.697,SELL,6.71e-05,29.21391161
43190582,2017-12-24T15:56:33.633,BUY,6.727e-05,244.22542664
43190591,2017-12-24T15:56:43.587,BUY,6.72e-05,632.25424219
43190593,2017-12-24T15:56:48.227,SELL,6.71e-05,100.0
43190600,2017-12-24T15:56:59.82,BUY,6.72e-05,5160.53804688
43190610,2017-12-24T15:57:04.91,BUY,6.72e-05,1107.10193266
43190613,2017-12-24T15:57:05.88,BUY,6.72e-05,60.26627344
43190620,2017-12-24T15:57:14.99,BUY,6.72e-05,37.109375
43190624,2017-12-24T15:57:21.707,SELL,6.71e-05,13.74920963
43190626,2017-12-24T15:57:22.583,BUY,6.72e-05,4805.20406296
43190627,2017-12-24T15:57:22.583,BUY,6.72e-05,800.0
43190630,2017-12-24T15:57:24.287,SELL,6.72e-05,3761.36381867
43190632,2017-12-24T15:57:26.19,BUY,6.726e-05,271.0
43190638,2017-12-24T15:57:41.533,SELL,6.72e-05,808.63320911
43190641,2017-12-24T15:57:45.753,SELL,6.72e-05,13.10721107
43190642,2017-12-24T15:57:47.487,SELL,6.72e-05,164.74642475
43190643,2017-12-24T15:57:47.487,SELL,6.72e-05,812.70374465
43190644,2017-12-24T15:57:47.487,SELL,6.72e-05,667.96875
43190645,2017-12-24T15:57:47.487,SELL,6.719e-05,682.42800736
43190646,2017-12-24T15:57:47.487,SELL,6.71e-05,59.63325562
43190647,2017-12-24T15:57:47.487,SELL,6.71e-05,29.73174367
43190648,2017-12-24T15:57:47.487,SELL,6.71e-05,198.24403224
43190649,2017-12-24T15:57:47.487,SELL,6.71e-05,1486.58718331
43190650,2017-12-24T15:57:47.487,SELL,6.708e-05,66.99225137
43190651,2017-12-24T15:57:47.487,SELL,6.701e-05,1400.48107539
43190653,2017-12-24T15:57:52.017,SELL,6.72e-05,100.0
43190654,2017-12-24T15:57:52.893,SELL,6.72e-05,1000.0
43190660,2017-12-24T15:58:01.97,SELL,6.72e-05,50.0
43190661,2017-12-24T15:58:02.017,SELL,6.72e-05,92.53546643
43190664,2017-12-24T15:58:08.453,SELL,6.72e-05,80.0
43190676,2017-12-24T15:58:27.86,SELL,6.72e-05,78.34590009
43190686,2017-12-24T15:58:41.217,SELL,6.72e-05,83.0
43190691,2017-12-24T15:58:45.2,SELL,6.72e-05,36.0
43190704,2017-12-24T15:58:58.78,BUY,6.723e-05,1507.97320711
43190708,2017-12-24T15:58:59.623,BUY,6.723e-05,30.69883292
43190711,2017-12-24T15:59:01.497,SELL,6.72e-05,352.62371997
43190712,2017-12-24T15:59:01.793,SELL,6.72e-05,127.49491351
43190713,2017-12-24T15:59:01.793,SELL,6.72e-05,19.4802039
43190718,2017-12-24T15:59:09.293,SELL,6.72e-05,55.51131173
43190719,2017-12-24T15:59:09.293,SELL,6.72e-05,85.1
43190720,2017-12-24T15:59:09.293,SELL,6.72e-05,17.53869758
43190721,2017-12-24T15:59:09.293,SELL,6.72e-05,1241.84999069
43190723,2017-12-24T15:59:10.573,BUY,6.722e-05,62.0
43190725,2017-12-24T15:59:11.607,SELL,6.72e-05,242.52500931
43190726,2017-12-24T15:59:11.607,SELL,6.72e-05,30.72170763
43190727,2017-12-24T15:59:11.607,SELL,6.72e-05,186.7912065
43190731,2017-12-24T15:59:19.01,BUY,6.719e-05,47.84051773
43190733,2017-12-24T15:59:22.84,SELL,6.701e-05,148.51355047
43190740,2017-12-24T15:59:31.667,SELL,6.701e-05,300.0
43190743,2017-12-24T15:59:33.573,BUY,6.719e-05,1952.15948227
43190746,2017-12-24T15:59:37.277,SELL,6.719e-05,1891.132
43190747,2017-12-24T15:59:37.48,SELL,6.719e-05,6.42e-06
43190749,2017-12-24T15:59:40.04,BUY,6.714e-05,120.95326685
43190764,2017-12-24T16:00:08.383,SELL,6.714e-05,70.91483021
43190765,2017-12-24T16:00:08.383,SELL,6.714e-05,351.56137062
43190766,2017-12-24T16:00:08.383,SELL,6.701e-05,3884.7901275
43190772,2017-12-24T16:00:14.133,BUY,6.716e-05,476.47409172
43190778,2017-12-24T16:00:22.07,SELL,6.701e-05,166.52754591
43190780,2017-12-24T16:00:22.49,BUY,6.715e-05,201.51140908
43190784,2017-12-24T16:00:42.27,SELL,6.701e-05,300.0
43190789,2017-12-24T16:00:54.553,SELL,6.711e-05,900.0
43190792,2017-12-24T16:00:57.99,SELL,6.711e-05,10.0
43190794,2017-12-24T16:00:58.287,BUY,6.712e-05,1684.54508002
43190795,2017-12-24T16:00:58.397,SELL,6.711e-05,1124.58958028
43190805,2017-12-24T16:01:15.13,BUY,6.709e-05,1083.20214216
43190809,2017-12-24T16:01:21.363,BUY,6.707e-05,26.88718179
43190811,2017-12-24T16:01:21.677,BUY,6.707e-05,1732.04031821
43190812,2017-12-24T16:01:21.677,BUY,6.708e-05,156.92972866
43190824,2017-12-24T16:01:44.47,SELL,6.709e-05,698.76520448
43190825,2017-12-24T16:01:44.47,SELL,6.709e-05,1000.0
43190828,2017-12-24T16:01:45.86,BUY,6.707e-05,27.25383039
43190831,2017-12-24T16:01:47.953,BUY,6.706e-05,87.64855571
43190833,2017-12-24T16:01:53.407,BUY,6.706e-05,173.72829483
43190837,2017-12-24T16:02:01.627,BUY,6.704e-05,347.31141917
43190838,2017-12-24T16:02:01.627,BUY,6.706e-05,140.40757794
43190839,2017-12-24T16:02:01.627,BUY,6.706e-05,12.28100289
43190842,2017-12-24T16:02:11.657,BUY,6.706e-05,401.08069092
43190843,2017-12-24T16:02:11.72,SELL,6.706e-05,50.23614077
43190845,2017-12-24T16:02:12.92,BUY,6.705e-05,99.76385923
43190846,2017-12-24T16:02:12.92,BUY,6.707e-05,273.98096513
43190847,2017-12-24T16:02:12.92,BUY,6.714e-05,370.96767564
43190850,2017-12-24T16:02:18.28,SELL,6.706e-05,2034.58958028
43190855,2017-12-24T16:02:26.67,BUY,6.714e-05,36.75533173
43190861,2017-12-24T16:03:04.26,SELL,6.706e-05,164.0
43190863,2017-12-24T16:03:10.2,SELL,6.706e-05,144.07386084
43190864,2017-12-24T16:03:10.323,SELL,6.706e-05,56.2770936
43190865,2017-12-24T16:03:10.637,SELL,6.706e-05,683.95878984
43190867,2017-12-24T16:03:14.417,BUY,6.71e-05,34.27246178
43190868,2017-12-24T16:03:14.417,BUY,6.71e-05,86.51261802
43190869,2017-12-24T16:03:14.417,BUY,6.713e-05,31.58891543
43190870,2017-12-24T16:03:14.417,BUY,6.714e-05,591.67360477
43190871,2017-12-24T16:03:15.853,SELL,6.706e-05,12.94661538
43190872,2017-12-24T16:03:20.34,SELL,6.706e-05,21.2742658
43190878,2017-12-24T16:03:37.79,SELL,6.708e-05,190.96231231
43190880,2017-12-24T16:03:38.82,BUY,6.714e-05,0.60338786
43190881,2017-12-24T16:03:38.82,BUY,6.714e-05,79.69240923
43190882,2017-12-24T16:03:38.82,BUY,6.714e-05,341.03174898
43190883,2017-12-24T16:03:38.82,BUY,6.72e-05,116.75839143
43190892,2017-12-24T16:03:47.133,BUY,6.72e-05,4306.65131102
43190895,2017-12-24T16:03:50.4,BUY,6.714e-05,20.0
43190896,2017-12-24T16:03:50.4,BUY,6.72e-05,27410.80123662
43190900,2017-12-24T16:03:51.04,BUY,6.72e-05,6177.60618
43190904,2017-12-24T16:03:55.617,BUY,6.72e-05,941.46945118
43190905,2017-12-24T16:03:55.617,BUY,6.72e-05,2000.0
43190906,2017-12-24T16:03:55.617,BUY,6.725e-05,31.78574823
43190907,2017-12-24T16:03:55.617,BUY,6.726e-05,142.30856604
43190908,2017-12-24T16:03:55.617,BUY,6.728e-05,6900.53288353
43190916,2017-12-24T16:04:11.85,BUY,6.714e-05,313.54200387
43190917,2017-12-24T16:04:11.85,BUY,6.728e-05,435.00467259
43190922,2017-12-24T16:04:14.913,BUY,6.728e-05,743.1629
43190923,2017-12-24T16:04:18.023,SELL,6.709e-05,500.0
43190925,2017-12-24T16:04:19.6,BUY,6.709e-05,240.0
43190937,2017-12-24T16:04:31.427,BUY,6.728e-05,7874.88709854
43190968,2017-12-24T16:04:47.583,BUY,6.728e-05,1363.197735
43190969,2017-12-24T16:04:47.583,BUY,6.728e-05,23.0
43190970,2017-12-24T16:04:47.583,BUY,6.728e-05,100.0
43190971,2017-12-24T16:04:47.583,BUY,6.728e-05,50.0
43190972,2017-12-24T16:04:47.583,BUY,6.728e-05,71.34461104
43190973,2017-12-24T16:04:47.583,BUY,6.728e-05,20.0
43190974,2017-12-24T16:04:47.583,BUY,6.729e-05,58.13319611
43190980,2017-12-24T16:04:55.94,BUY,6.728e-05,120.95326685
43190981,2017-12-24T16:04:55.94,BUY,6.729e-05,4684.59678308
43190989,2017-12-24T16:04:58.177,BUY,6.73e-05,304.83529749
43190992,2017-12-24T16:04:59.753,BUY,6.73e-05,279.04978537
43190994,2017-12-24T16:05:00.08,BUY,6.73e-05,62.96621496
43190999,2017-12-24T16:05:01.55,BUY,6.73e-05,1756.03609894
43191002,2017-12-24T16:05:02.143,BUY,6.731e-05,2601.26092739
43191007,2017-12-24T16:05:07.033,BUY,6.746e-05,243.64601245
43191011,2017-12-24T16:05:11.27,BUY,6.746e-05,200.0
43191018,2017-12-24T16:05:15.47,BUY,6.746e-05,56.35398755
43191019,2017-12-24T16:05:15.47,BUY,6.747e-05,65.39203519
43191020,2017-12-24T16:05:15.47,BUY,6.747e-05,619.32407726
43191025,2017-12-24T16:05:17.563,BUY,6.747e-05,800.0
43191031,2017-12-24T16:05:20.783,BUY,6.746e-05,90.0
43191033,2017-12-24T16:05:22.22,BUY,6.746e-05,178.390462
43191039,2017-12-24T16:05:26.91,BUY,6.746e-05,100.0
43191041,2017-12-24T16:05:27.41,BUY,6.746e-05,631.609538
43191042,2017-12-24T16:05:27.41,BUY,6.746e-05,31.20058938
43191043,2017-12-24T16:05:27.41,BUY,6.747e-05,937.18987262
43191052,2017-12-24T16:05:39.703,BUY,6.747e-05,1600.0
43191054,2017-12-24T16:05:40.097,BUY,6.747e-05,422.51300753
43191056,2017-12-24T16:05:44.3,SELL,6.73e-05,497.4995
43191058,2017-12-24T16:05:47.75,BUY,6.746e-05,31.91974464
43191059,2017-12-24T16:05:47.75,BUY,6.747e-05,426.23031328
43191060,2017-12-24T16:05:47.75,BUY,6.747e-05,508.46659851
43191061,2017-12-24T16:05:47.75,BUY,6.747e-05,100.0
43191062,2017-12-24T16:05:47.75,BUY,6.748e-05,140.0
43191063,2017-12-24T16:05:47.75,BUY,6.749e-05,393.38334357
43191072,2017-12-24T16:05:53.923,BUY,6.747e-05,20.0
43191074,2017-12-24T16:05:55.657,SELL,6.747e-05,259.25314087
43191083,2017-12-24T16:06:01.767,SELL,6.747e-05,310.02
43191094,2017-12-24T16:06:13.907,BUY,6.749e-05,85.22182382
43191096,2017-12-24T16:06:14.593,SELL,6.747e-05,1191.95907
43191098,2017-12-24T16:06:14.797,BUY,6.749e-05,738.9891
43191100,2017-12-24T16:06:17.25,BUY,6.749e-05,308.24095917
43191101,2017-12-24T16:06:17.25,BUY,6.749e-05,269.94662384
43191119,2017-12-24T16:06:29.077,BUY,6.75e-05,102.93298556
43191122,2017-12-24T16:06:33.043,SELL,6.749e-05,1498.80145923
43191128,2017-12-24T16:06:36.153,BUY,6.75e-05,90.14610506
43191129,2017-12-24T16:06:36.153,BUY,6.75e-05,10.0
43191130,2017-12-24T16:06:36.153,BUY,6.75e-05,399.85389494
43191168,2017-12-24T16:07:00.403,SELL,6.749e-05,20.72168697
43191177,2017-12-24T16:07:07.15,BUY,6.75e-05,72.53599334
43191187,2017-12-24T16:07:14.743,BUY,6.75e-05,330.95669075
43191188,2017-12-24T16:07:14.743,BUY,6.75e-05,50.39649652
43191189,2017-12-24T16:07:14.743,BUY,6.75e-05,74.25925926
43191193,2017-12-24T16:07:15.493,BUY,6.756e-05,95.42995422
43191194,2017-12-24T16:07:15.493,BUY,6.758e-05,306.00811298
43191195,2017-12-24T16:07:15.493,BUY,6.766e-05,337.5510328
43191198,2017-12-24T16:07:15.683,SELL,6.75e-05,574.38755347
43191199,2017-12-24T16:07:15.683,SELL,6.749e-05,333.34693526
43191200,2017-12-24T16:07:15.683,SELL,6.749e-05,146.05770707
43191201,2017-12-24T16:07:15.683,SELL,6.749e-05,132.15670433
43191202,2017-12-24T16:07:15.683,SELL,6.749e-05,1381.6467284
43191203,2017-12-24T16:07:15.683,SELL,6.747e-05,319.35996665
43191204,2017-12-24T16:07:15.683,SELL,6.747e-05,44.84965569
43191209,2017-12-24T16:07:17.743,BUY,6.747e-05,6388.23588955
43191231,2017-12-24T16:07:35.853,BUY,6.754e-05,31.39335205
43191232,2017-12-24T16:07:35.853,BUY,6.755e-05,187.98008942
43191233,2017-12-24T16:07:35.853,BUY,6.755e-05,780.62655853
43191235,2017-12-24T16:07:36.227,SELL,6.749e-05,45.15994391
43191236,2017-12-24T16:07:36.227,SELL,6.747e-05,8864.59873055
43191237,2017-12-24T16:07:36.227,SELL,6.74e-05,1106.33797452
43191244,2017-12-24T16:07:40.603,SELL,6.749e-05,905.04898361
43191246,2017-12-24T16:07:42.273,BUY,6.766e-05,80.0
43191258,2017-12-24T16:07:48.947,BUY,6.766e-05,491.10478312
43191260,2017-12-24T16:07:53.137,BUY,6.766e-05,42320.52015984
43191270,2017-12-24T16:07:59.277,BUY,6.766e-05,296.20347593
43191274,2017-12-24T16:08:01.76,BUY,6.766e-05,500.0
43191289,2017-12-24T16:08:12.26,BUY,6.766e-05,832.33988841
43191292,2017-12-24T16:08:15.243,BUY,6.766e-05,738.9891
43191300,2017-12-24T16:08:27.18,BUY,6.765e-05,339.28432705
43191307,2017-12-24T16:08:35.633,BUY,6.765e-05,159.28817658
43191316,2017-12-24T16:08:41.413,SELL,6.765e-05,128.97977143
43191320,2017-12-24T16:08:43.583,BUY,6.765e-05,80.0
43191323,2017-12-24T16:08:45.85,BUY,6.765e-05,1166.69036942
43191330,2017-12-24T16:08:48.227,BUY,6.765e-05,38.49975947
43191335,2017-12-24T16:08:49.32,BUY,6.765e-05,86.57252551
43191336,2017-12-24T16:08:49.32,BUY,6.765e-05,783.84423183
43191347,2017-12-24T16:08:56.913,BUY,6.766e-05,14.77978125
43191353,2017-12-24T16:09:01.083,SELL,6.765e-05,4065.82719908
43191355,2017-12-24T16:09:03.067,SELL,6.765e-05,185.05728676
43191357,2017-12-24T16:09:03.63,BUY,6.766e-05,910.46224226
43191362,2017-12-24T16:09:05.46,BUY,6.766e-05,146.13304162
43191377,2017-12-24T16:09:15.223,BUY,6.766e-05,916.95255278
43191380,2017-12-24T16:09:16.973,BUY,6.766e-05,517.08622796
43191382,2017-12-24T16:09:19.067,SELL,6.765e-05,100.0
43191384,2017-12-24T16:09:22.287,SELL,6.765e-05,20.0
43191386,2017-12-24T16:09:23.677,BUY,6.766e-05,1000.0
43191389,2017-12-24T16:09:28.143,BUY,6.766e-05,884.56990837
43191393,2017-12-24T16:09:30.207,BUY,6.766e-05,738.9891
43191398,2017-12-24T16:09:36.533,BUY,6.766e-05,4484.22645692
43191400,2017-12-24T16:09:39.22,BUY,6.766e-05,50.43225565
43191404,2017-12-24T16:09:42.3,BUY,6.766e-05,104.69268179
43191416,2017-12-24T16:09:59.47,BUY,6.766e-05,400.0
43191425,2017-12-24T16:10:10.453,BUY,6.766e-05,1245.43636474
43191427,2017-12-24T16:10:11.877,BUY,6.766e-05,800.0
43191438,2017-12-24T16:10:20.047,BUY,6.766e-05,20.0
43191452,2017-12-24T16:10:27.907,SELL,6.765e-05,31.09898675
43191455,2017-12-24T16:10:28.78,BUY,6.766e-05,800.0
43191460,2017-12-24T16:10:30,BUY,6.766e-05,56.85240047
43191462,2017-12-24T16:10:30,BUY,6.766e-05,738.9891
43191466,2017-12-24T16:10:30.093,BUY,6.766e-05,250.0
43191474,2017-12-24T16:10:34.123,BUY,6.766e-05,147.42831806
43191476,2017-12-24T16:10:34.797,BUY,6.766e-05,176.26112803
43191477,2017-12-24T16:10:34.797,BUY,6.766e-05,823.73887197
43191480,2017-12-24T16:10:35.28,BUY,6.766e-05,162.39391406
43191484,2017-12-24T16:10:37.907,BUY,6.766e-05,100.0
43191489,2017-12-24T16:10:38.717,BUY,6.766e-05,24.86721397
43191490,2017-12-24T16:10:38.717,BUY,6.766e-05,3318.8344647
43191491,2017-12-24T16:10:38.717,BUY,6.766e-05,200.0
43191494,2017-12-24T16:10:43.123,SELL,6.766e-05,1409.82223212
43191513,2017-12-24T16:10:51.623,BUY,6.766e-05,267.83006143
43191514,2017-12-24T16:10:51.623,BUY,6.766e-05,87.57726399
43191515,2017-12-24T16:10:51.623,BUY,6.767e-05,4549.26641703
43191528,2017-12-24T16:10:58.06,BUY,6.766e-05,42.87463428
43191533,2017-12-24T16:10:59.67,BUY,6.766e-05,357.12536572
43191534,2017-12-24T16:10:59.67,BUY,6.766e-05,865.58051947
43191536,2017-12-24T16:11:03.09,SELL,6.766e-05,477.29411481
43191538,2017-12-24T16:11:14.043,SELL,6.765e-05,706.5936847
43191539,2017-12-24T16:11:14.043,SELL,6.765e-05,213.10899175
43191540,2017-12-24T16:11:14.497,SELL,6.765e-05,34.82719007
43191541,2017-12-24T16:11:14.497,SELL,6.765e-05,632.60344124
43191551,2017-12-24T16:11:26.527,BUY,6.765e-05,70.0
43191554,2017-12-24T16:11:30.167,BUY,6.765e-05,739.0983
43191560,2017-12-24T16:11:51.337,BUY,6.765e-05,910.59682648
43191563,2017-12-24T16:11:57.197,BUY,6.765e-05,2197.83301144
43191564,2017-12-24T16:11:57.197,BUY,6.765e-05,153.47559245
43191565,2017-12-24T16:11:57.197,BUY,6.765e-05,4904.67374245
43191566,2017-12-24T16:11:57.197,BUY,6.765e-05,136.55635876
43191572,2017-12-24T16:12:02.493,BUY,6.765e-05,18.52759646
43191573,2017-12-24T16:12:02.493,BUY,6.765e-05,100.0
43191574,2017-12-24T16:12:02.493,BUY,6.765e-05,50.20797006
43191576,2017-12-24T16:12:02.713,BUY,6.765e-05,0.42287387
43191587,2017-12-24T16:12:17.87,BUY,6.766e-05,206.66467502
43191588,2017-12-24T16:12:17.87,BUY,6.766e-05,46.62304277
43191589,2017-12-24T16:12:17.87,BUY,6.766e-05,165.82722025
43191592,2017-12-24T16:12:18.727,BUY,6.766e-05,507.96806746
43191597,2017-12-24T16:12:22.447,BUY,6.766e-05,91.03822504
43191601,2017-12-24T16:12:23.46,BUY,6.766e-05,235.16648725
43191607,2017-12-24T16:12:27.82,BUY,6.767e-05,255.99085366
43191624,2017-12-24T16:12:35.6,BUY,6.771e-05,31.10180628
43191625,2017-12-24T16:12:35.6,BUY,6.772e-05,14.76668636
43191626,2017-12-24T16:12:35.6,BUY,6.772e-05,220.16717131
43191635,2017-12-24T16:12:41.257,SELL,6.772e-05,177.28476206
43191641,2017-12-24T16:12:44.29,SELL,6.772e-05,8.52803887
43191650,2017-12-24T16:12:47.49,BUY,6.78e-05,71.68508739
43191667,2017-12-24T16:12:53.99,BUY,6.78e-05,28.77375876
43191668,2017-12-24T16:12:53.99,BUY,6.78e-05,30.78354267
43191675,2017-12-24T16:13:03.77,BUY,6.78e-05,18.21645733
43191676,2017-12-24T16:13:03.77,BUY,6.78e-05,56.55502105
43191678,2017-12-24T16:13:04.553,BUY,6.78e-05,20.57921037
43191683,2017-12-24T16:13:11.583,SELL,6.772e-05,15.51349674
43191685,2017-12-24T16:13:12.27,BUY,6.78e-05,22.86576858
43191689,2017-12-24T16:13:14.193,BUY,6.783e-05,1369.28131678
43191690,2017-12-24T16:13:15.177,SELL,6.783e-05,0.71868322
43191691,2017-12-24T16:13:15.177,SELL,6.78e-05,522.773352
43191692,2017-12-24T16:13:15.177,SELL,6.772e-05,1189.08920226
43191693,2017-12-24T16:13:15.177,SELL,6.772e-05,177.0
43191694,2017-12-24T16:13:15.177,SELL,6.772e-05,16.16223974
43191695,2017-12-24T16:13:15.177,SELL,6.772e-05,615.99832374
43191701,2017-12-24T16:13:19.71,BUY,6.77e-05,738.5524
43191708,2017-12-24T16:13:22.427,BUY,6.77e-05,3241.86059657
43191709,2017-12-24T16:13:22.427,BUY,6.78e-05,255.99085366
43191737,2017-12-24T16:13:48.19,BUY,6.786e-05,8.37240455
43191745,2017-12-24T16:13:54.77,SELL,6.786e-05,0.62759545
43191746,2017-12-24T16:13:54.77,SELL,6.78e-05,1438.6948385
43191747,2017-12-24T16:13:54.77,SELL,6.779e-05,110.86472609
43191748,2017-12-24T16:13:54.77,SELL,6.77e-05,633.85481832
43191749,2017-12-24T16:13:54.77,SELL,6.767e-05,200.0
43191750,2017-12-24T16:13:54.77,SELL,6.767e-05,636.85061028
43191751,2017-12-24T16:13:54.77,SELL,6.766e-05,631.07052146
43191752,2017-12-24T16:13:54.77,SELL,6.766e-05,477.70855155
43191753,2017-12-24T16:13:54.77,SELL,6.765e-05,39.57712613
43191754,2017-12-24T16:13:54.77,SELL,6.765e-05,737.45788392
43191755,2017-12-24T16:13:54.77,SELL,6.765e-05,849.38518448
43191756,2017-12-24T16:13:54.77,SELL,6.765e-05,3838.26568095
43191757,2017-12-24T16:13:54.783,SELL,6.765e-05,104.1437795
43191758,2017-12-24T16:13:54.783,SELL,6.765e-05,111.1106196
43191766,2017-12-24T16:13:57.783,BUY,6.765e-05,97.53833478
43191794,2017-12-24T16:14:07.737,SELL,6.765e-05,762.14726275
43191795,2017-12-24T16:14:07.737,SELL,6.765e-05,100.0
43191809,2017-12-24T16:14:19.177,BUY,6.764e-05,739.0983
43191812,2017-12-24T16:14:23.33,BUY,6.764e-05,486.9998
43191815,2017-12-24T16:14:25.143,BUY,6.764e-05,3827.75335023
43191816,2017-12-24T16:14:25.143,BUY,6.765e-05,3447.37584489
43191824,2017-12-24T16:14:36.957,SELL,6.75e-05,650.100001
43191833,2017-12-24T16:14:46.83,SELL,6.75e-05,30.0
43191839,2017-12-24T16:15:06.813,BUY,6.764e-05,400.0
43191840,2017-12-24T16:15:06.813,BUY,6.764e-05,20.41145417
43191841,2017-12-24T16:15:06.813,BUY,6.764e-05,91.58854583
43191848,2017-12-24T16:15:15.11,BUY,6.764e-05,72.23145745
43191849,2017-12-24T16:15:15.11,BUY,6.764e-05,100.0
43191861,2017-12-24T16:15:19.42,BUY,6.765e-05,739.0983
43191883,2017-12-24T16:15:35.093,SELL,6.764e-05,1072.76854255
43191896,2017-12-24T16:15:49.797,BUY,6.763e-05,90.14778252
43191899,2017-12-24T16:15:50.937,SELL,6.75e-05,186.58459789
43191900,2017-12-24T16:15:50.937,SELL,6.75e-05,50.0
43191901,2017-12-24T16:15:50.937,SELL,6.75e-05,1000.0
43191912,2017-12-24T16:15:56.28,BUY,6.75e-05,128.25
43191913,2017-12-24T16:15:57.92,SELL,6.749e-05,100.0
43191924,2017-12-24T16:16:16.17,BUY,6.748e-05,265.0216893
43191925,2017-12-24T16:16:18.187,SELL,6.731e-05,500.0
43191927,2017-12-24T16:16:19.403,BUY,6.731e-05,740.8505
43191929,2017-12-24T16:16:21.937,BUY,6.731e-05,641.667
43191931,2017-12-24T16:16:22.187,BUY,6.731e-05,1.145e-05
43191948,2017-12-24T16:16:33.123,SELL,6.731e-05,500.0
43191951,2017-12-24T16:16:36.09,BUY,6.731e-05,366.237
43191954,2017-12-24T16:16:36.56,BUY,6.731e-05,8.71e-06
43191969,2017-12-24T16:16:42.34,BUY,6.748e-05,2435.8974359
43191970,2017-12-24T16:16:42.34,BUY,6.749e-05,129.20575987
43191976,2017-12-24T16:16:42.717,SELL,6.745e-05,90.14778252
43192000,2017-12-24T16:16:47.887,BUY,6.747e-05,34.52252394
43192010,2017-12-24T16:16:53.027,SELL,6.732e-05,500.0
43192021,2017-12-24T16:16:57.323,BUY,6.732e-05,390.80868549
43192029,2017-12-24T16:17:02.917,BUY,6.747e-05,14.77978126
43192033,2017-12-24T16:17:04.277,BUY,6.747e-05,15.13719774
43192041,2017-12-24T16:17:11.493,BUY,6.745e-05,1078.64982237
43192042,2017-12-24T16:17:11.493,BUY,6.747e-05,78.15141145
43192043,2017-12-24T16:17:11.493,BUY,6.747e-05,622.39316618
43192045,2017-12-24T16:17:11.79,BUY,6.747e-05,28.52122107
43192046,2017-12-24T16:17:11.79,BUY,6.748e-05,1050.128588
43192056,2017-12-24T16:17:14.79,SELL,6.75e-05,2857.8442
43192057,2017-12-24T16:17:15.853,SELL,6.733e-05,500.0
43192058,2017-12-24T16:17:15.853,SELL,6.732e-05,250.0
43192059,2017-12-24T16:17:15.853,SELL,6.73e-05,44.3407084
43192060,2017-12-24T16:17:15.853,SELL,6.716e-05,400.11541841
43192062,2017-12-24T16:17:15.93,BUY,6.75e-05,280.00032468
43192065,2017-12-24T16:17:17.103,SELL,6.751e-05,500.0
43192071,2017-12-24T16:17:19.243,SELL,6.748e-05,319.56822525
43192072,2017-12-24T16:17:19.243,SELL,6.731e-05,50.91698031
43192073,2017-12-24T16:17:19.243,SELL,6.715e-05,357.29486225
43192074,2017-12-24T16:17:19.243,SELL,6.707e-05,13.66161532
43192075,2017-12-24T16:17:19.243,SELL,6.705e-05,49.58817226
43192076,2017-12-24T16:17:19.243,SELL,6.702e-05,351.03088295
43192077,2017-12-24T16:17:19.243,SELL,6.701e-05,149.23145799
43192078,2017-12-24T16:17:19.243,SELL,6.701e-05,449.33074863
43192082,2017-12-24T16:17:20.383,BUY,6.75e-05,739.0983
43192086,2017-12-24T16:17:21.98,SELL,6.732e-05,14.77978126
43192103,2017-12-24T16:17:29.29,SELL,6.733e-05,351.56137062
43192109,2017-12-24T16:17:33.087,BUY,6.75e-05,93.52588896
43192111,2017-12-24T16:17:33.197,BUY,6.75e-05,285.94837444
43192117,2017-12-24T16:17:38.617,SELL,6.733e-05,148.43862938
43192118,2017-12-24T16:17:38.617,SELL,6.733e-05,24.51393617
43192133,2017-12-24T16:17:51.43,SELL,6.734e-05,500.0
43192134,2017-12-24T16:17:51.43,SELL,6.733e-05,210.0
43192137,2017-12-24T16:17:52.4,BUY,6.749e-05,30.99173139
43192138,2017-12-24T16:17:52.4,BUY,6.75e-05,49.00136861
43192144,2017-12-24T16:17:55.397,BUY,6.75e-05,3.03e-06
43192157,2017-12-24T16:18:01.007,BUY,6.764e-05,29.49438202
43192160,2017-12-24T16:18:05.93,BUY,6.764e-05,70.50561798
43192177,2017-12-24T16:18:12.333,BUY,6.765e-05,1264.4650753
43192180,2017-12-24T16:18:14.6,SELL,6.764e-05,898.49587297
43192181,2017-12-24T16:18:14.6,SELL,6.764e-05,3563.40904096
43192186,2017-12-24T16:18:19.6,BUY,6.764e-05,739.2076
43192191,2017-12-24T16:18:21.693,BUY,6.764e-05,230.39946327
43192195,2017-12-24T16:18:27.943,BUY,6.764e-05,530.39293673
43192196,2017-12-24T16:18:28.287,SELL,6.764e-05,739.45507866
43192202,2017-12-24T16:18:35.083,SELL,6.764e-05,400.0
43192204,2017-12-24T16:18:37.613,BUY,6.765e-05,125.95586585
43192206,2017-12-24T16:18:40.163,SELL,6.764e-05,300.64677597
43192219,2017-12-24T16:18:51.49,SELL,6.764e-05,110.0
43192220,2017-12-24T16:18:51.8,SELL,6.764e-05,419.50520864
43192221,2017-12-24T16:18:51.8,SELL,6.764e-05,1248.9280166
43192222,2017-12-24T16:18:52.21,SELL,6.764e-05,812.18187387
43192224,2017-12-24T16:18:54.16,BUY,6.765e-05,36.971051
43192226,2017-12-24T16:18:56.363,BUY,6.765e-05,10.0
43192228,2017-12-24T16:18:59.13,BUY,6.765e-05,16.27553585
43192233,2017-12-24T16:19:10.097,BUY,6.765e-05,63.90420317
43192238,2017-12-24T16:19:19.77,BUY,6.765e-05,626.43418822
43192247,2017-12-24T16:19:26.94,BUY,6.778e-05,63.0
43192256,2017-12-24T16:19:38.343,SELL,6.765e-05,112.66411178
43192263,2017-12-24T16:19:46.36,BUY,6.765e-05,15.10768533
43192270,2017-12-24T16:19:53.483,BUY,6.765e-05,1436.60424765
43192271,2017-12-24T16:19:53.483,BUY,6.778e-05,3563.39575235
43192273,2017-12-24T16:19:57.17,SELL,6.764e-05,38.0
43192275,2017-12-24T16:20:01.28,BUY,6.778e-05,1373.60424765
43192276,2017-12-24T16:20:01.28,BUY,6.78e-05,187.84228077
43192281,2017-12-24T16:20:06.057,SELL,6.78e-05,2886.71959834
43192282,2017-12-24T16:20:09.557,SELL,6.78e-05,551.83387324
43192284,2017-12-24T16:20:11.727,BUY,6.789e-05,27.51444105
43192287,2017-12-24T16:20:17.43,BUY,6.789e-05,16.21799971
43192288,2017-12-24T16:20:18.693,SELL,6.764e-05,100.0
43192290,2017-12-24T16:20:22.66,BUY,6.789e-05,56.26755924
43192291,2017-12-24T16:20:22.66,BUY,6.789e-05,80.0
43192292,2017-12-24T16:20:22.66,BUY,6.79e-05,25.0
43192293,2017-12-24T16:20:22.66,BUY,6.791e-05,29.77045334
43192294,2017-12-24T16:20:22.66,BUY,6.791e-05,259.29141746
43192295,2017-12-24T16:20:22.66,BUY,6.791e-05,285.93916996
43192296,2017-12-24T16:20:22.973,SELL,6.764e-05,17.92650134
43192301,2017-12-24T16:20:41.387,SELL,6.765e-05,1000.0
43192306,2017-12-24T16:20:54.163,BUY,6.779e-05,19.86908186
43192309,2017-12-24T16:21:02.94,SELL,6.765e-05,388.06535553
43192310,2017-12-24T16:21:02.94,SELL,6.765e-05,1336.53616851
43192311,2017-12-24T16:21:02.94,SELL,6.765e-05,32.92546231
43192320,2017-12-24T16:21:09.797,BUY,6.765e-05,263.73209621
43192325,2017-12-24T16:21:11.687,BUY,6.765e-05,289.1571379
43192326,2017-12-24T16:21:11.687,BUY,6.775e-05,742.25512726
43192328,2017-12-24T16:21:16.64,SELL,6.775e-05,1203.18450813
43192337,2017-12-24T16:21:21.543,BUY,6.779e-05,19.49599751
43192338,2017-12-24T16:21:21.543,BUY,6.78e-05,100.0
43192339,2017-12-24T16:21:21.543,BUY,6.78e-05,38.49975947
43192340,2017-12-24T16:21:21.543,BUY,6.79e-05,548.79951503
43192341,2017-12-24T16:21:21.543,BUY,6.79e-05,29.58172799
43192343,2017-12-24T16:21:26.82,SELL,6.775e-05,1319.7
43192355,2017-12-24T16:21:39.783,BUY,6.789e-05,51.6826933
43192357,2017-12-24T16:21:40.55,BUY,6.779e-05,200.0
43192358,2017-12-24T16:21:40.55,BUY,6.789e-05,689.48287776
43192359,2017-12-24T16:21:40.55,BUY,6.789e-05,1110.51712224
43192361,2017-12-24T16:21:41.363,BUY,6.789e-05,36.51872625
43192363,2017-12-24T16:21:46.11,BUY,6.789e-05,518.2566018
43192367,2017-12-24T16:21:50.263,SELL,6.789e-05,437.173941
43192368,2017-12-24T16:21:50.263,SELL,6.789e-05,176.3146266
43192369,2017-12-24T16:21:50.263,SELL,6.776e-05,485.68842774
43192375,2017-12-24T16:22:02.713,BUY,6.79e-05,121.03831067
43192376,2017-12-24T16:22:02.713,BUY,6.79e-05,128.96168933
43192378,2017-12-24T16:22:03.383,BUY,6.79e-05,21.03831067
43192379,2017-12-24T16:22:03.383,BUY,6.791e-05,75.53564933
43192387,2017-12-24T16:22:10.117,BUY,6.791e-05,12.28389782
43192395,2017-12-24T16:22:21.66,BUY,6.791e-05,399.65105988
43192396,2017-12-24T16:22:21.66,BUY,6.791e-05,39.0
43192397,2017-12-24T16:22:21.66,BUY,6.791e-05,29.46820627
43192398,2017-12-24T16:22:21.66,BUY,6.791e-05,267.82423385
43192400,2017-12-24T16:22:23.86,BUY,6.791e-05,57.26783353
43192401,2017-12-24T16:22:23.86,BUY,6.792e-05,13.66161532
43192402,2017-12-24T16:22:23.86,BUY,6.793e-05,130.0
43192403,2017-12-24T16:22:23.86,BUY,6.794e-05,864.56764093
43192404,2017-12-24T16:22:23.86,BUY,6.794e-05,746.50291022
43192419,2017-12-24T16:22:42.4,BUY,6.793e-05,745.64651936
43192421,2017-12-24T16:22:42.79,BUY,6.793e-05,36.53906153
43192426,2017-12-24T16:22:47.303,BUY,6.792e-05,30.69480209
43192427,2017-12-24T16:22:47.303,BUY,6.793e-05,51.00853872
43192428,2017-12-24T16:22:47.303,BUY,6.793e-05,104.0
43192438,2017-12-24T16:22:52.193,SELL,6.793e-05,591.55949913
43192439,2017-12-24T16:22:53.3,SELL,6.78e-05,50.0
43192448,2017-12-24T16:23:01.877,SELL,6.78e-05,54.78200534
43192453,2017-12-24T16:23:05.953,SELL,6.78e-05,4895.21799466
43192455,2017-12-24T16:23:07.687,BUY,6.78e-05,308.83423894
43192459,2017-12-24T16:23:12.12,BUY,6.78e-05,14.75579165
43192477,2017-12-24T16:23:21.51,BUY,6.78e-05,737.4631
43192481,2017-12-24T16:23:25.087,BUY,6.78e-05,1628.61162178
43192486,2017-12-24T16:23:31.253,SELL,6.78e-05,13.35596787
43192487,2017-12-24T16:23:31.833,SELL,6.78e-05,142.21143332
43192496,2017-12-24T16:23:35.893,BUY,6.792e-05,40.0
43192502,2017-12-24T16:23:42.797,BUY,6.793e-05,626.55321233
43192505,2017-12-24T16:23:45.233,BUY,6.794e-05,51.0
43192506,2017-12-24T16:23:45.483,SELL,6.792e-05,10.0
43192507,2017-12-24T16:23:45.483,SELL,6.792e-05,5.0
43192514,2017-12-24T16:23:52.183,SELL,6.792e-05,58.41938163
43192516,2017-12-24T16:23:52.323,BUY,6.792e-05,149.93
43192526,2017-12-24T16:23:58.917,BUY,6.792e-05,491.03747346
43192540,2017-12-24T16:24:02.007,SELL,6.792e-05,950.77734196
43192558,2017-12-24T16:24:08.99,BUY,6.793e-05,149.93
43192559,2017-12-24T16:24:08.99,BUY,6.793e-05,938.10211909
43192588,2017-12-24T16:24:19.767,SELL,6.791e-05,182.8972169
43192591,2017-12-24T16:24:22.25,BUY,6.793e-05,736.0518
43192597,2017-12-24T16:24:31.293,BUY,6.791e-05,22.08805772
43192603,2017-12-24T16:24:45.943,SELL,6.787e-05,249.00427287
43192651,2017-12-24T16:25:17.917,SELL,6.781e-05,261.12995502
43192652,2017-12-24T16:25:23.587,SELL,6.781e-05,461.58478886
43192654,2017-12-24T16:25:28.663,SELL,6.78e-05,3215.82097703
43192655,2017-12-24T16:25:28.663,SELL,6.78e-05,3215.82097703
43192656,2017-12-24T16:25:28.663,SELL,6.78e-05,84.5586329
43192660,2017-12-24T16:25:37.94,SELL,6.78e-05,1749.71998878
43192662,2017-12-24T16:25:38.813,BUY,6.78e-05,1306.80425874
43192663,2017-12-24T16:25:38.813,BUY,6.781e-05,744.51795127
43192664,2017-12-24T16:25:38.813,BUY,6.787e-05,471.81099308
43192665,2017-12-24T16:25:38.813,BUY,6.79e-05,150.08850689
43192671,2017-12-24T16:25:42.36,SELL,6.785e-05,191.09974376
43192674,2017-12-24T16:25:44.343,SELL,6.785e-05,1615.14330055
43192675,2017-12-24T16:25:46.64,SELL,6.785e-05,7632.57138502
43192676,2017-12-24T16:25:48.217,SELL,6.785e-05,1753.71378449
43192678,2017-12-24T16:25:49.327,BUY,6.79e-05,654.26121804
43192679,2017-12-24T16:25:49.327,BUY,6.79e-05,401.89903704
43192680,2017-12-24T16:25:49.81,SELL,6.785e-05,1671.1289143
43192682,2017-12-24T16:25:56.387,BUY,6.79e-05,98.10096296
43192683,2017-12-24T16:25:56.387,BUY,6.791e-05,160.80915918
43192684,2017-12-24T16:25:56.387,BUY,6.792e-05,477.25007786
43192688,2017-12-24T16:26:03.493,SELL,6.785e-05,641.83143122
43192694,2017-12-24T16:26:17.61,SELL,6.785e-05,1731.4089756
43192698,2017-12-24T16:26:25.047,BUY,6.789e-05,4207.18575998
43192699,2017-12-24T16:26:25.047,BUY,6.789e-05,82.01325693
43192700,2017-12-24T16:26:25.047,BUY,6.79e-05,710.80098309
43192705,2017-12-24T16:26:29.903,SELL,6.789e-05,43.8584103
43192711,2017-12-24T16:26:41.54,BUY,6.789e-05,23.38814561
43192716,2017-12-24T16:26:54.533,BUY,6.789e-05,24.84980867
43192717,2017-12-24T16:26:54.533,BUY,6.789e-05,711.63569133
43192721,2017-12-24T16:26:56.957,BUY,6.789e-05,721.86304014
43192725,2017-12-24T16:27:00.767,BUY,6.789e-05,645.65982995
43192726,2017-12-24T16:27:01.297,SELL,6.789e-05,63.52019206
43192729,2017-12-24T16:27:04.14,SELL,6.789e-05,1206.80277621
43192731,2017-12-24T16:27:05.233,SELL,6.789e-05,315.03891033
43192736,2017-12-24T16:27:12.277,SELL,6.789e-05,1234.58163021
43192738,2017-12-24T16:27:12.823,SELL,6.789e-05,30.0
43192739,2017-12-24T16:27:13.293,SELL,6.789e-05,57.04943937
43192743,2017-12-24T16:27:19.667,SELL,6.789e-05,2346.24954953
43192746,2017-12-24T16:27:30.537,SELL,6.789e-05,1674.33966414
43192747,2017-12-24T16:27:33.91,SELL,6.789e-05,30.53608306
43192750,2017-12-24T16:27:42.28,SELL,6.789e-05,109.49928809
43192752,2017-12-24T16:27:43.5,SELL,6.789e-05,3689.86406907
43192753,2017-12-24T16:27:43.5,SELL,6.789e-05,388.26383738
43192759,2017-12-24T16:27:46.78,BUY,6.789e-05,24.24785876
43192762,2017-12-24T16:27:52.7,BUY,6.789e-05,2938.1443299
43192764,2017-12-24T16:27:54.73,BUY,6.789e-05,736.4855
43192765,2017-12-24T16:27:54.887,SELL,6.785e-05,2010.70988264
43192767,2017-12-24T16:27:57.01,BUY,6.789e-05,639.54546431
43192768,2017-12-24T16:27:57.01,BUY,6.789e-05,20.0
43192769,2017-12-24T16:27:57.01,BUY,6.789e-05,55.07808871
43192770,2017-12-24T16:27:57.027,BUY,6.789e-05,4285.37644698
43192776,2017-12-24T16:27:58.837,SELL,6.785e-05,435.0
43192777,2017-12-24T16:27:59.51,SELL,6.785e-05,13.68708871
43192792,2017-12-24T16:28:12.3,SELL,6.786e-05,328.9143483
43192809,2017-12-24T16:28:29.793,BUY,6.787e-05,32.76976544
43192810,2017-12-24T16:28:29.793,BUY,6.789e-05,1714.62355302
43192811,2017-12-24T16:28:29.793,BUY,6.789e-05,373.70138677
43192816,2017-12-24T16:28:33.857,BUY,6.79e-05,3238.35987626
43192818,2017-12-24T16:28:33.92,SELL,6.79e-05,949.07044946
43192823,2017-12-24T16:28:48.35,SELL,6.79e-05,622.01532258
43192824,2017-12-24T16:28:49.537,SELL,6.79e-05,10.0
43192825,2017-12-24T16:28:49.913,SELL,6.79e-05,180.5543517
43192828,2017-12-24T16:29:02.157,BUY,6.79e-05,3367.11927881
43192829,2017-12-24T16:29:02.157,BUY,6.792e-05,22.74992214
43192830,2017-12-24T16:29:02.173,BUY,6.792e-05,1610.13079905
43192846,2017-12-24T16:29:30.77,BUY,6.792e-05,300.0
43192847,2017-12-24T16:29:33.27,SELL,6.79e-05,45.83152577
43192848,2017-12-24T16:29:33.27,SELL,6.79e-05,650.0
43192852,2017-12-24T16:29:35.083,BUY,6.79e-05,29.37279152
43192854,2017-12-24T16:29:36.317,BUY,6.79e-05,42.30325515
43192858,2017-12-24T16:29:39.207,BUY,6.79e-05,265.52933941
43192860,2017-12-24T16:29:43.08,BUY,6.79e-05,29.81926626
43192864,2017-12-24T16:30:01.68,BUY,6.79e-05,142.70181212
43192865,2017-12-24T16:30:01.68,BUY,6.79e-05,75.0
43192866,2017-12-24T16:30:01.68,BUY,6.79e-05,144.4250729
43192867,2017-12-24T16:30:01.68,BUY,6.79e-05,60.02411764
43192868,2017-12-24T16:30:01.68,BUY,6.79e-05,246.80024071
43192877,2017-12-24T16:30:07.32,SELL,6.79e-05,82.75405494
43192881,2017-12-24T16:30:07.99,SELL,6.79e-05,116.86245755
43192882,2017-12-24T16:30:07.99,SELL,6.79e-05,40.28724742
43192883,2017-12-24T16:30:07.99,SELL,6.79e-05,703.38705155
43192884,2017-12-24T16:30:07.99,SELL,6.79e-05,268.56519588
43192893,2017-12-24T16:30:16.847,BUY,6.79e-05,134.68801131
43192899,2017-12-24T16:30:21.673,BUY,6.79e-05,108.08501573
43192906,2017-12-24T16:30:29.467,BUY,6.79e-05,51.25051887
43192907,2017-12-24T16:30:29.467,BUY,6.79e-05,476.47409172
43192908,2017-12-24T16:30:29.467,BUY,6.79e-05,32.86655037
43192909,2017-12-24T16:30:29.467,BUY,6.79e-05,420.11526429
43192910,2017-12-24T16:30:29.467,BUY,6.791e-05,323.36297494
43192911,2017-12-24T16:30:29.467,BUY,6.791e-05,181.97896775
43192912,2017-12-24T16:30:29.467,BUY,6.792e-05,3513.95163206
43192923,2017-12-24T16:30:39.277,SELL,6.79e-05,8.81546134
43192924,2017-12-24T16:30:39.277,SELL,6.79e-05,10.90049589
43192926,2017-12-24T16:30:41.777,BUY,6.792e-05,52.66412884
43192931,2017-12-24T16:30:57.393,SELL,6.79e-05,13.62618707
43192939,2017-12-24T16:31:08.97,SELL,6.79e-05,737.66459877
43192940,2017-12-24T16:31:08.97,SELL,6.79e-05,455.74532005
43192947,2017-12-24T16:31:23.167,SELL,6.789e-05,341.90231362
43192948,2017-12-24T16:31:24.48,SELL,6.789e-05,30.0
43192950,2017-12-24T16:31:24.667,BUY,6.79e-05,1091.3445343
43192952,2017-12-24T16:31:25.227,BUY,6.79e-05,16.0
43192953,2017-12-24T16:31:25.307,SELL,6.789e-05,364.58318638
43192954,2017-12-24T16:31:25.307,SELL,6.789e-05,387.22086058
43192955,2017-12-24T16:31:25.307,SELL,6.786e-05,812.16395789
43192959,2017-12-24T16:31:32.647,SELL,6.786e-05,1798.83318806
43192960,2017-12-24T16:31:32.647,SELL,6.786e-05,150.0
43192961,2017-12-24T16:31:32.647,SELL,6.786e-05,25.44668656
43192965,2017-12-24T16:31:36.6,BUY,6.789e-05,237.32935324
43192966,2017-12-24T16:31:36.6,BUY,6.79e-05,0.72495869
43192969,2017-12-24T16:31:46.563,BUY,6.786e-05,736.8111
43192972,2017-12-24T16:31:48.437,BUY,6.786e-05,5000.0
43192978,2017-12-24T16:31:56.06,BUY,6.786e-05,1175.9504863
43192982,2017-12-24T16:32:05.073,BUY,6.786e-05,4455.2384137
43192983,2017-12-24T16:32:05.073,BUY,6.786e-05,8.85563359
43192992,2017-12-24T16:32:21.63,SELL,6.786e-05,285.11722021
43192995,2017-12-24T16:32:31.267,BUY,6.787e-05,8.81132889
43192996,2017-12-24T16:32:31.267,BUY,6.79e-05,52.80314965
43193000,2017-12-24T16:32:34.593,SELL,6.786e-05,86.0
43193002,2017-12-24T16:32:38.78,BUY,6.789e-05,30.32412064
43193003,2017-12-24T16:32:38.78,BUY,6.79e-05,31.2903579
43193005,2017-12-24T16:32:55.63,BUY,6.79e-05,146.90721649
43193008,2017-12-24T16:32:59.943,BUY,6.79e-05,34.6048722
43193010,2017-12-24T16:33:02.707,BUY,6.79e-05,22.09131075
43193015,2017-12-24T16:33:08.3,BUY,6.79e-05,220.36082474
43193016,2017-12-24T16:33:16.28,SELL,6.789e-05,108.08501574
43193017,2017-12-24T16:33:16.31,SELL,6.789e-05,978.46873559
43193019,2017-12-24T16:33:22.357,BUY,6.79e-05,2847.46285646
43193020,2017-12-24T16:33:22.37,BUY,6.79e-05,1652.53714354
43193023,2017-12-24T16:33:28.73,BUY,6.79e-05,127.50803403
43193028,2017-12-24T16:33:38.913,BUY,6.79e-05,258.81305572
43193033,2017-12-24T16:33:42.8,BUY,6.79e-05,440.72164948
43193036,2017-12-24T16:33:47.003,BUY,6.79e-05,20.42011723
43193037,2017-12-24T16:33:47.003,BUY,6.79e-05,150.0
43193038,2017-12-24T16:33:47.003,BUY,6.79e-05,875.0208852
43193039,2017-12-24T16:33:47.003,BUY,6.79e-05,122.183758
43193048,2017-12-24T16:34:00.11,BUY,6.791e-05,300.0
43193049,2017-12-24T16:34:00.11,BUY,6.792e-05,4700.0
43193050,2017-12-24T16:34:01.623,SELL,6.79e-05,448.71468353
43193055,2017-12-24T16:34:05.81,BUY,6.792e-05,2339.96242243
43193056,2017-12-24T16:34:05.81,BUY,6.792e-05,75.80845349
43193057,2017-12-24T16:34:05.81,BUY,6.792e-05,59.70332155
43193063,2017-12-24T16:34:11.137,SELL,6.791e-05,76.35253054
43193065,2017-12-24T16:34:12.51,SELL,6.79e-05,11.51017728
43193068,2017-12-24T16:34:14.963,BUY,6.792e-05,1700.0
43193069,2017-12-24T16:34:14.963,BUY,6.793e-05,110.68584071
43193070,2017-12-24T16:34:14.963,BUY,6.795e-05,1363.67227769
43193076,2017-12-24T16:34:26.037,BUY,6.795e-05,810.68584071
43193077,2017-12-24T16:34:26.037,BUY,6.795e-05,398.04135355
43193079,2017-12-24T16:34:26.223,BUY,6.795e-05,163.92044172
43193081,2017-12-24T16:34:26.397,BUY,6.795e-05,438.03820473
43193083,2017-12-24T16:34:26.49,BUY,6.796e-05,810.97560976
43193084,2017-12-24T16:34:26.567,SELL,6.796e-05,500.0
43193098,2017-12-24T16:34:33.987,BUY,6.798e-05,41.17297816
43193099,2017-12-24T16:34:33.987,BUY,6.798e-05,500.0
43193100,2017-12-24T16:34:33.987,BUY,6.799e-05,4321.73757533
43193103,2017-12-24T16:34:34.457,BUY,6.799e-05,6083.65019
43193106,2017-12-24T16:34:36.94,BUY,6.799e-05,6083.65019
43193108,2017-12-24T16:34:38.657,BUY,6.799e-05,3737.71630638
43193110,2017-12-24T16:34:39.517,BUY,6.799e-05,6083.65019
43193115,2017-12-24T16:34:40.187,BUY,6.799e-05,33426.39973489
43193117,2017-12-24T16:34:40.483,BUY,6.799e-05,7795.31128062
43193119,2017-12-24T16:34:40.78,BUY,6.799e-05,1663.79124992
43193131,2017-12-24T16:34:55.527,BUY,6.799e-05,6083.65019
43193133,2017-12-24T16:34:55.743,BUY,6.799e-05,14029.57205869
43193135,2017-12-24T16:34:56.65,BUY,6.799e-05,14.660585
43193137,2017-12-24T16:34:57.557,BUY,6.799e-05,3769.5735
43193139,2017-12-24T16:34:57.587,BUY,6.799e-05,3769.5735
43193141,2017-12-24T16:34:57.603,BUY,6.799e-05,3137.06344917
43193142,2017-12-24T16:34:57.603,BUY,6.799e-05,632.51005083
43193145,2017-12-24T16:34:58.027,BUY,6.799e-05,498.2937567
43193146,2017-12-24T16:35:03.68,SELL,6.792e-05,35.00270109
43193147,2017-12-24T16:35:06.49,SELL,6.792e-05,85.0
43193149,2017-12-24T16:35:13.94,BUY,6.798e-05,194.26071945
43193150,2017-12-24T16:35:13.94,BUY,6.798e-05,311.61517903
43193154,2017-12-24T16:35:18.8,SELL,6.792e-05,69.78856327
43193155,2017-12-24T16:35:18.813,SELL,6.792e-05,2588.75165447
43193156,2017-12-24T16:35:23.72,SELL,6.792e-05,762.19128173
43193158,2017-12-24T16:35:26.81,BUY,6.798e-05,20.79673328
43193159,2017-12-24T16:35:28.437,SELL,6.798e-05,19.84868222
43193160,2017-12-24T16:35:28.903,SELL,6.798e-05,64.15917328
43193163,2017-12-24T16:35:34.17,SELL,6.798e-05,135.25997102
43193164,2017-12-24T16:35:34.26,SELL,6.792e-05,28.15881801
43193177,2017-12-24T16:35:40.087,BUY,6.798e-05,1666.83262423
43193183,2017-12-24T16:35:45.757,BUY,6.798e-05,335.16230671
43193185,2017-12-24T16:35:46.197,BUY,6.799e-05,669.19619247
43193186,2017-12-24T16:35:46.197,BUY,6.799e-05,173.0
43193187,2017-12-24T16:35:46.197,BUY,6.799e-05,100.0
43193188,2017-12-24T16:35:46.197,BUY,6.799e-05,50.0
43193189,2017-12-24T16:35:46.197,BUY,6.8e-05,100.0
43193190,2017-12-24T16:35:46.197,BUY,6.8e-05,1722.0
43193191,2017-12-24T16:35:46.197,BUY,6.8e-05,157.81032684
43193192,2017-12-24T16:35:46.197,BUY,6.8e-05,100.0
43193193,2017-12-24T16:35:46.197,BUY,6.8e-05,5538.34166984
43193195,2017-12-24T16:35:47.21,SELL,6.798e-05,1656.52807281
43193196,2017-12-24T16:35:47.21,SELL,6.798e-05,38.11213361
43193206,2017-12-24T16:35:56.567,BUY,6.798e-05,44.51874139
43193207,2017-12-24T16:35:57.77,SELL,6.792e-05,31.38917064
43193208,2017-12-24T16:35:58.13,SELL,6.792e-05,15.7038806
43193209,2017-12-24T16:35:59.003,SELL,6.792e-05,15.7038806
43193210,2017-12-24T16:35:59.423,SELL,6.792e-05,37.68311111
43193212,2017-12-24T16:36:02.877,BUY,6.798e-05,810.83382502
43193213,2017-12-24T16:36:03.47,SELL,6.792e-05,33.98545131
43193214,2017-12-24T16:36:03.5,SELL,6.792e-05,16.9952487
43193215,2017-12-24T16:36:07,SELL,6.792e-05,208.54965825
43193219,2017-12-24T16:36:08.75,BUY,6.798e-05,110.83465725
43193221,2017-12-24T16:36:10.39,BUY,6.798e-05,4532.77340757
43193222,2017-12-24T16:36:10.39,BUY,6.798e-05,299.85
43193223,2017-12-24T16:36:10.39,BUY,6.798e-05,392.11618089
43193225,2017-12-24T16:36:10.483,BUY,6.798e-05,549.97564219
43193227,2017-12-24T16:36:10.577,BUY,6.8e-05,385.65833016
43193228,2017-12-24T16:36:10.577,BUY,6.8e-05,50.0
43193229,2017-12-24T16:36:10.577,BUY,6.8e-05,3500.0
43193230,2017-12-24T16:36:10.577,BUY,6.8e-05,6436.64691388
43193234,2017-12-24T16:36:13.513,BUY,6.8e-05,500.09755024
43193237,2017-12-24T16:36:14.78,SELL,6.792e-05,243.64601245
43193245,2017-12-24T16:36:19.667,BUY,6.8e-05,113.36790376
43193254,2017-12-24T16:36:24.4,BUY,6.8e-05,1656.02916619
43193256,2017-12-24T16:36:24.9,BUY,6.8e-05,1656.02916619
43193261,2017-12-24T16:36:27.413,BUY,6.8e-05,15045.26809391
43193264,2017-12-24T16:36:28.9,BUY,6.8e-05,5256.08157754
43193266,2017-12-24T16:36:30.257,BUY,6.8e-05,2957.00630956
43193268,2017-12-24T16:36:30.303,BUY,6.8e-05,7812.56227079
43193272,2017-12-24T16:36:31.523,BUY,6.8e-05,1670.77570778
43193278,2017-12-24T16:36:33.257,BUY,6.8e-05,5199.87707202
43193297,2017-12-24T16:36:51.437,BUY,6.8e-05,501.9071439
43193299,2017-12-24T16:36:51.907,BUY,6.8e-05,1666.27504767
43193307,2017-12-24T16:36:59.53,BUY,6.8e-05,900.0
43193309,2017-12-24T16:36:59.56,BUY,6.8e-05,1000.0
43193321,2017-12-24T16:37:06.76,BUY,6.8e-05,390.0
43193327,2017-12-24T16:37:11.023,BUY,6.8e-05,43.0
43193330,2017-12-24T16:37:13.913,SELL,6.799e-05,294.46407538
43193331,2017-12-24T16:37:13.913,SELL,6.792e-05,5519.24751124
43193332,2017-12-24T16:37:13.913,SELL,6.792e-05,7305.27011595
43193333,2017-12-24T16:37:13.913,SELL,6.792e-05,89.04926716
43193336,2017-12-24T16:37:15.117,BUY,6.8e-05,1674.13935748
43193340,2017-12-24T16:37:19.41,BUY,6.8e-05,514.82329819
43193342,2017-12-24T16:37:20.397,BUY,6.8e-05,250.15486618
43193344,2017-12-24T16:37:21.537,BUY,6.8e-05,107.0
43193346,2017-12-24T16:37:22.363,BUY,6.799e-05,31.19246002
43193350,2017-12-24T16:37:25.393,BUY,6.799e-05,3587.19920786
43193357,2017-12-24T16:37:31.597,BUY,6.799e-05,51.24356339
43193358,2017-12-24T16:37:32.58,SELL,6.793e-05,2896.60054192
43193359,2017-12-24T16:37:32.58,SELL,6.792e-05,147.60011778
43193360,2017-12-24T16:37:32.58,SELL,6.792e-05,146.8639576
43193361,2017-12-24T16:37:32.58,SELL,6.792e-05,256.21928688
43193362,2017-12-24T16:37:32.58,SELL,6.79e-05,648.98240407
43193363,2017-12-24T16:37:32.58,SELL,6.786e-05,516.99310787
43193364,2017-12-24T16:37:32.58,SELL,6.786e-05,3437.40999852
43193365,2017-12-24T16:37:32.58,SELL,6.786e-05,306.35421466
43193366,2017-12-24T16:37:32.58,SELL,6.785e-05,8125.62337841
43193383,2017-12-24T16:37:36.343,BUY,6.79e-05,234.51393617
43193384,2017-12-24T16:37:36.343,BUY,6.799e-05,1689.79177015
43193387,2017-12-24T16:37:36.797,BUY,6.799e-05,4400.0
43193389,2017-12-24T16:37:37.547,BUY,6.789e-05,30.17575608
43193391,2017-12-24T16:37:37.593,BUY,6.799e-05,2141.71669524
43193400,2017-12-24T16:37:41.937,SELL,6.785e-05,74.62686567
43193402,2017-12-24T16:37:44.03,BUY,6.79e-05,8.5865799
43193406,2017-12-24T16:37:44.497,BUY,6.79e-05,38.2497206
43193408,2017-12-24T16:37:44.87,BUY,6.79e-05,1677.97457754
43193418,2017-12-24T16:37:52.993,BUY,6.79e-05,7835.99308062
43193421,2017-12-24T16:37:54.383,SELL,6.785e-05,14.99
43193427,2017-12-24T16:37:55.21,BUY,6.79e-05,98.66956266
43193435,2017-12-24T16:38:00.367,BUY,6.79e-05,3468.47878875
43193438,2017-12-24T16:38:04.817,SELL,6.79e-05,330.00077907
43193441,2017-12-24T16:38:07.067,SELL,6.79e-05,6927.54880748
43193442,2017-12-24T16:38:07.083,SELL,6.79e-05,115.37049742
43193443,2017-12-24T16:38:07.083,SELL,6.79e-05,214.63028165
43193445,2017-12-24T16:38:08.097,BUY,6.799e-05,542.0
43193467,2017-12-24T16:38:28.183,BUY,6.799e-05,764.88727307
43193468,2017-12-24T16:38:28.183,BUY,6.799e-05,137.82624411
43193469,2017-12-24T16:38:28.183,BUY,6.799e-05,768.89581072
43193475,2017-12-24T16:38:32.247,SELL,6.79e-05,18.8782886
43193476,2017-12-24T16:38:32.247,SELL,6.79e-05,165.63671134
43193477,2017-12-24T16:38:32.247,SELL,6.79e-05,2617.54170839
43193489,2017-12-24T16:38:43.477,BUY,6.799e-05,735.4023
43193493,2017-12-24T16:38:52.27,SELL,6.792e-05,504.82568607
43193494,2017-12-24T16:38:52.27,SELL,6.791e-05,2395.9137773
43193498,2017-12-24T16:39:00.75,BUY,6.798e-05,1000.0
43193499,2017-12-24T16:39:01.157,SELL,6.792e-05,2900.73946337
43193501,2017-12-24T16:39:01.797,BUY,6.798e-05,5000.0
43193503,2017-12-24T16:39:06.06,BUY,6.798e-05,2633.21117623
43193504,2017-12-24T16:39:08.093,SELL,6.792e-05,1776.07909095
43193510,2017-12-24T16:39:15.327,SELL,6.792e-05,75.72909915
43193511,2017-12-24T16:39:17.263,SELL,6.792e-05,35.50371402
43193513,2017-12-24T16:39:20.683,BUY,6.798e-05,3164.37634951
43193514,2017-12-24T16:39:20.683,BUY,6.799e-05,1835.62365049
43193518,2017-12-24T16:39:26.743,SELL,6.792e-05,1358.74670262
43193520,2017-12-24T16:39:27.383,BUY,6.799e-05,3197.7773214
43193528,2017-12-24T16:39:35.54,BUY,6.799e-05,201.0
43193535,2017-12-24T16:39:45.613,SELL,6.792e-05,2925.97004873
43193538,2017-12-24T16:39:47.16,BUY,6.799e-05,1618.32454669
43193539,2017-12-24T16:39:47.173,BUY,6.799e-05,100.14762117
43193547,2017-12-24T16:40:08.7,BUY,6.799e-05,61.71947026
43193550,2017-12-24T16:40:12.23,BUY,6.799e-05,2518.52861009
43193554,2017-12-24T16:40:25.863,SELL,6.792e-05,59.93467
43193556,2017-12-24T16:40:38.72,SELL,6.792e-05,367.7000122
43193557,2017-12-24T16:40:38.72,SELL,6.792e-05,109.89066254
43193558,2017-12-24T16:40:38.72,SELL,6.792e-05,147.23203769
43193561,2017-12-24T16:40:46.653,BUY,6.798e-05,50.0
43193562,2017-12-24T16:40:46.653,BUY,6.798e-05,648.75773868
43193565,2017-12-24T16:40:54.667,SELL,6.79e-05,679.52770361
43193566,2017-12-24T16:40:54.667,SELL,6.79e-05,350.22370436
43193567,2017-12-24T16:40:54.667,SELL,6.79e-05,1999.20147275
43193568,2017-12-24T16:40:54.667,SELL,6.79e-05,693.40463274
43193570,2017-12-24T16:40:54.713,BUY,6.798e-05,147.05882353
43193573,2017-12-24T16:41:02.117,BUY,6.79e-05,27.48989713
43193574,2017-12-24T16:41:02.6,SELL,6.786e-05,1025.41868148
43193575,2017-12-24T16:41:02.6,SELL,6.786e-05,442.08664898
43193576,2017-12-24T16:41:02.6,SELL,6.785e-05,1600.04580763
43193578,2017-12-24T16:41:06.49,BUY,6.79e-05,2918.21881548
43193579,2017-12-24T16:41:10.833,SELL,6.79e-05,163.27
43193580,2017-12-24T16:41:13.05,SELL,6.79e-05,400.0
43193581,2017-12-24T16:41:16.16,SELL,6.79e-05,81.0
43193582,2017-12-24T16:41:16.707,SELL,6.79e-05,122.36328302
43193583,2017-12-24T16:41:20.05,SELL,6.79e-05,1315.1479015
43193584,2017-12-24T16:41:20.05,SELL,6.785e-05,5352.2130545
43193586,2017-12-24T16:41:20.36,BUY,6.798e-05,482.0
43193592,2017-12-24T16:41:30.95,BUY,6.798e-05,6973.27584506
43193593,2017-12-24T16:41:30.95,BUY,6.798e-05,832.72415494
43193602,2017-12-24T16:41:41.683,BUY,6.797e-05,53.0
43193607,2017-12-24T16:41:52.6,BUY,6.797e-05,21.14196282
43193611,2017-12-24T16:41:52.99,BUY,6.797e-05,21.14196282
43193613,2017-12-24T16:41:53.227,BUY,6.797e-05,21.14196282
43193615,2017-12-24T16:41:53.397,BUY,6.797e-05,733.77960865
43193618,2017-12-24T16:42:01.347,BUY,6.797e-05,1957.71620653
43193620,2017-12-24T16:42:15,SELL,6.792e-05,81.63
43193624,2017-12-24T16:42:16.53,BUY,6.797e-05,288.0
43193633,2017-12-24T16:42:29.87,BUY,6.797e-05,110.99930625
43193637,2017-12-24T16:42:30.307,BUY,6.797e-05,110.99930625
43193639,2017-12-24T16:42:30.54,BUY,6.797e-05,110.99930625
43193649,2017-12-24T16:42:42.583,BUY,6.796e-05,29.90418188
43193650,2017-12-24T16:42:42.583,BUY,6.797e-05,3238.44133361
43193651,2017-12-24T16:42:42.583,BUY,6.797e-05,3742.65448451
43193657,2017-12-24T16:42:54.94,SELL,6.796e-05,52.96848293
43193663,2017-12-24T16:43:06.717,SELL,6.792e-05,65.60203769
43193664,2017-12-24T16:43:06.717,SELL,6.785e-05,934.39796231
43193677,2017-12-24T16:43:25.63,BUY,6.796e-05,198.03903567
43193678,2017-12-24T16:43:25.63,BUY,6.796e-05,690.11696895
43193688,2017-12-24T16:43:32.1,BUY,6.797e-05,2924.70647149
43193689,2017-12-24T16:43:32.1,BUY,6.797e-05,90.0
43193690,2017-12-24T16:43:32.1,BUY,6.797e-05,1985.29352851
43193693,2017-12-24T16:43:35.77,SELL,6.796e-05,22.18318185
43193697,2017-12-24T16:43:37.097,BUY,6.797e-05,1759.59587024
43193700,2017-12-24T16:43:46,BUY,6.797e-05,52.58367405
43193701,2017-12-24T16:43:46.03,SELL,6.796e-05,3499.47513714
43193702,2017-12-24T16:43:46.03,SELL,6.796e-05,104.0
43193703,2017-12-24T16:43:46.03,SELL,6.796e-05,160.00390431
43193704,2017-12-24T16:43:46.03,SELL,6.796e-05,465.73226898
43193713,2017-12-24T16:44:09.4,BUY,6.792e-05,14.660585
43193716,2017-12-24T16:44:13.867,SELL,6.792e-05,1166.11015988
43193719,2017-12-24T16:44:20.83,BUY,6.797e-05,2869.8878832
43193720,2017-12-24T16:44:20.83,BUY,6.797e-05,116.81896169
43193721,2017-12-24T16:44:20.83,BUY,6.797e-05,2013.29315511
43193722,2017-12-24T16:44:22.067,SELL,6.792e-05,1000.73377704
43193725,2017-12-24T16:44:28.627,SELL,6.792e-05,817.10531318
43193727,2017-12-24T16:44:31.64,BUY,6.792e-05,97.0
43193729,2017-12-24T16:44:33.453,BUY,6.792e-05,472.2653862
43193731,2017-12-24T16:44:37.17,BUY,6.792e-05,396.60659843
43193732,2017-12-24T16:44:37.17,BUY,6.797e-05,1072.03297754
43193737,2017-12-24T16:44:45.857,SELL,6.792e-05,20.0
43193740,2017-12-24T16:44:49.603,SELL,6.792e-05,100.0
43193748,2017-12-24T16:45:16.127,BUY,6.795e-05,50.0
43193749,2017-12-24T16:45:16.127,BUY,6.795e-05,533.0
43193750,2017-12-24T16:45:16.127,BUY,6.795e-05,846.20147528
43193752,2017-12-24T16:45:20.28,SELL,6.792e-05,70.00000057
43193757,2017-12-24T16:45:26.967,SELL,6.792e-05,765.5415542
43193758,2017-12-24T16:45:26.967,SELL,6.792e-05,250.0
43193759,2017-12-24T16:45:26.967,SELL,6.792e-05,569.22857755
43193760,2017-12-24T16:45:26.967,SELL,6.792e-05,509.46269766
43193761,2017-12-24T16:45:26.967,SELL,6.792e-05,421.34975707
43193770,2017-12-24T16:45:37.183,BUY,6.795e-05,23.58537039
43193772,2017-12-24T16:45:39.323,BUY,6.795e-05,282.34951594
43193775,2017-12-24T16:45:39.51,BUY,6.795e-05,282.34775126
43193782,2017-12-24T16:45:50.037,BUY,6.795e-05,735.8352
43193784,2017-12-24T16:45:50.663,BUY,6.795e-05,35.23532009
43193791,2017-12-24T16:45:54.41,BUY,6.795e-05,2023.65667747
43193792,2017-12-24T16:45:54.41,BUY,6.795e-05,66.65763975
43193793,2017-12-24T16:45:55.897,SELL,6.785e-05,50.0
43193796,2017-12-24T16:45:58.19,BUY,6.795e-05,3316.3521954
43193799,2017-12-24T16:46:00.487,SELL,6.795e-05,1130.76440063
43193800,2017-12-24T16:46:00.487,SELL,6.785e-05,230.74993919
43193801,2017-12-24T16:46:00.487,SELL,6.785e-05,100.0
43193802,2017-12-24T16:46:00.487,SELL,6.785e-05,50.33217371
43193831,2017-12-24T16:46:38.273,BUY,6.785e-05,232.16931878
43193835,2017-12-24T16:46:43.3,BUY,6.785e-05,155.98416769
43193836,2017-12-24T16:46:43.3,BUY,6.785e-05,50.0
43193837,2017-12-24T16:46:43.3,BUY,6.785e-05,30.07056782
43193838,2017-12-24T16:46:43.3,BUY,6.785e-05,493.38430355
43193844,2017-12-24T16:46:50.52,BUY,6.785e-05,75.84427401
43193845,2017-12-24T16:46:50.52,BUY,6.792e-05,200.0
43193846,2017-12-24T16:46:50.52,BUY,6.795e-05,459.77442599
43193884,2017-12-24T16:47:41.453,BUY,6.796e-05,29.64851749
43193886,2017-12-24T16:47:41.563,BUY,6.797e-05,83.0
43193887,2017-12-24T16:47:41.643,SELL,6.796e-05,506.87298461
43193895,2017-12-24T16:47:47.983,SELL,6.796e-05,2391.24851203
43193896,2017-12-24T16:47:47.983,SELL,6.795e-05,457.66618713
43193898,2017-12-24T16:47:48.513,BUY,6.797e-05,72.72105183
43193903,2017-12-24T16:47:50.25,BUY,6.797e-05,735.6187
43193909,2017-12-24T16:47:58.183,SELL,6.795e-05,278.16898579
43193914,2017-12-24T16:47:59.247,BUY,6.795e-05,277.5290562
43193915,2017-12-24T16:47:59.247,BUY,6.797e-05,252.54542595
43193916,2017-12-24T16:47:59.247,BUY,6.797e-05,638.5118879
43193917,2017-12-24T16:47:59.247,BUY,6.797e-05,60.0
43193918,2017-12-24T16:47:59.26,BUY,6.797e-05,241.56838308
43193923,2017-12-24T16:48:07.54,BUY,6.796e-05,163.0
43193925,2017-12-24T16:48:14.833,BUY,6.795e-05,17.65484772
43193931,2017-12-24T16:48:28.753,BUY,6.795e-05,109.0
43193932,2017-12-24T16:48:42.61,SELL,6.793e-05,576.19424902
43193938,2017-12-24T16:48:50.107,BUY,6.795e-05,735.8352
43193939,2017-12-24T16:48:50.153,SELL,6.793e-05,296.02834785
43193940,2017-12-24T16:48:50.78,SELL,6.793e-05,1544.11764706
43193948,2017-12-24T16:48:57.95,SELL,6.793e-05,23.44477993
43193949,2017-12-24T16:48:58.933,SELL,6.793e-05,38.11213361
43193950,2017-12-24T16:49:00.84,SELL,6.793e-05,121.94596162
43193970,2017-12-24T16:49:22.317,SELL,6.793e-05,384.44839423
43193971,2017-12-24T16:49:22.317,SELL,6.793e-05,56.36410975
43193994,2017-12-24T16:49:32.687,BUY,6.793e-05,100.0
43193998,2017-12-24T16:49:33.453,BUY,6.793e-05,19.2
43194000,2017-12-24T16:49:46.777,SELL,6.786e-05,200.0
43194003,2017-12-24T16:49:50.433,BUY,6.792e-05,736.0518
43194012,2017-12-24T16:49:54.43,BUY,6.792e-05,686.0
