56249328,2017-12-20T07:15:00.943,BUY,0.00102687,1.04125686
56249340,2017-12-20T07:15:09.96,BUY,0.00103,246.66936356
56249344,2017-12-20T07:15:11.647,BUY,0.00103,0.74192981
56249345,2017-12-20T07:15:11.647,BUY,0.001033,67.80057281
56249346,2017-12-20T07:15:11.647,BUY,0.001033,130.989952
56249347,2017-12-20T07:15:11.647,BUY,0.00103382,0.98178783
56249348,2017-12-20T07:15:11.647,BUY,0.00103382,1.66607815
56249349,2017-12-20T07:15:11.647,BUY,0.00103931,4.48133781
56249350,2017-12-20T07:15:11.647,BUY,0.00103997,5.21004159
56249368,2017-12-20T07:15:18.413,BUY,0.00102775,0.98180711
56249369,2017-12-20T07:15:18.413,BUY,0.00103081,2.14278205
56249370,2017-12-20T07:15:18.413,BUY,0.00103997,1.05558051
56249457,2017-12-20T07:16:05.447,BUY,0.00103371,174.33468331
56249473,2017-12-20T07:16:21.823,SELL,0.00102687,2.0
56249475,2017-12-20T07:16:22.073,BUY,0.0010275,1.04942825
56249485,2017-12-20T07:16:28.353,SELL,0.00102687,2.0
56249486,2017-12-20T07:16:28.353,SELL,0.00102687,9.61766665
56249511,2017-12-20T07:16:40.167,BUY,0.00102133,50.65048515
56249520,2017-12-20T07:16:47.607,SELL,0.00101863,1.66611321
56249521,2017-12-20T07:16:47.62,SELL,0.00101862,0.98172036
56249522,2017-12-20T07:16:47.62,SELL,0.00101852,291.98216643
56249529,2017-12-20T07:16:51.06,BUY,0.00101863,9.79115467
56249534,2017-12-20T07:16:52.717,BUY,0.00101863,35.14605538
56249545,2017-12-20T07:17:03.2,BUY,0.00102,1.17140598
56249549,2017-12-20T07:17:05.39,BUY,0.00102,307.32269002
56249559,2017-12-20T07:17:08.45,SELL,0.00101863,2.01408425
56249564,2017-12-20T07:17:10.653,BUY,0.00102,16.66666666
56249566,2017-12-20T07:17:10.67,BUY,0.00102,9.80392156
56249570,2017-12-20T07:17:14.81,BUY,0.00102,2.94117647
56249582,2017-12-20T07:17:19.14,BUY,0.00102,9.80392156
56249584,2017-12-20T07:17:20.357,BUY,0.00102,50.71222549
56249587,2017-12-20T07:17:21.2,BUY,0.00102,4.90196078
56249594,2017-12-20T07:17:31.983,BUY,0.001019,2.17655401
56249595,2017-12-20T07:17:31.983,BUY,0.00102,17.43128912
56249598,2017-12-20T07:17:33.97,BUY,0.00102,1.0
56249607,2017-12-20T07:17:47.093,SELL,0.00101864,0.98170109
56249608,2017-12-20T07:17:47.093,SELL,0.00101864,0.01829891
56249610,2017-12-20T07:17:56.47,BUY,0.00102,50.73610784
56249613,2017-12-20T07:17:59.797,BUY,0.00102,9.80392156
56249616,2017-12-20T07:18:00.33,BUY,0.00102,1.96078431
56249630,2017-12-20T07:18:18.737,BUY,0.00102,24.50980392
56249634,2017-12-20T07:18:19.83,BUY,0.00102,4.90196078
56249639,2017-12-20T07:18:25.47,BUY,0.00102,2.94117647
56249650,2017-12-20T07:19:01.473,BUY,0.00102,4.90196078
56249654,2017-12-20T07:19:08.223,SELL,0.00101869,1.5
56249658,2017-12-20T07:19:20.287,BUY,0.00102,3.18082213
56249659,2017-12-20T07:19:25.16,SELL,0.001019,91.65319755
56249660,2017-12-20T07:19:25.16,SELL,0.00101869,0.64284949
56249661,2017-12-20T07:19:25.16,SELL,0.00101869,202.71395296
56249669,2017-12-20T07:19:35.617,BUY,0.001019,25.76339292
56249670,2017-12-20T07:19:35.96,SELL,0.001019,14.23660708
56249671,2017-12-20T07:19:35.96,SELL,0.00101869,281.06339292
56249674,2017-12-20T07:19:36.397,BUY,0.0010199,0.88243945
56249679,2017-12-20T07:19:47.947,SELL,0.00101869,18.2
56249681,2017-12-20T07:19:49.257,SELL,0.00101869,295.04
56249683,2017-12-20T07:19:55.507,SELL,0.00101869,295.04
56249688,2017-12-20T07:20:05.303,SELL,0.00101869,295.04
56249690,2017-12-20T07:20:07.367,SELL,0.00101869,188.90464407
56249692,2017-12-20T07:20:10.867,SELL,0.00101869,25.0
56249696,2017-12-20T07:20:14.197,SELL,0.00101869,295.04
56249697,2017-12-20T07:20:16.46,SELL,0.00101869,193.95801005
56249698,2017-12-20T07:20:16.46,SELL,0.00101869,64.42149719
56249699,2017-12-20T07:20:16.46,SELL,0.00101869,7.245
56249710,2017-12-20T07:20:33.76,BUY,0.00101684,98.04882831
56249711,2017-12-20T07:20:36.12,SELL,0.00101632,101.0
56249712,2017-12-20T07:20:36.12,SELL,0.00101528,194.93
56249722,2017-12-20T07:20:46.447,BUY,0.00101684,3.43170899
56249726,2017-12-20T07:20:49.04,BUY,0.00101684,2.4512207
56249729,2017-12-20T07:20:52.213,BUY,0.00101684,70.01207151
56249731,2017-12-20T07:20:53.323,BUY,0.00101684,21.14393611
56249733,2017-12-20T07:20:55.293,SELL,0.00101528,3.1196319
56249739,2017-12-20T07:20:59.76,SELL,0.00101684,295.93
56249754,2017-12-20T07:21:06.823,BUY,0.00101989,1.96099579
56249763,2017-12-20T07:21:13.09,BUY,0.00101989,0.98049789
56249773,2017-12-20T07:21:21.077,BUY,0.00101989,5.80850632
56249774,2017-12-20T07:21:21.077,BUY,0.0010199,15.13195388
56249781,2017-12-20T07:21:23.92,SELL,0.00101924,75.0
56249786,2017-12-20T07:21:28.247,SELL,0.00101684,194.56041081
56249795,2017-12-20T07:21:33.03,BUY,0.00101684,1.1
56249798,2017-12-20T07:21:34.153,SELL,0.00101528,193.13067379
56249800,2017-12-20T07:21:37.86,SELL,0.0010152,1.30259456
56249801,2017-12-20T07:21:37.86,SELL,0.0010152,289.69022265
56249815,2017-12-20T07:21:46.11,BUY,0.00101528,34.62461878
56249823,2017-12-20T07:21:50.22,SELL,0.00101512,12.04221624
56249827,2017-12-20T07:21:51.36,BUY,0.00101528,188.28495108
56249833,2017-12-20T07:21:54.423,BUY,0.00101528,314.9956
56249835,2017-12-20T07:21:55.03,BUY,0.00101528,295.12246156
56249837,2017-12-20T07:21:55.47,BUY,0.00101528,183.89756153
56249845,2017-12-20T07:21:58.563,SELL,0.00101528,21.39553847
56249846,2017-12-20T07:21:58.563,SELL,0.00101528,33.20088336
56249857,2017-12-20T07:22:13.613,SELL,0.00101511,3.42191768
56249860,2017-12-20T07:22:15.19,BUY,0.00101526,4.92474982
56249863,2017-12-20T07:22:17.067,BUY,0.00101526,5.07525018
56249869,2017-12-20T07:22:20.55,BUY,0.00101528,2.46237491
56249890,2017-12-20T07:22:36.07,BUY,0.00101528,6.89464975
56249907,2017-12-20T07:22:45.553,BUY,0.00101528,0.98494996
56249919,2017-12-20T07:22:52.507,BUY,0.00101528,16.61285423
56249920,2017-12-20T07:22:52.507,BUY,0.00101528,22.06321839
56249928,2017-12-20T07:23:05.963,SELL,0.00101529,5.0
56249929,2017-12-20T07:23:05.963,SELL,0.00101528,5.31876665
56249931,2017-12-20T07:23:07.713,BUY,0.0010198,0.68640909
56249937,2017-12-20T07:23:09.51,BUY,0.0010198,0.02359091
56249938,2017-12-20T07:23:09.51,BUY,0.0010199,83.98560667
56249939,2017-12-20T07:23:09.51,BUY,0.00101999,200.0
56249940,2017-12-20T07:23:09.51,BUY,0.00102,2428.06411008
56249941,2017-12-20T07:23:09.51,BUY,0.00102,100.0
56249942,2017-12-20T07:23:09.51,BUY,0.00102,15.36459136
56249943,2017-12-20T07:23:09.527,BUY,0.00102,1.51354416
56249944,2017-12-20T07:23:09.527,BUY,0.00102,15.77219858
56249945,2017-12-20T07:23:09.527,BUY,0.00102,155.27635824
56249976,2017-12-20T07:23:22.98,SELL,0.00101528,5.42671754
56249977,2017-12-20T07:23:22.98,SELL,0.00101527,1.43212847
56249978,2017-12-20T07:23:22.98,SELL,0.00101527,89.96231389
56249984,2017-12-20T07:23:29.967,BUY,0.0010198,1.00400299
56249995,2017-12-20T07:23:39.61,BUY,0.00101528,4.0
56250008,2017-12-20T07:23:54.36,SELL,0.00101527,110.0
56250021,2017-12-20T07:24:04.27,BUY,0.00101534,21.7681824
56250069,2017-12-20T07:24:56.48,BUY,0.00101534,0.68942423
56250073,2017-12-20T07:25:03.81,BUY,0.00101534,0.68770067
56250075,2017-12-20T07:25:05.513,BUY,0.00101534,4.03805621
56250077,2017-12-20T07:25:13.843,BUY,0.00101534,28.20539202
56250086,2017-12-20T07:25:41.443,BUY,0.00101534,8.34195934
56250088,2017-12-20T07:25:42.27,BUY,0.00101534,17.0
56250095,2017-12-20T07:25:50.523,BUY,0.00101534,4.9244588
56250098,2017-12-20T07:25:56.07,SELL,0.00101528,1.0
56250099,2017-12-20T07:25:56.07,SELL,0.00101527,755.34194
56250102,2017-12-20T07:25:58.54,BUY,0.00101534,2.16134497
56250105,2017-12-20T07:26:02.057,BUY,0.00101534,19.6978352
56250122,2017-12-20T07:26:13.573,SELL,0.00101527,56.40653833
56250125,2017-12-20T07:26:16.793,SELL,0.00101527,35.0
56250132,2017-12-20T07:26:40.797,SELL,0.00101527,1.93631461
56250141,2017-12-20T07:27:04.817,SELL,0.00101527,477.0
56250143,2017-12-20T07:27:07.427,SELL,0.00101527,3.85323701
56250144,2017-12-20T07:27:08.037,SELL,0.00101527,12.0
56250148,2017-12-20T07:27:16.18,SELL,0.00101527,548.49965616
56250149,2017-12-20T07:27:16.18,SELL,0.00101527,43.85032676
56250150,2017-12-20T07:27:16.18,SELL,0.00101527,245.62431668
56250151,2017-12-20T07:27:16.18,SELL,0.00101526,4.77444349
56250152,2017-12-20T07:27:16.18,SELL,0.00101526,9.84969367
56250153,2017-12-20T07:27:16.18,SELL,0.00101511,94.84329496
56250156,2017-12-20T07:27:17.21,SELL,0.00101488,0.99519155
56250157,2017-12-20T07:27:17.227,SELL,0.00101409,15.88673589
56250158,2017-12-20T07:27:17.227,SELL,0.00101354,22.46332656
56250164,2017-12-20T07:27:21.913,BUY,0.001015,1.47739584
56250168,2017-12-20T07:27:26.01,BUY,0.001015,36.04053834
56250169,2017-12-20T07:27:26.01,BUY,0.00101527,2.64836183
56250170,2017-12-20T07:27:28.133,SELL,0.00101242,9.78999999
56250171,2017-12-20T07:27:28.133,SELL,0.00101241,11.26506619
56250172,2017-12-20T07:27:28.133,SELL,0.00101198,2.81685409
56250173,2017-12-20T07:27:28.133,SELL,0.00101161,75.27012702
56250182,2017-12-20T07:27:37.01,BUY,0.00101242,31.79924665
