11631305,2017-12-25T12:29:38.847,BUY,3.958e-05,197.76571712
11631321,2017-12-25T12:29:53.05,BUY,4.01e-05,74.0
11631360,2017-12-25T12:30:13.05,BUY,4.02e-05,649.15435552
11631393,2017-12-25T12:30:42.21,BUY,4.031e-05,1265.18268623
11631399,2017-12-25T12:30:49.197,SELL,4.02e-05,200.0
11631532,2017-12-25T12:33:05.953,BUY,4.019e-05,50.73164966
11631561,2017-12-25T12:34:16.237,SELL,3.99e-05,37.350421
11631581,2017-12-25T12:34:47.567,SELL,3.99e-05,112.649579
11631582,2017-12-25T12:34:47.567,SELL,3.99e-05,1300.0
11631598,2017-12-25T12:35:10.32,BUY,3.99e-05,100.0
11631602,2017-12-25T12:35:14.427,SELL,3.965e-05,64.66471706
11631606,2017-12-25T12:35:17.85,SELL,3.965e-05,130.46528732
11631632,2017-12-25T12:35:57.9,SELL,3.958e-05,130.0
11631633,2017-12-25T12:35:57.9,SELL,3.952e-05,62.116078
11631634,2017-12-25T12:35:57.9,SELL,3.95e-05,150.0
11631635,2017-12-25T12:35:57.9,SELL,3.93e-05,320.0
11631636,2017-12-25T12:35:57.9,SELL,3.93e-05,1768.1869523
11631643,2017-12-25T12:36:05.383,BUY,3.965e-05,469.53471268
11631644,2017-12-25T12:36:05.383,BUY,3.965e-05,881.20137752
11631652,2017-12-25T12:36:21.48,BUY,3.965e-05,118.79862248
11631664,2017-12-25T12:37:01.933,BUY,3.99e-05,1812.350421
11631672,2017-12-25T12:38:11.06,BUY,3.99e-05,376.88630645
11631673,2017-12-25T12:38:11.06,BUY,3.99e-05,22.1271
11631685,2017-12-25T12:39:20.457,SELL,3.99e-05,46.71936661
11631696,2017-12-25T12:39:55.287,SELL,3.99e-05,263.15789474
11631697,2017-12-25T12:39:57.46,SELL,3.99e-05,57.93446245
11631706,2017-12-25T12:40:35.663,BUY,4e-05,124.77791888
11631707,2017-12-25T12:40:35.663,BUY,4e-05,1214.05538912
11631708,2017-12-25T12:40:35.663,BUY,4e-05,223.64448384
11631721,2017-12-25T12:41:13.45,BUY,4.01e-05,371.56338724
11631722,2017-12-25T12:41:13.45,BUY,4.019e-05,127.18661276
11631723,2017-12-25T12:41:15.4,SELL,3.99e-05,25.30364372
11631724,2017-12-25T12:41:21.7,SELL,3.99e-05,58.97435897
11631737,2017-12-25T12:42:04.97,SELL,4e-05,199.9999
11631740,2017-12-25T12:42:10.237,SELL,4e-05,1362.47789184
11631747,2017-12-25T12:42:26.127,BUY,4e-05,2200.02210816
11631761,2017-12-25T12:44:07.023,SELL,3.995e-05,2561.18474531
11631762,2017-12-25T12:44:07.023,SELL,3.99e-05,9148.89686706
11631763,2017-12-25T12:44:07.023,SELL,3.99e-05,25.0626566
11631765,2017-12-25T12:44:07.4,BUY,3.99e-05,74.47735192
11631770,2017-12-25T12:44:19.853,BUY,3.99e-05,2018.42845208
11631772,2017-12-25T12:44:20.76,BUY,4.017e-05,259.96831591
11631775,2017-12-25T12:44:24.947,SELL,3.969e-05,30.65134099
11631783,2017-12-25T12:44:50.15,SELL,3.969e-05,169.20309485
11631784,2017-12-25T12:44:50.15,SELL,3.969e-05,297.0
11631794,2017-12-25T12:45:03.2,BUY,3.969e-05,2565.96695008
11631804,2017-12-25T12:45:30.747,SELL,3.966e-05,65.34095177
11631805,2017-12-25T12:45:30.747,SELL,3.965e-05,83.54011423
11631824,2017-12-25T12:46:32.75,SELL,3.97e-05,1310.77529566
11631830,2017-12-25T12:47:05.097,SELL,3.97e-05,39.10652928
11631831,2017-12-25T12:47:05.097,SELL,3.97e-05,160.89347072
11631832,2017-12-25T12:47:13.94,SELL,3.97e-05,1800.30409351
11631833,2017-12-25T12:47:13.94,SELL,3.929e-05,778.5840807
11631845,2017-12-25T12:47:34.177,SELL,3.932e-05,38.14852492
11631846,2017-12-25T12:47:34.177,SELL,3.932e-05,110.46858208
11631853,2017-12-25T12:47:51.74,BUY,3.989e-05,38.14852492
11631855,2017-12-25T12:48:01.927,SELL,3.991e-05,26.69012689
11631856,2017-12-25T12:48:01.927,SELL,3.93e-05,1324.04596331
11631873,2017-12-25T12:48:35.587,SELL,3.934e-05,38.12913065
11631876,2017-12-25T12:48:40.85,BUY,3.933e-05,261.87086935
11631878,2017-12-25T12:48:46.913,SELL,3.933e-05,1100.0
11631889,2017-12-25T12:49:41.077,SELL,3.934e-05,60.60606061
11631891,2017-12-25T12:49:50.763,SELL,3.934e-05,64.17185827
11631893,2017-12-25T12:50:08.797,BUY,3.95e-05,498.69160245
11631903,2017-12-25T12:51:00.927,SELL,3.95e-05,1187.58865063
11631921,2017-12-25T12:52:37.767,BUY,3.99e-05,38.12913065
11631922,2017-12-25T12:52:37.767,BUY,3.991e-05,44.48677901
11631926,2017-12-25T12:53:02,BUY,3.991e-05,82.61590966
11631932,2017-12-25T12:53:20.41,BUY,3.991e-05,82.61590966
11631934,2017-12-25T12:53:28.753,BUY,3.991e-05,117.5451812
11631937,2017-12-25T12:53:35.58,SELL,3.991e-05,136.07800721
11631945,2017-12-25T12:54:01.16,BUY,3.991e-05,463.92199279
11631950,2017-12-25T12:54:28.007,BUY,3.993e-05,150.0
11631951,2017-12-25T12:54:28.007,BUY,3.993e-05,199.85433584
11631967,2017-12-25T12:54:53.46,BUY,3.996e-05,300.0
11631969,2017-12-25T12:54:58.337,SELL,3.995e-05,107.01065144
11631970,2017-12-25T12:54:58.337,SELL,3.991e-05,42.98934856
11631972,2017-12-25T12:55:11.413,BUY,4e-05,146.24451243
11631973,2017-12-25T12:55:11.413,BUY,4e-05,563.34143522
11631974,2017-12-25T12:55:11.413,BUY,4e-05,124.91790258
11631988,2017-12-25T12:56:07.98,SELL,3.99e-05,130.17960358
11631995,2017-12-25T12:56:26.81,BUY,4.016e-05,82.40924739
11631999,2017-12-25T12:56:30.37,BUY,4.017e-05,39.93153659
11632001,2017-12-25T12:56:36.81,BUY,4.017e-05,0.1001475
11632002,2017-12-25T12:56:36.81,BUY,4.018e-05,246.78333682
11632004,2017-12-25T12:56:40.48,BUY,4.018e-05,0.61893928
11632005,2017-12-25T12:56:40.48,BUY,4.019e-05,870.62967729
11632007,2017-12-25T12:56:44.903,BUY,4.017e-05,2114.64863619
11632012,2017-12-25T12:56:54.997,BUY,4.016e-05,1763.76653449
11632020,2017-12-25T12:57:18.203,SELL,4e-05,20.0
11632027,2017-12-25T12:57:39.14,BUY,4.016e-05,900.0
11632031,2017-12-25T12:57:45.343,SELL,4.016e-05,100.0
11632034,2017-12-25T12:57:52.297,SELL,4.016e-05,37.20548092
11632036,2017-12-25T12:58:03.127,BUY,4.017e-05,912.53445482
11632038,2017-12-25T12:58:14.127,SELL,4.016e-05,2000.0
11632057,2017-12-25T12:58:46.987,SELL,4.016e-05,130.0
11632058,2017-12-25T12:58:47.393,SELL,4.016e-05,1248.140271
11632096,2017-12-25T12:59:38.867,BUY,4.017e-05,7520.55560306
11632106,2017-12-25T12:59:49.46,BUY,4.017e-05,949.42429382
11632128,2017-12-25T13:00:52.917,SELL,4.017e-05,20.0
11632175,2017-12-25T13:01:36.247,SELL,4.017e-05,199.6711476
11632176,2017-12-25T13:01:36.247,SELL,4.016e-05,1252.14229212
11632177,2017-12-25T13:01:36.247,SELL,4e-05,362.01631562
11632178,2017-12-25T13:01:36.247,SELL,3.99e-05,303.77289642
11632194,2017-12-25T13:01:53.78,BUY,3.99e-05,100.0
11632198,2017-12-25T13:02:01.623,SELL,3.973e-05,199.6541309
11632199,2017-12-25T13:02:01.89,SELL,3.929e-05,1550.61427969
11632203,2017-12-25T13:02:05.263,BUY,3.973e-05,1980.05436723
11632204,2017-12-25T13:02:05.263,BUY,3.99e-05,1070.57477765
11632206,2017-12-25T13:02:07.187,BUY,3.99e-05,100.0
11632209,2017-12-25T13:02:14.28,BUY,3.99e-05,29.09925
11632227,2017-12-25T13:02:45.563,BUY,3.989e-05,1253.1328321
11632232,2017-12-25T13:02:52.423,BUY,3.989e-05,96.48409024
11632233,2017-12-25T13:02:52.423,BUY,3.99e-05,403.64125446
11632236,2017-12-25T13:02:57.58,BUY,3.988e-05,64.09078661
11632244,2017-12-25T13:03:05.33,SELL,3.932e-05,253.68769074
11632245,2017-12-25T13:03:05.33,SELL,3.93e-05,1.4029621
11632252,2017-12-25T13:03:10.537,BUY,3.987e-05,50.79587882
11632253,2017-12-25T13:03:10.537,BUY,3.988e-05,49.20412118
11632266,2017-12-25T13:03:49.82,BUY,3.987e-05,39.44734827
11632268,2017-12-25T13:03:50.52,BUY,3.987e-05,360.55265173
11632269,2017-12-25T13:03:50.52,BUY,3.988e-05,334.79654363
11632270,2017-12-25T13:03:50.52,BUY,3.989e-05,254.50400269
11632271,2017-12-25T13:03:50.52,BUY,3.99e-05,4544.08170013
11632272,2017-12-25T13:03:50.52,BUY,3.99e-05,70.0
11632273,2017-12-25T13:03:50.52,BUY,3.997e-05,199.6540309
11632274,2017-12-25T13:03:50.52,BUY,4.019e-05,2.18370995
11632275,2017-12-25T13:03:50.52,BUY,4.02e-05,970.25002157
11632276,2017-12-25T13:03:50.52,BUY,4.05e-05,146.24475733
11632277,2017-12-25T13:03:50.52,BUY,4.05e-05,25.0
11632278,2017-12-25T13:03:50.52,BUY,4.05e-05,580.33283948
11632320,2017-12-25T13:04:46.4,SELL,3.98e-05,234.51962357
11632322,2017-12-25T13:04:52.12,SELL,3.98e-05,169.52999999
11632325,2017-12-25T13:05:13.307,BUY,3.987e-05,39.44734827
11632326,2017-12-25T13:05:13.323,BUY,3.987e-05,23.25565173
11632329,2017-12-25T13:05:17.98,BUY,3.987e-05,3752.82167043
11632331,2017-12-25T13:05:18.027,BUY,3.987e-05,3044.07971034
11632332,2017-12-25T13:05:18.027,BUY,3.987e-05,599.0
11632333,2017-12-25T13:05:18.37,SELL,3.987e-05,1600.6097561
11632335,2017-12-25T13:05:30.09,SELL,3.988e-05,129.1989664
11632343,2017-12-25T13:05:48.857,BUY,4.049e-05,61.728
11632352,2017-12-25T13:06:24.343,BUY,4.049e-05,61.743
11632359,2017-12-25T13:06:59.483,BUY,4.049e-05,49.908
11631775,2017-12-25T12:44:24.947,SELL,3.969e-05,30.65134099
11631783,2017-12-25T12:44:50.15,SELL,3.969e-05,169.20309485
11631784,2017-12-25T12:44:50.15,SELL,3.969e-05,297.0
11631794,2017-12-25T12:45:03.2,BUY,3.969e-05,2565.96695008
11631804,2017-12-25T12:45:30.747,SELL,3.966e-05,65.34095177
11631805,2017-12-25T12:45:30.747,SELL,3.965e-05,83.54011423
11631824,2017-12-25T12:46:32.75,SELL,3.97e-05,1310.77529566
11631830,2017-12-25T12:47:05.097,SELL,3.97e-05,39.10652928
11631831,2017-12-25T12:47:05.097,SELL,3.97e-05,160.89347072
11631832,2017-12-25T12:47:13.94,SELL,3.97e-05,1800.30409351
11631833,2017-12-25T12:47:13.94,SELL,3.929e-05,778.5840807
11631845,2017-12-25T12:47:34.177,SELL,3.932e-05,38.14852492
11631846,2017-12-25T12:47:34.177,SELL,3.932e-05,110.46858208
11631853,2017-12-25T12:47:51.74,BUY,3.989e-05,38.14852492
11631855,2017-12-25T12:48:01.927,SELL,3.991e-05,26.69012689
11631856,2017-12-25T12:48:01.927,SELL,3.93e-05,1324.04596331
11631873,2017-12-25T12:48:35.587,SELL,3.934e-05,38.12913065
11631876,2017-12-25T12:48:40.85,BUY,3.933e-05,261.87086935
11631878,2017-12-25T12:48:46.913,SELL,3.933e-05,1100.0
11631889,2017-12-25T12:49:41.077,SELL,3.934e-05,60.60606061
11631891,2017-12-25T12:49:50.763,SELL,3.934e-05,64.17185827
11631893,2017-12-25T12:50:08.797,BUY,3.95e-05,498.69160245
11631903,2017-12-25T12:51:00.927,SELL,3.95e-05,1187.58865063
11631921,2017-12-25T12:52:37.767,BUY,3.99e-05,38.12913065
11631922,2017-12-25T12:52:37.767,BUY,3.991e-05,44.48677901
11631926,2017-12-25T12:53:02,BUY,3.991e-05,82.61590966
11631932,2017-12-25T12:53:20.41,BUY,3.991e-05,82.61590966
11631934,2017-12-25T12:53:28.753,BUY,3.991e-05,117.5451812
11631937,2017-12-25T12:53:35.58,SELL,3.991e-05,136.07800721
11631945,2017-12-25T12:54:01.16,BUY,3.991e-05,463.92199279
11631950,2017-12-25T12:54:28.007,BUY,3.993e-05,150.0
11631951,2017-12-25T12:54:28.007,BUY,3.993e-05,199.85433584
11631967,2017-12-25T12:54:53.46,BUY,3.996e-05,300.0
11631969,2017-12-25T12:54:58.337,SELL,3.995e-05,107.01065144
11631970,2017-12-25T12:54:58.337,SELL,3.991e-05,42.98934856
11631972,2017-12-25T12:55:11.413,BUY,4e-05,146.24451243
11631973,2017-12-25T12:55:11.413,BUY,4e-05,563.34143522
11631974,2017-12-25T12:55:11.413,BUY,4e-05,124.91790258
11631988,2017-12-25T12:56:07.98,SELL,3.99e-05,130.17960358
11631995,2017-12-25T12:56:26.81,BUY,4.016e-05,82.40924739
11631999,2017-12-25T12:56:30.37,BUY,4.017e-05,39.93153659
11632001,2017-12-25T12:56:36.81,BUY,4.017e-05,0.1001475
11632002,2017-12-25T12:56:36.81,BUY,4.018e-05,246.78333682
11632004,2017-12-25T12:56:40.48,BUY,4.018e-05,0.61893928
11632005,2017-12-25T12:56:40.48,BUY,4.019e-05,870.62967729
11632007,2017-12-25T12:56:44.903,BUY,4.017e-05,2114.64863619
11632012,2017-12-25T12:56:54.997,BUY,4.016e-05,1763.76653449
11632020,2017-12-25T12:57:18.203,SELL,4e-05,20.0
11632027,2017-12-25T12:57:39.14,BUY,4.016e-05,900.0
11632031,2017-12-25T12:57:45.343,SELL,4.016e-05,100.0
11632034,2017-12-25T12:57:52.297,SELL,4.016e-05,37.20548092
11632036,2017-12-25T12:58:03.127,BUY,4.017e-05,912.53445482
11632038,2017-12-25T12:58:14.127,SELL,4.016e-05,2000.0
11632057,2017-12-25T12:58:46.987,SELL,4.016e-05,130.0
11632058,2017-12-25T12:58:47.393,SELL,4.016e-05,1248.140271
11632096,2017-12-25T12:59:38.867,BUY,4.017e-05,7520.55560306
11632106,2017-12-25T12:59:49.46,BUY,4.017e-05,949.42429382
11632128,2017-12-25T13:00:52.917,SELL,4.017e-05,20.0
11632175,2017-12-25T13:01:36.247,SELL,4.017e-05,199.6711476
11632176,2017-12-25T13:01:36.247,SELL,4.016e-05,1252.14229212
11632177,2017-12-25T13:01:36.247,SELL,4e-05,362.01631562
11632178,2017-12-25T13:01:36.247,SELL,3.99e-05,303.77289642
11632194,2017-12-25T13:01:53.78,BUY,3.99e-05,100.0
11632198,2017-12-25T13:02:01.623,SELL,3.973e-05,199.6541309
11632199,2017-12-25T13:02:01.89,SELL,3.929e-05,1550.61427969
11632203,2017-12-25T13:02:05.263,BUY,3.973e-05,1980.05436723
11632204,2017-12-25T13:02:05.263,BUY,3.99e-05,1070.57477765
11632206,2017-12-25T13:02:07.187,BUY,3.99e-05,100.0
11632209,2017-12-25T13:02:14.28,BUY,3.99e-05,29.09925
11632227,2017-12-25T13:02:45.563,BUY,3.989e-05,1253.1328321
11632232,2017-12-25T13:02:52.423,BUY,3.989e-05,96.48409024
11632233,2017-12-25T13:02:52.423,BUY,3.99e-05,403.64125446
11632236,2017-12-25T13:02:57.58,BUY,3.988e-05,64.09078661
11632244,2017-12-25T13:03:05.33,SELL,3.932e-05,253.68769074
11632245,2017-12-25T13:03:05.33,SELL,3.93e-05,1.4029621
11632252,2017-12-25T13:03:10.537,BUY,3.987e-05,50.79587882
11632253,2017-12-25T13:03:10.537,BUY,3.988e-05,49.20412118
11632266,2017-12-25T13:03:49.82,BUY,3.987e-05,39.44734827
11632268,2017-12-25T13:03:50.52,BUY,3.987e-05,360.55265173
11632269,2017-12-25T13:03:50.52,BUY,3.988e-05,334.79654363
11632270,2017-12-25T13:03:50.52,BUY,3.989e-05,254.50400269
11632271,2017-12-25T13:03:50.52,BUY,3.99e-05,4544.08170013
11632272,2017-12-25T13:03:50.52,BUY,3.99e-05,70.0
11632273,2017-12-25T13:03:50.52,BUY,3.997e-05,199.6540309
11632274,2017-12-25T13:03:50.52,BUY,4.019e-05,2.18370995
11632275,2017-12-25T13:03:50.52,BUY,4.02e-05,970.25002157
11632276,2017-12-25T13:03:50.52,BUY,4.05e-05,146.24475733
11632277,2017-12-25T13:03:50.52,BUY,4.05e-05,25.0
11632278,2017-12-25T13:03:50.52,BUY,4.05e-05,580.33283948
11632320,2017-12-25T13:04:46.4,SELL,3.98e-05,234.51962357
11632322,2017-12-25T13:04:52.12,SELL,3.98e-05,169.52999999
11632325,2017-12-25T13:05:13.307,BUY,3.987e-05,39.44734827
11632326,2017-12-25T13:05:13.323,BUY,3.987e-05,23.25565173
11632329,2017-12-25T13:05:17.98,BUY,3.987e-05,3752.82167043
11632331,2017-12-25T13:05:18.027,BUY,3.987e-05,3044.07971034
11632332,2017-12-25T13:05:18.027,BUY,3.987e-05,599.0
11632333,2017-12-25T13:05:18.37,SELL,3.987e-05,1600.6097561
11632335,2017-12-25T13:05:30.09,SELL,3.988e-05,129.1989664
11632343,2017-12-25T13:05:48.857,BUY,4.049e-05,61.728
11632352,2017-12-25T13:06:24.343,BUY,4.049e-05,61.743
11632359,2017-12-25T13:06:59.483,BUY,4.049e-05,49.908
11632376,2017-12-25T13:07:48.72,BUY,4.03e-05,200.0
11632377,2017-12-25T13:08:04.317,SELL,3.99e-05,112.56025
11632379,2017-12-25T13:08:05.927,BUY,3.99e-05,135.8891967
11632380,2017-12-25T13:08:05.927,BUY,4.03e-05,16.1108033
11632383,2017-12-25T13:08:36.02,BUY,4.03e-05,24.75186104
11632386,2017-12-25T13:08:43.897,BUY,4.029e-05,163.46318849
11632387,2017-12-25T13:08:43.897,BUY,4.03e-05,4876.53559835
11632416,2017-12-25T13:09:47.463,BUY,3.99e-05,70.0
11632437,2017-12-25T13:11:15.223,SELL,3.99e-05,200.0
11632461,2017-12-25T13:12:51.227,BUY,3.99e-05,633.4135
11632466,2017-12-25T13:12:53.167,BUY,3.99e-05,417.8425
11632472,2017-12-25T13:13:23.89,SELL,3.988e-05,250.12537613
11632473,2017-12-25T13:13:23.89,SELL,3.987e-05,301.22293157
11632488,2017-12-25T13:14:03.187,SELL,3.987e-05,763.69257709
11632491,2017-12-25T13:14:10.593,SELL,3.987e-05,491.3950249
11632492,2017-12-25T13:14:10.593,SELL,3.987e-05,250.8151492
11632494,2017-12-25T13:14:15,BUY,3.987e-05,2296.42253689
11632495,2017-12-25T13:14:15,BUY,3.99e-05,2732.25396311
11632516,2017-12-25T13:14:55.643,SELL,3.98e-05,150.0
11632518,2017-12-25T13:14:55.957,BUY,3.987e-05,602.35507246
11632520,2017-12-25T13:14:55.97,BUY,3.989e-05,655.60400674
11632521,2017-12-25T13:14:55.97,BUY,3.99e-05,5177.27724326
11632523,2017-12-25T13:14:57.253,BUY,3.99e-05,550.00343752
11632525,2017-12-25T13:14:58.143,BUY,3.99e-05,17099.20935611
11632526,2017-12-25T13:14:58.143,BUY,3.99e-05,36.56271186
11632527,2017-12-25T13:14:58.143,BUY,3.99e-05,25.0
11632528,2017-12-25T13:14:58.143,BUY,3.99e-05,85.7489168
11632536,2017-12-25T13:15:04.097,SELL,3.991e-05,40.43060184
11632541,2017-12-25T13:15:21.177,SELL,3.991e-05,691.38244586
11632542,2017-12-25T13:15:21.177,SELL,3.99e-05,274.29679195
11632558,2017-12-25T13:16:12.46,SELL,3.99e-05,10000.00005913
11632616,2017-12-25T13:16:36.07,BUY,4.03e-05,1163.46318849
11632649,2017-12-25T13:16:50.18,SELL,4.03e-05,734.36841067
11632652,2017-12-25T13:17:03.65,SELL,3.99e-05,25.90673575
11632654,2017-12-25T13:17:09.243,BUY,4.03e-05,55.91593921
11632658,2017-12-25T13:17:27.12,SELL,3.99e-05,577.59697452
11632660,2017-12-25T13:17:32.933,SELL,4.015e-05,1215.91647572
11632661,2017-12-25T13:17:32.933,SELL,3.99e-05,3075.47845388
11632662,2017-12-25T13:17:32.933,SELL,3.98e-05,2756.55212393
11632663,2017-12-25T13:17:32.933,SELL,3.977e-05,199.45422677
11632664,2017-12-25T13:17:32.933,SELL,3.972e-05,130.0
11632665,2017-12-25T13:17:32.933,SELL,3.972e-05,1255.66465257
11632666,2017-12-25T13:17:32.933,SELL,3.931e-05,178.07173741
11632667,2017-12-25T13:17:32.933,SELL,3.93e-05,123.51494048
11632668,2017-12-25T13:17:32.933,SELL,3.929e-05,1968.51730961
11632669,2017-12-25T13:17:32.933,SELL,3.928e-05,429.7171567
11632670,2017-12-25T13:17:32.933,SELL,3.89e-05,347.0
11632671,2017-12-25T13:17:32.933,SELL,3.871e-05,51.66623611
11632672,2017-12-25T13:17:32.933,SELL,3.865e-05,754.72887768
11632673,2017-12-25T13:17:32.933,SELL,3.863e-05,315.60869014
11632674,2017-12-25T13:17:32.933,SELL,3.854e-05,8309.99732734
11632683,2017-12-25T13:17:36.213,BUY,3.913e-05,70.79032258
11632723,2017-12-25T13:17:47.87,SELL,3.884e-05,25.11931675
11632750,2017-12-25T13:17:57.433,BUY,3.9e-05,99.53118972
11632771,2017-12-25T13:18:14.543,BUY,3.9e-05,10.35734778
11632772,2017-12-25T13:18:14.543,BUY,3.989e-05,36.62979695
11632779,2017-12-25T13:18:17.153,BUY,3.989e-05,25.06893958
11632798,2017-12-25T13:18:29.59,SELL,3.902e-05,530.72625698
11632814,2017-12-25T13:18:40.547,BUY,3.977e-05,359.20657051
11632840,2017-12-25T13:19:01.907,BUY,3.964e-05,146.33382396
11632843,2017-12-25T13:19:13.42,SELL,3.908e-05,177.7984721
11632847,2017-12-25T13:19:18.797,BUY,3.907e-05,150.67060429
11632849,2017-12-25T13:19:21.343,BUY,3.907e-05,146.36840576
11632851,2017-12-25T13:19:23.437,BUY,3.907e-05,251.88916877
11632853,2017-12-25T13:19:25.687,BUY,3.907e-05,147.95146934
11632854,2017-12-25T13:19:26.593,SELL,3.904e-05,142.5
11632856,2017-12-25T13:19:29.593,BUY,3.907e-05,925.32187974
11632863,2017-12-25T13:19:58,BUY,3.934e-05,2283.57036032
11632865,2017-12-25T13:19:59.563,BUY,3.934e-05,5646.44022521
11632866,2017-12-25T13:19:59.563,BUY,3.935e-05,716.88148572
11632871,2017-12-25T13:20:27.83,BUY,3.935e-05,1093.09001687
11632872,2017-12-25T13:20:27.83,BUY,3.939e-05,1319.80969767
11632875,2017-12-25T13:20:37.44,SELL,3.939e-05,119.5043601
11632876,2017-12-25T13:20:37.44,SELL,3.907e-05,809.55580454
11632877,2017-12-25T13:20:37.44,SELL,3.907e-05,251.75591781
11632878,2017-12-25T13:20:37.44,SELL,3.907e-05,251.75591781
11632879,2017-12-25T13:20:37.44,SELL,3.907e-05,677.00518428
11632881,2017-12-25T13:20:51.503,SELL,3.907e-05,68.96552
11632897,2017-12-25T13:21:16.973,BUY,3.948e-05,34.19452887
11632907,2017-12-25T13:23:45.09,BUY,3.948e-05,82.17847201
11632908,2017-12-25T13:23:45.09,BUY,3.95e-05,6918.72806447
11632910,2017-12-25T13:23:54.967,BUY,3.945e-05,177.89953222
11632916,2017-12-25T13:24:32.25,SELL,3.948e-05,415.424275
11632919,2017-12-25T13:25:07.907,BUY,3.95e-05,82.17847201
11632922,2017-12-25T13:25:29.91,BUY,3.99e-05,50.0
11632950,2017-12-25T13:29:14.59,BUY,3.998e-05,62.531
11632955,2017-12-25T13:29:36.78,BUY,3.998e-05,62.531
11632958,2017-12-25T13:29:39.75,BUY,3.998e-05,55.71005065
11632960,2017-12-25T13:29:56.55,BUY,3.998e-05,22.31585208
11632962,2017-12-25T13:29:58.97,SELL,3.998e-05,40.62445182
11632963,2017-12-25T13:29:58.97,SELL,3.951e-05,15.08559883
11632969,2017-12-25T13:30:28.023,BUY,3.999e-05,62.515
11632972,2017-12-25T13:30:35.913,SELL,3.952e-05,150.0
11632977,2017-12-25T13:31:02.01,BUY,3.999e-05,62.515
11632984,2017-12-25T13:31:37.763,BUY,3.999e-05,62.515
11632990,2017-12-25T13:32:18.81,BUY,3.998e-05,59.0568403
11632993,2017-12-25T13:32:20.28,BUY,3.998e-05,90.0
11632996,2017-12-25T13:32:22.827,BUY,3.998e-05,62.515
11633001,2017-12-25T13:32:48.453,BUY,3.998e-05,62.531
11633007,2017-12-25T13:33:23.66,BUY,3.998e-05,62.531
11633014,2017-12-25T13:33:58.88,BUY,3.998e-05,62.531
11633022,2017-12-25T13:34:34.68,BUY,3.998e-05,62.531
11633025,2017-12-25T13:34:42.43,SELL,3.954e-05,277.50379363
11633026,2017-12-25T13:34:42.43,SELL,3.954e-05,126.34041351
11633027,2017-12-25T13:34:42.43,SELL,3.953e-05,896.15579286
11633029,2017-12-25T13:34:44.29,BUY,3.998e-05,658.03049311
11633030,2017-12-25T13:34:44.29,BUY,3.998e-05,141.96950689
11633036,2017-12-25T13:34:57.103,SELL,3.954e-05,253.136437
11633044,2017-12-25T13:35:09.29,BUY,3.954e-05,62.531
11633060,2017-12-25T13:35:44.323,BUY,3.954e-05,63.227
11633062,2017-12-25T13:35:55.153,SELL,3.953e-05,41.67420143
11633066,2017-12-25T13:36:21.7,BUY,3.954e-05,58.91556904
11633074,2017-12-25T13:36:57.14,BUY,3.954e-05,885.13429104
11633079,2017-12-25T13:37:05.33,SELL,3.954e-05,4688.96897524
11633098,2017-12-25T13:38:17.067,BUY,3.98e-05,62.814
11633116,2017-12-25T13:38:27.443,BUY,3.998e-05,62.531
11633142,2017-12-25T13:38:40.833,BUY,3.998e-05,62.531
11633162,2017-12-25T13:38:54.413,BUY,3.998e-05,62.531
11633165,2017-12-25T13:39:17.163,BUY,3.998e-05,62.531
11633168,2017-12-25T13:39:31.367,BUY,3.998e-05,62.531
11633169,2017-12-25T13:39:51.51,SELL,3.955e-05,378.41426404
11633170,2017-12-25T13:39:51.51,SELL,3.954e-05,621.58573596
11633172,2017-12-25T13:39:55.527,BUY,3.998e-05,291.34619739
11633173,2017-12-25T13:39:55.527,BUY,3.998e-05,31.68835353
11633174,2017-12-25T13:39:55.527,BUY,3.998e-05,30.0
11633175,2017-12-25T13:39:55.527,BUY,3.999e-05,793.5444307
11633180,2017-12-25T13:40:29.823,SELL,3.998e-05,62.531
11633181,2017-12-25T13:40:45.997,SELL,3.955e-05,150.00084901
11633185,2017-12-25T13:41:06.373,BUY,3.993e-05,62.609
11633186,2017-12-25T13:41:29.097,SELL,3.955e-05,23.0
11633189,2017-12-25T13:41:35.253,BUY,3.993e-05,127.99643724
11633192,2017-12-25T13:41:40.27,SELL,3.955e-05,948.40403595
11633193,2017-12-25T13:41:40.27,SELL,3.954e-05,1240.9912039
11633231,2017-12-25T13:42:56.71,SELL,3.993e-05,62.609
11633232,2017-12-25T13:42:56.71,SELL,3.993e-05,55.32506887
11633233,2017-12-25T13:42:56.71,SELL,3.954e-05,131.60507459
11633234,2017-12-25T13:42:56.71,SELL,3.954e-05,555.77450683
11633238,2017-12-25T13:42:59.4,BUY,3.954e-05,62.531
11633243,2017-12-25T13:43:01.01,BUY,3.954e-05,37.0
11633255,2017-12-25T13:43:08.947,SELL,3.953e-05,62.17000571
11633278,2017-12-25T13:43:19.01,SELL,3.95e-05,697.11095331
11633290,2017-12-25T13:43:44.01,BUY,3.953e-05,63.243
11633300,2017-12-25T13:44:10.123,SELL,3.907e-05,448.81089861
11633301,2017-12-25T13:44:10.123,SELL,3.907e-05,383.92628615
11633303,2017-12-25T13:44:12.997,BUY,3.953e-05,63.243
11633311,2017-12-25T13:44:27.64,BUY,3.952e-05,171.47931916
11633312,2017-12-25T13:44:27.64,BUY,3.953e-05,13.44118084
11633317,2017-12-25T13:44:34.17,SELL,3.899e-05,76.57726932
11633318,2017-12-25T13:44:34.17,SELL,3.857e-05,512.3087137
11633337,2017-12-25T13:44:50.64,BUY,3.951e-05,63.259
11633405,2017-12-25T13:45:42.19,SELL,3.871e-05,38.74967708
11633406,2017-12-25T13:45:42.19,SELL,3.87e-05,38.75968992
11633407,2017-12-25T13:45:42.19,SELL,3.87e-05,4158.9197501
11633431,2017-12-25T13:46:09.94,BUY,3.947e-05,299.0
11633433,2017-12-25T13:46:12.287,SELL,3.871e-05,88.88657821
11633434,2017-12-25T13:46:12.287,SELL,3.871e-05,25.76853526
11633435,2017-12-25T13:46:12.287,SELL,3.868e-05,187.95128474
11633436,2017-12-25T13:46:12.287,SELL,3.855e-05,3929.36634662
11633444,2017-12-25T13:46:21.55,BUY,3.871e-05,67.79564738
11633450,2017-12-25T13:46:26.52,BUY,3.871e-05,151.48063781
11633453,2017-12-25T13:46:29.753,BUY,3.871e-05,38.74967708
11633455,2017-12-25T13:46:32.927,BUY,3.871e-05,164.12506593
11633459,2017-12-25T13:46:36.863,BUY,3.871e-05,236.564
11633461,2017-12-25T13:46:39.567,BUY,3.871e-05,138.261
11633463,2017-12-25T13:46:39.723,BUY,3.871e-05,323.734
11633465,2017-12-25T13:46:45.723,BUY,3.86e-05,258.70689344
11633468,2017-12-25T13:46:50.427,BUY,3.86e-05,230.098
11633471,2017-12-25T13:46:56.74,BUY,3.86e-05,181.34715025
11633474,2017-12-25T13:47:00.693,BUY,3.86e-05,204.89474339
11633476,2017-12-25T13:47:01.24,BUY,3.86e-05,204.89474339
11633483,2017-12-25T13:47:19.617,SELL,3.86e-05,196.87849472
11633485,2017-12-25T13:47:20.74,BUY,3.86e-05,208.463
11633488,2017-12-25T13:47:29.85,SELL,3.856e-05,259.43609958
11633489,2017-12-25T13:47:29.85,SELL,3.856e-05,1489.52323351
11633492,2017-12-25T13:47:35.727,SELL,3.856e-05,1310.19243506
11633498,2017-12-25T13:47:52.01,SELL,3.856e-05,368.39488636
11633502,2017-12-25T13:47:56.32,SELL,3.856e-05,500.0
11633508,2017-12-25T13:48:19.307,BUY,3.86e-05,30.102
11633517,2017-12-25T13:48:50.87,BUY,3.86e-05,16.1498708
11633519,2017-12-25T13:49:06.81,BUY,3.86e-05,16.1498708
11633522,2017-12-25T13:49:40.653,BUY,3.86e-05,25.90673575
11633529,2017-12-25T13:50:18.47,BUY,3.86e-05,16.1498708
11633530,2017-12-25T13:50:27.173,SELL,3.856e-05,1349.88182494
11633532,2017-12-25T13:50:33.877,BUY,3.86e-05,27.89162596
11633535,2017-12-25T13:50:46.33,BUY,3.86e-05,194.11235584
11633537,2017-12-25T13:51:01.127,BUY,3.86e-05,188.47229152
11633541,2017-12-25T13:51:16.503,BUY,3.86e-05,25.90673575
11633543,2017-12-25T13:51:17.003,BUY,3.86e-05,282.68498785
11633545,2017-12-25T13:51:30.41,BUY,3.86e-05,112.08867538
11633548,2017-12-25T13:51:44.32,BUY,3.86e-05,25.84196891
11633550,2017-12-25T13:51:45.723,BUY,3.86e-05,131.90664608
11633551,2017-12-25T13:51:47.46,SELL,3.852e-05,25.89563863
11633552,2017-12-25T13:51:47.46,SELL,3.846e-05,9.9325031
11633554,2017-12-25T13:51:53.77,BUY,3.852e-05,30.0
11633556,2017-12-25T13:52:08.96,BUY,3.86e-05,132.40766166
11633558,2017-12-25T13:52:09.227,BUY,3.86e-05,132.40766166
11633561,2017-12-25T13:52:11.383,BUY,3.86e-05,99.8026999
11633563,2017-12-25T13:52:37.933,BUY,3.86e-05,16.1498708
11633566,2017-12-25T13:52:55.463,BUY,3.86e-05,16.1498708
11633568,2017-12-25T13:53:20.997,BUY,3.86e-05,162.96798998
11633569,2017-12-25T13:53:20.997,BUY,3.86e-05,90.56526674
11633570,2017-12-25T13:53:20.997,BUY,3.86e-05,149.0
11633574,2017-12-25T13:53:38.653,BUY,3.871e-05,774.99354172
11633578,2017-12-25T13:53:53.69,BUY,3.871e-05,929.99225006
11633582,2017-12-25T13:54:08.44,SELL,3.86e-05,366.25704898
11633583,2017-12-25T13:54:08.44,SELL,3.86e-05,16.1498708
11633584,2017-12-25T13:54:08.44,SELL,3.846e-05,261.75124628
11633585,2017-12-25T13:54:08.44,SELL,3.845e-05,9507.14704168
11633601,2017-12-25T13:55:10.567,SELL,3.845e-05,2281.93110396
11633602,2017-12-25T13:55:10.567,SELL,3.845e-05,16.1498708
11633605,2017-12-25T13:55:14.63,SELL,3.844e-05,4430.56830415
11633607,2017-12-25T13:55:16.66,BUY,3.845e-05,118.36911054
11633611,2017-12-25T13:55:32.147,SELL,3.844e-05,38.74967708
11633613,2017-12-25T13:55:38.38,BUY,3.845e-05,116.4063422
11633615,2017-12-25T13:55:38.38,BUY,3.845e-05,600.81282943
11633617,2017-12-25T13:55:38.477,BUY,3.845e-05,600.81282942
11633619,2017-12-25T13:55:49.977,SELL,3.844e-05,600.81282942
11633621,2017-12-25T13:55:53.43,BUY,3.845e-05,177.19805799
11633623,2017-12-25T13:56:02.477,BUY,3.845e-05,205.46163849
11633626,2017-12-25T13:56:08.557,SELL,3.844e-05,874.70631401
11633632,2017-12-25T13:56:30.947,BUY,3.84e-05,195.33609261
11633635,2017-12-25T13:56:46.09,BUY,3.84e-05,31.74135275
11633639,2017-12-25T13:57:08.823,BUY,3.84e-05,116.19894072
11633641,2017-12-25T13:57:16.34,BUY,3.84e-05,11.43314708
11633642,2017-12-25T13:57:16.34,BUY,3.84e-05,145.38937211
11633649,2017-12-25T13:58:04.233,SELL,3.834e-05,62.116078
11633657,2017-12-25T13:58:14.14,BUY,3.834e-05,258.73221216
11633660,2017-12-25T13:58:17.233,BUY,3.834e-05,161.35055374
11633664,2017-12-25T13:58:31.093,SELL,3.803e-05,39.44254535
11633665,2017-12-25T13:58:31.093,SELL,3.802e-05,86.41842678
11633666,2017-12-25T13:58:31.28,SELL,3.802e-05,1275.80871157
11633667,2017-12-25T13:58:31.28,SELL,3.802e-05,57.74743816
11633674,2017-12-25T13:58:51.203,BUY,3.863e-05,31.05590062
11633678,2017-12-25T13:59:16.487,BUY,3.862e-05,32.3666494
11633691,2017-12-25T13:59:46.207,BUY,3.863e-05,38.500212
11633716,2017-12-25T14:01:05.417,SELL,3.811e-05,425.71969112
11633720,2017-12-25T14:01:27.5,SELL,3.822e-05,1510.57683492
11633722,2017-12-25T14:01:54.673,SELL,3.822e-05,50.0
11633725,2017-12-25T14:04:02.43,BUY,3.86e-05,38.4810321
11633729,2017-12-25T14:07:45.09,BUY,3.86e-05,38.238753
11633731,2017-12-25T14:07:52.78,SELL,3.822e-05,433.0
11633734,2017-12-25T14:07:57.187,BUY,3.86e-05,512.0
11633735,2017-12-25T14:07:57.81,SELL,3.822e-05,130.0
11633738,2017-12-25T14:08:33.743,SELL,3.822e-05,1747.65310376
11633740,2017-12-25T14:08:36.98,SELL,3.822e-05,128.77006132
11633743,2017-12-25T14:08:48.853,BUY,3.822e-05,198.50813716
11633746,2017-12-25T14:09:29.087,BUY,3.822e-05,172.05441433
11633754,2017-12-25T14:10:36.643,SELL,3.823e-05,50.0
11633758,2017-12-25T14:11:04.52,BUY,3.86e-05,12.81390572
11633759,2017-12-25T14:11:04.52,BUY,3.861e-05,26.05306028
11633765,2017-12-25T14:12:42,BUY,3.868e-05,64.632
11633769,2017-12-25T14:13:34.193,BUY,3.868e-05,64.632
11633770,2017-12-25T14:13:41.413,SELL,3.823e-05,366.05504587
11633773,2017-12-25T14:14:20.42,BUY,3.868e-05,27.414
11633777,2017-12-25T14:14:59.467,BUY,3.868e-05,64.632
11633782,2017-12-25T14:15:24.047,BUY,3.868e-05,38.500258
11633784,2017-12-25T14:15:28.047,BUY,3.868e-05,31.0237849
11633786,2017-12-25T14:15:31.5,BUY,3.868e-05,31.0237849
11633789,2017-12-25T14:15:42.53,BUY,3.868e-05,31.0237849
11633791,2017-12-25T14:15:46.64,BUY,3.868e-05,64.632
11633793,2017-12-25T14:15:59.783,BUY,3.868e-05,31.0237849
11633796,2017-12-25T14:16:26.033,BUY,3.868e-05,1.4626024
11633801,2017-12-25T14:16:31.66,BUY,3.869e-05,25.38078876
11633802,2017-12-25T14:16:31.66,BUY,3.87e-05,95.11321124
11633811,2017-12-25T14:17:03.837,BUY,3.87e-05,31.00775193
11633813,2017-12-25T14:17:08.447,BUY,3.87e-05,77.39174155
11633814,2017-12-25T14:17:08.447,BUY,3.871e-05,1208.17011325
11633817,2017-12-25T14:17:11.947,BUY,3.871e-05,64.582
11633823,2017-12-25T14:17:28.32,BUY,3.87e-05,206.66494445
11633825,2017-12-25T14:17:36.023,BUY,3.87e-05,1107.86654457
11633827,2017-12-25T14:17:50.84,BUY,3.87e-05,64.582
11633835,2017-12-25T14:18:31.497,BUY,3.87e-05,64.599
11633836,2017-12-25T14:18:46.873,SELL,3.868e-05,32.486
11633838,2017-12-25T14:18:48.5,BUY,3.868e-05,117.514
11633839,2017-12-25T14:18:48.5,BUY,3.87e-05,140.88393281
11633841,2017-12-25T14:18:48.89,BUY,3.87e-05,129.1989664
11633844,2017-12-25T14:19:10.687,BUY,3.87e-05,44.57103529
11633845,2017-12-25T14:19:10.687,BUY,3.87e-05,2155.42896471
11633847,2017-12-25T14:19:20.19,SELL,3.824e-05,53.35651244
11633850,2017-12-25T14:19:23.033,BUY,3.87e-05,644.18566692
11633854,2017-12-25T14:19:41.393,BUY,3.871e-05,1000.0
11633855,2017-12-25T14:20:06.82,SELL,3.87e-05,255.81433308
11633856,2017-12-25T14:20:06.82,SELL,3.87e-05,64.599
11633858,2017-12-25T14:20:24.21,BUY,3.87e-05,38.603858
11633862,2017-12-25T14:20:28.587,BUY,3.87e-05,121.44702842
11633864,2017-12-25T14:20:41.167,BUY,3.87e-05,83.17397287
11633866,2017-12-25T14:20:59.963,BUY,3.87e-05,0.2083889
11633867,2017-12-25T14:20:59.963,BUY,3.87e-05,258.18954391
11633928,2017-12-25T14:23:37.707,SELL,3.868e-05,51.70630816
11633929,2017-12-25T14:23:37.707,SELL,3.868e-05,100.0
11633933,2017-12-25T14:23:40.22,BUY,3.868e-05,84.3026686
11633945,2017-12-25T14:24:00.567,BUY,3.868e-05,495.2952256
11633946,2017-12-25T14:24:00.567,BUY,3.87e-05,85.74498567
11633947,2017-12-25T14:24:00.567,BUY,3.87e-05,500.0
11633948,2017-12-25T14:24:00.567,BUY,3.87e-05,918.95978873
11633959,2017-12-25T14:24:13.177,BUY,3.87e-05,80.8377093
11633970,2017-12-25T14:24:27.1,BUY,3.87e-05,0.20250197
11633971,2017-12-25T14:24:27.52,SELL,3.87e-05,959.84717245
11633972,2017-12-25T14:24:27.52,SELL,3.868e-05,600.23483182
11633986,2017-12-25T14:24:40.63,BUY,3.87e-05,59.28476854
11633996,2017-12-25T14:24:54.647,SELL,3.87e-05,5.31423146
11634002,2017-12-25T14:25:06.367,BUY,3.87e-05,294.68576854
11634003,2017-12-25T14:25:06.367,BUY,3.871e-05,228.90187836
11634013,2017-12-25T14:25:48.057,BUY,3.87e-05,59.43152454
11634014,2017-12-25T14:25:49.29,SELL,3.868e-05,275.43891803
11634018,2017-12-25T14:26:44.747,SELL,3.868e-05,152.02696009
11634020,2017-12-25T14:26:54.217,BUY,3.87e-05,460.0
11634021,2017-12-25T14:26:56.217,SELL,3.868e-05,600.0
11634024,2017-12-25T14:27:11.983,BUY,3.87e-05,1480.56847546
11634028,2017-12-25T14:27:42.56,SELL,3.87e-05,30.30993619
11634032,2017-12-25T14:28:32.08,BUY,3.871e-05,10218.68593634
11634033,2017-12-25T14:28:32.097,BUY,3.871e-05,183.15505609
11634034,2017-12-25T14:28:32.097,BUY,3.871e-05,1349.88182494
11634058,2017-12-25T14:28:53.423,SELL,3.871e-05,203.43489762
11634059,2017-12-25T14:28:53.423,SELL,3.871e-05,26.64853074
11634060,2017-12-25T14:29:00.16,SELL,3.87e-05,18.0
11634062,2017-12-25T14:29:23.787,BUY,3.871e-05,51.66623611
11634064,2017-12-25T14:29:37.41,BUY,3.871e-05,213.62641236
11634074,2017-12-25T14:31:16.213,BUY,3.894e-05,25.06893958
11634077,2017-12-25T14:31:19.667,BUY,3.88e-05,37.55037022
11634094,2017-12-25T14:31:52.687,SELL,3.886e-05,2610.0
11634096,2017-12-25T14:31:53.793,BUY,3.885e-05,4595.79028434
11634103,2017-12-25T14:32:23.423,BUY,3.894e-05,234.36716
11634104,2017-12-25T14:32:23.423,BUY,3.894e-05,700.0
11634120,2017-12-25T14:33:17.193,BUY,3.915e-05,38.75968992
11634122,2017-12-25T14:33:22.023,SELL,3.915e-05,106.23057093
11634124,2017-12-25T14:33:28.96,SELL,3.915e-05,255.42784163
11634127,2017-12-25T14:33:34.617,SELL,3.915e-05,107.57395588
11634130,2017-12-25T14:33:41.523,BUY,3.916e-05,30.59654111
11634134,2017-12-25T14:33:46.07,SELL,3.915e-05,255.42784163
11634135,2017-12-25T14:33:46.743,SELL,3.915e-05,313.17837051
11634141,2017-12-25T14:34:02.15,SELL,3.915e-05,25.26809709
11634142,2017-12-25T14:34:03.353,SELL,3.915e-05,255.42784163
11634149,2017-12-25T14:35:02.17,SELL,3.915e-05,500.0
11634152,2017-12-25T14:35:39.013,SELL,3.915e-05,30.32836728
11634159,2017-12-25T14:36:22.953,SELL,3.915e-05,114.1274235
11634160,2017-12-25T14:36:22.953,SELL,3.915e-05,53.50574713
11634161,2017-12-25T14:36:22.953,SELL,3.915e-05,13.71397962
11634170,2017-12-25T14:36:59.113,BUY,3.95e-05,400.0
11634172,2017-12-25T14:37:02.533,SELL,3.95e-05,149.23415207
11634175,2017-12-25T14:37:11.987,SELL,3.95e-05,164.26585763
11634178,2017-12-25T14:37:19.66,BUY,3.968e-05,129.8026999
11634179,2017-12-25T14:37:19.66,BUY,3.992e-05,2870.1973001
11634180,2017-12-25T14:37:22.77,SELL,3.95e-05,45.82444446
11634185,2017-12-25T14:37:38.13,SELL,3.95e-05,123.61267916
11634187,2017-12-25T14:38:02.897,SELL,3.95e-05,111.84496017
11634189,2017-12-25T14:38:20.54,SELL,3.95e-05,693.35826923
11634190,2017-12-25T14:38:26.12,SELL,3.95e-05,121.46045791
11634192,2017-12-25T14:38:32.65,SELL,3.95e-05,123.87969639
11634197,2017-12-25T14:38:47.963,SELL,3.951e-05,121.85893206
11634199,2017-12-25T14:38:54.027,SELL,3.951e-05,200.0
11634203,2017-12-25T14:38:59.76,SELL,3.951e-05,410.33519884
11634209,2017-12-25T14:39:03.4,BUY,3.992e-05,2610.0
11634210,2017-12-25T14:39:03.4,BUY,3.992e-05,1714.10070824
11634211,2017-12-25T14:39:03.4,BUY,3.993e-05,8166.50785675
11634213,2017-12-25T14:39:08.823,SELL,3.951e-05,82.3
11634215,2017-12-25T14:39:10.12,SELL,3.951e-05,82.3
11634228,2017-12-25T14:39:49.937,SELL,3.951e-05,343.8435312
11634232,2017-12-25T14:40:03.28,SELL,3.952e-05,82.12265056
11634247,2017-12-25T14:40:32.173,SELL,3.952e-05,107.14459103
11634255,2017-12-25T14:40:56.08,SELL,3.953e-05,138.475862
11634259,2017-12-25T14:41:12.313,SELL,3.952e-05,179.96087611
11634264,2017-12-25T14:41:20.143,SELL,3.952e-05,25.90673575
11634297,2017-12-25T14:43:21.887,BUY,3.995e-05,35.904
11634302,2017-12-25T14:44:14.84,SELL,3.952e-05,70.63383312
11634307,2017-12-25T14:45:04.11,SELL,3.958e-05,17.0
11634308,2017-12-25T14:45:14.72,SELL,3.952e-05,774.99354172
11634310,2017-12-25T14:45:15.847,SELL,3.952e-05,31.0237849
11634311,2017-12-25T14:45:18.237,SELL,3.952e-05,592.30675123
11634312,2017-12-25T14:45:18.237,SELL,3.952e-05,337.68549883
11634313,2017-12-25T14:45:18.657,SELL,3.952e-05,32.3666494
11634318,2017-12-25T14:45:47.55,SELL,3.952e-05,302.1071186
11634319,2017-12-25T14:45:47.55,SELL,3.952e-05,253.20048
11634320,2017-12-25T14:45:47.55,SELL,3.951e-05,75.1708
11634321,2017-12-25T14:45:47.55,SELL,3.95e-05,4225.52868614
11634331,2017-12-25T14:45:59.003,SELL,3.915e-05,85.3254131
11634341,2017-12-25T14:46:12.457,SELL,3.896e-05,173.40679906
11634399,2017-12-25T14:47:17.507,SELL,3.902e-05,219.6711476
11634427,2017-12-25T14:47:52.557,SELL,3.901e-05,133.30420213
11634428,2017-12-25T14:47:52.557,SELL,3.9e-05,750.0
11634440,2017-12-25T14:48:47.73,SELL,3.894e-05,65.63284
11634441,2017-12-25T14:48:47.73,SELL,3.88e-05,4962.44962978
11634456,2017-12-25T14:49:20.53,SELL,3.87e-05,387.04614602
11634459,2017-12-25T14:49:38.39,SELL,3.87e-05,129.75385398
11634460,2017-12-25T14:49:38.39,SELL,3.87e-05,340.61712403
11634469,2017-12-25T14:50:06.36,BUY,3.87e-05,33.56
11634472,2017-12-25T14:50:17.423,SELL,3.868e-05,3372.29929006
11634481,2017-12-25T14:50:55.613,SELL,3.823e-05,300.0
11634483,2017-12-25T14:51:14.413,BUY,3.868e-05,64.632
11634491,2017-12-25T14:52:14.463,BUY,3.868e-05,304.50466908
11634496,2017-12-25T14:52:23.947,BUY,3.868e-05,31.387
11634499,2017-12-25T14:52:50.747,SELL,3.823e-05,325.0
11634538,2017-12-25T14:54:05.797,SELL,3.823e-05,368.28561347
11634539,2017-12-25T14:54:05.797,SELL,3.823e-05,133.76141182
11634546,2017-12-25T14:54:15.923,BUY,3.823e-05,217.39130434
11634548,2017-12-25T14:54:18.343,BUY,3.823e-05,27.14370841
11634550,2017-12-25T14:54:18.517,BUY,3.823e-05,27.14370841
11634552,2017-12-25T14:54:21.83,BUY,3.823e-05,148.9947762
11634554,2017-12-25T14:54:23.627,BUY,3.823e-05,148.9947762
11634558,2017-12-25T14:54:25.797,BUY,3.823e-05,148.9947762
11634560,2017-12-25T14:54:26.047,BUY,3.823e-05,342.27835884
11634709,2017-12-25T14:55:57.99,SELL,3.867e-05,297.44971625
11634710,2017-12-25T14:55:57.99,SELL,3.867e-05,38.7897595
11634711,2017-12-25T14:55:57.99,SELL,3.866e-05,774.0558717
11634716,2017-12-25T14:56:00.037,BUY,3.866e-05,38.7897595
11634718,2017-12-25T14:56:03.617,BUY,3.866e-05,38.79979306
11634724,2017-12-25T14:56:06.897,BUY,3.866e-05,168.13243662
11634757,2017-12-25T14:58:02.48,SELL,3.86e-05,1941.58413342
11634763,2017-12-25T14:58:18.39,BUY,3.86e-05,100.0
11634785,2017-12-25T14:59:49.8,SELL,3.852e-05,200.44657718
11634813,2017-12-25T15:00:51.943,SELL,3.831e-05,572.91016096
11634823,2017-12-25T15:01:02.84,BUY,3.831e-05,33.11506707
11634826,2017-12-25T15:01:04.09,BUY,3.831e-05,155.37383178
11634829,2017-12-25T15:01:07.713,BUY,3.831e-05,172.17512871
11634835,2017-12-25T15:01:10.197,BUY,3.831e-05,33.11518465
11634839,2017-12-25T15:01:14.747,BUY,3.831e-05,235.78202288
11634841,2017-12-25T15:01:15.747,BUY,3.831e-05,235.78202288
11634847,2017-12-25T15:01:19.887,BUY,3.825e-05,237.62112267
11634850,2017-12-25T15:01:25.717,BUY,3.825e-05,259.1344908
11634857,2017-12-25T15:01:32.37,BUY,3.825e-05,42.43772098
11634860,2017-12-25T15:01:46.28,BUY,3.824e-05,261.43840849
11634862,2017-12-25T15:01:46.857,BUY,3.824e-05,36.01130776
11634864,2017-12-25T15:01:47.34,BUY,3.831e-05,71.33889989
11634870,2017-12-25T15:02:13.53,BUY,3.831e-05,2603.75880971
11634873,2017-12-25T15:02:40.187,BUY,3.831e-05,6556.54719068
11634881,2017-12-25T15:02:54.357,BUY,3.831e-05,26.0688217
11634887,2017-12-25T15:03:33.703,BUY,3.831e-05,5953.22519593
11634932,2017-12-25T15:06:09.94,SELL,3.887e-05,202.9597206
11634957,2017-12-25T15:09:09.553,BUY,3.891e-05,43.0
11634968,2017-12-25T15:10:14.867,BUY,3.888e-05,39.73209285
11634969,2017-12-25T15:10:14.867,BUY,3.89e-05,520.78730715
11634983,2017-12-25T15:10:56.103,BUY,3.89e-05,2570.6940874
11635019,2017-12-25T15:12:17.057,BUY,3.89e-05,1827.11367886
11635020,2017-12-25T15:12:17.057,BUY,3.891e-05,736.49464805
11635036,2017-12-25T15:13:06.073,BUY,3.888e-05,66.97055043
11635037,2017-12-25T15:13:06.073,BUY,3.889e-05,526.50681911
11635058,2017-12-25T15:13:58.5,SELL,3.887e-05,26.57662555
11635061,2017-12-25T15:14:00.7,BUY,3.889e-05,765.44800206
11635092,2017-12-25T15:14:57.653,BUY,3.889e-05,1208.04517883
11635093,2017-12-25T15:14:57.653,BUY,3.891e-05,3697.30040328
11635129,2017-12-25T15:15:38.403,BUY,3.903e-05,26.90238278
11635163,2017-12-25T15:16:16.797,SELL,3.843e-05,63.199765
11635203,2017-12-25T15:17:35.45,BUY,3.901e-05,63.89856477
11635204,2017-12-25T15:17:35.45,BUY,3.902e-05,134.64743523
11635229,2017-12-25T15:18:18.407,SELL,3.851e-05,203.65740225
11635230,2017-12-25T15:18:18.407,SELL,3.85e-05,296.34259775
11635234,2017-12-25T15:18:42.55,BUY,3.901e-05,202.95860807
11635235,2017-12-25T15:18:42.55,BUY,3.902e-05,797.04139193
11635237,2017-12-25T15:18:54.723,SELL,3.851e-05,202.96210204
11635238,2017-12-25T15:18:54.723,SELL,3.85e-05,866.35415408
11635257,2017-12-25T15:20:11.147,SELL,3.86e-05,400.0
11635294,2017-12-25T15:22:42.383,SELL,3.86e-05,1285.43814433
11635297,2017-12-25T15:22:46.713,SELL,3.86e-05,250.0
11635316,2017-12-25T15:25:53.48,SELL,3.861e-05,5000.0
11635317,2017-12-25T15:25:53.48,SELL,3.861e-05,957.35456488
11635318,2017-12-25T15:25:53.48,SELL,3.86e-05,394.47151582
11635323,2017-12-25T15:27:00.31,SELL,3.86e-05,194.25142729
11635324,2017-12-25T15:27:00.31,SELL,3.86e-05,258.41968912
11635325,2017-12-25T15:27:00.31,SELL,3.86e-05,2482.96447782
11635327,2017-12-25T15:27:08.09,BUY,3.895e-05,26.64853074
11635328,2017-12-25T15:27:08.09,BUY,3.9e-05,57.59175185
11635334,2017-12-25T15:27:42.23,SELL,3.9e-05,181.89777439
11635337,2017-12-25T15:27:53.153,BUY,3.902e-05,19.93542863
11635341,2017-12-25T15:28:09.73,BUY,3.902e-05,90.16899511
11635344,2017-12-25T15:28:23.437,SELL,3.902e-05,43.39775257
11635347,2017-12-25T15:28:34.653,SELL,3.902e-05,122.07138661
11635348,2017-12-25T15:29:11.577,SELL,3.9e-05,130.0
11635349,2017-12-25T15:29:11.717,SELL,3.9e-05,59.0
11635358,2017-12-25T15:29:41.343,SELL,3.9e-05,205.53717484
11635360,2017-12-25T15:29:43.127,BUY,3.903e-05,747.15348892
11635361,2017-12-25T15:29:43.127,BUY,3.903e-05,1227.02884198
11635368,2017-12-25T15:30:22.75,BUY,3.903e-05,1717.07370301
11635369,2017-12-25T15:30:24.237,SELL,3.9e-05,73.0
11635375,2017-12-25T15:30:37.533,BUY,3.903e-05,245.85588162
11635379,2017-12-25T15:30:45.487,BUY,3.905e-05,633.53051059
11635382,2017-12-25T15:30:51.11,BUY,3.906e-05,38.7897595
11635383,2017-12-25T15:31:01.923,SELL,3.906e-05,86.30496686
11635384,2017-12-25T15:31:22.52,SELL,3.906e-05,508.43578423
11635389,2017-12-25T15:32:55.113,BUY,3.906e-05,491.56421577
11635392,2017-12-25T15:33:30.973,SELL,3.906e-05,478.16003154
11635394,2017-12-25T15:33:39.41,BUY,3.906e-05,120.56521505
11635396,2017-12-25T15:33:48.473,BUY,3.906e-05,250.0
11635407,2017-12-25T15:35:36.913,BUY,3.906e-05,751.27475341
11635418,2017-12-25T15:37:02.96,BUY,3.936e-05,173.40679906
11635422,2017-12-25T15:37:11.04,BUY,3.939e-05,35.38234707
11635423,2017-12-25T15:37:22.743,SELL,3.936e-05,61.50181791
11635424,2017-12-25T15:37:26.04,SELL,3.936e-05,178.86877703
11635426,2017-12-25T15:37:42.32,BUY,3.939e-05,91.81474443
11635428,2017-12-25T15:37:46.633,SELL,3.939e-05,165.52835759
11635429,2017-12-25T15:37:54.73,SELL,3.939e-05,148.15799471
11635439,2017-12-25T15:39:13.733,BUY,3.939e-05,17.37036288
11635441,2017-12-25T15:39:19.407,SELL,3.939e-05,217.39130434
11635442,2017-12-25T15:39:19.453,SELL,3.939e-05,342.27835884
11635447,2017-12-25T15:40:20.957,SELL,3.939e-05,500.25075226
11635453,2017-12-25T15:41:24.76,BUY,3.968e-05,257.60013032
11635455,2017-12-25T15:41:32.7,SELL,3.968e-05,142.40934856
11635460,2017-12-25T15:41:43.933,SELL,3.968e-05,148.22275556
11635461,2017-12-25T15:41:44.277,SELL,3.968e-05,100.0
11635463,2017-12-25T15:41:50.683,SELL,3.968e-05,112.23057573
11635464,2017-12-25T15:41:53.89,SELL,3.968e-05,131.60749285
11635469,2017-12-25T15:42:12.89,SELL,3.968e-05,127.97787318
11635474,2017-12-25T15:42:38.873,SELL,3.968e-05,416.2262489
11635476,2017-12-25T15:42:50.187,SELL,3.968e-05,86.54592852
11635490,2017-12-25T15:43:38.69,BUY,3.967e-05,202.96208457
11635491,2017-12-25T15:43:38.69,BUY,3.968e-05,1053.96835898
11635535,2017-12-25T15:44:45.177,SELL,3.915e-05,1285.5618548
11635544,2017-12-25T15:45:06.803,BUY,3.968e-05,45.81111111
11635557,2017-12-25T15:46:20.697,BUY,3.959e-05,48.0
11635570,2017-12-25T15:46:50.527,SELL,3.959e-05,160.91265992
11635574,2017-12-25T15:47:12.603,SELL,3.959e-05,50.0
11635580,2017-12-25T15:48:18.873,SELL,3.959e-05,527.58846948
11635586,2017-12-25T15:49:55.207,SELL,3.959e-05,7487.60025741
11635589,2017-12-25T15:50:10.193,SELL,3.959e-05,1107.86654457
11635591,2017-12-25T15:50:42.257,BUY,3.968e-05,313.2692994
11635596,2017-12-25T15:51:48.59,SELL,3.959e-05,205.46163849
11635605,2017-12-25T15:54:01.483,BUY,3.968e-05,4.68898251
11635606,2017-12-25T15:54:01.483,BUY,3.968e-05,1245.31101749
11635609,2017-12-25T15:56:17.627,SELL,3.959e-05,31.0
11635614,2017-12-25T15:58:42.94,SELL,3.96e-05,1152.7898428
11635615,2017-12-25T15:58:48.003,SELL,3.959e-05,162.5142508
11635617,2017-12-25T15:59:01.063,BUY,3.96e-05,201.10887097
11635619,2017-12-25T15:59:13.19,BUY,3.96e-05,347.78344721
11635625,2017-12-25T15:59:36.533,BUY,3.968e-05,43.04299854
11635627,2017-12-25T15:59:36.707,BUY,3.968e-05,43.04272952
11635632,2017-12-25T15:59:37.707,BUY,3.968e-05,43.04272952
11635634,2017-12-25T15:59:39.457,BUY,3.968e-05,600.0
11635645,2017-12-25T16:00:43.55,SELL,3.959e-05,5500.06322
11635651,2017-12-25T16:01:49.067,SELL,3.965e-05,205.12589339
11635661,2017-12-25T16:04:06.597,SELL,3.965e-05,94.87410661
11635666,2017-12-25T16:04:28.58,BUY,3.968e-05,60.0
11635667,2017-12-25T16:04:40.567,SELL,3.959e-05,1267.35303174
11635673,2017-12-25T16:05:33.177,BUY,3.968e-05,200.0
11635675,2017-12-25T16:06:12.52,SELL,3.965e-05,50.0
11635686,2017-12-25T16:06:46.91,SELL,3.965e-05,126.4186633
11635689,2017-12-25T16:06:49.067,BUY,3.968e-05,729.7310897
11635693,2017-12-25T16:06:54.347,SELL,3.968e-05,150.15973913
11635723,2017-12-25T16:08:23.613,BUY,3.974e-05,50.0
11635728,2017-12-25T16:08:37.287,SELL,3.974e-05,118.27478611
11635735,2017-12-25T16:08:52.13,SELL,3.974e-05,101.58966367
11635741,2017-12-25T16:09:04.333,SELL,3.974e-05,78.87132899
11635750,2017-12-25T16:09:50.32,BUY,3.975e-05,485.15217188
11635751,2017-12-25T16:09:50.32,BUY,3.991e-05,253.20048089
11635752,2017-12-25T16:09:50.32,BUY,3.993e-05,3004.50351796
11635753,2017-12-25T16:09:50.32,BUY,3.995e-05,1.63353754
11635754,2017-12-25T16:09:50.32,BUY,3.995e-05,60.03912389
11635755,2017-12-25T16:09:50.32,BUY,3.998e-05,1285.5618548
11635756,2017-12-25T16:09:50.32,BUY,3.999e-05,1522.07001522
11635757,2017-12-25T16:09:50.32,BUY,3.999e-05,30.0
11635758,2017-12-25T16:09:50.32,BUY,3.999e-05,1152.7898428
11635759,2017-12-25T16:09:50.32,BUY,3.999e-05,347.78344721
11635760,2017-12-25T16:09:50.32,BUY,4e-05,1217.60120431
11635761,2017-12-25T16:09:50.32,BUY,4e-05,98.0
11635762,2017-12-25T16:09:50.32,BUY,4e-05,55.0
11635763,2017-12-25T16:09:50.32,BUY,4e-05,1147.51546832
11635764,2017-12-25T16:09:50.32,BUY,4e-05,854.25941018
11635766,2017-12-25T16:09:54.117,BUY,4e-05,145.74058982
11635767,2017-12-25T16:09:54.117,BUY,4e-05,19.2596258
11635771,2017-12-25T16:10:04.99,SELL,3.965e-05,23.5813367
11635778,2017-12-25T16:10:14.38,SELL,3.959e-05,90.0
11635779,2017-12-25T16:10:14.38,SELL,3.959e-05,20.18007512
11635783,2017-12-25T16:10:18.507,SELL,3.959e-05,5.07882868
11635802,2017-12-25T16:10:35.303,SELL,3.932e-05,31.00775193
11635806,2017-12-25T16:10:39.617,SELL,3.932e-05,7.14077299
11635815,2017-12-25T16:10:43.693,SELL,3.933e-05,31.0237849
11635922,2017-12-25T16:13:03.973,SELL,3.991e-05,29.98217127
11635929,2017-12-25T16:13:12.507,BUY,3.994e-05,31.0237849
11635930,2017-12-25T16:13:12.507,BUY,3.995e-05,38.14852492
11635935,2017-12-25T16:13:18.223,BUY,4e-05,3625.07435063
11635937,2017-12-25T16:13:18.833,BUY,4e-05,454.13178953
11635938,2017-12-25T16:13:18.833,BUY,4e-05,70.0
11635939,2017-12-25T16:13:18.833,BUY,4e-05,1287.52372047
11635941,2017-12-25T16:13:19.35,BUY,4e-05,562.47627953
11635954,2017-12-25T16:13:30.82,SELL,4e-05,30.32833289
11635969,2017-12-25T16:13:40.367,BUY,4.001e-05,199.45412677
11635978,2017-12-25T16:13:46.41,SELL,4.001e-05,550.54587323
11635979,2017-12-25T16:13:46.41,SELL,4e-05,436.19538758
11635980,2017-12-25T16:13:46.41,SELL,4e-05,13.87105534
11635987,2017-12-25T16:13:48.24,BUY,4.001e-05,162.3298253
11635988,2017-12-25T16:13:48.24,BUY,4.01e-05,105.21509739
11635994,2017-12-25T16:13:51.833,BUY,4.01e-05,106.41235474
11635999,2017-12-25T16:13:53.333,BUY,4.01e-05,38.37254787
11636012,2017-12-25T16:13:58.85,BUY,4.023e-05,124.39478147
11636016,2017-12-25T16:14:01.21,SELL,4.023e-05,86.08545902
11636026,2017-12-25T16:14:03.833,SELL,4.023e-05,131.87112639
11636029,2017-12-25T16:14:05.257,BUY,4.048e-05,39.99996875
11636030,2017-12-25T16:14:05.85,SELL,4.048e-05,40.19184909
11636032,2017-12-25T16:14:06.24,SELL,4.048e-05,19.80818216
11636033,2017-12-25T16:14:06.24,SELL,4.023e-05,60.57551602
11636034,2017-12-25T16:14:08.24,SELL,4.023e-05,878.32131496
11636035,2017-12-25T16:14:08.24,SELL,4.023e-05,82.06997576
11636036,2017-12-25T16:14:08.24,SELL,4.01e-05,210.38056934
11636037,2017-12-25T16:14:08.24,SELL,4.01e-05,5.34813994
11636051,2017-12-25T16:14:19.617,SELL,4.048e-05,156.34996468
11636055,2017-12-25T16:14:23.977,BUY,4.049e-05,428.092
11636056,2017-12-25T16:14:23.977,BUY,4.049e-05,46.43962848
11636057,2017-12-25T16:14:23.977,BUY,4.049e-05,200.0
11636058,2017-12-25T16:14:23.977,BUY,4.049e-05,20.0
11636068,2017-12-25T16:14:34.867,BUY,4.054e-05,49.71374205
11636069,2017-12-25T16:14:34.867,BUY,4.07e-05,429.79921311
11636072,2017-12-25T16:14:37.273,SELL,4.049e-05,103.96182484
11636073,2017-12-25T16:14:37.273,SELL,4.049e-05,41.72887116
11636078,2017-12-25T16:14:40.367,BUY,4.07e-05,1225.42997543
11636081,2017-12-25T16:14:42.413,BUY,4.07e-05,844.77081146
11636082,2017-12-25T16:14:42.413,BUY,4.07e-05,1647.95914063
11636085,2017-12-25T16:14:44.663,BUY,4.068e-05,43.84465909
11636087,2017-12-25T16:14:46.82,BUY,4.068e-05,245.08599509
11636092,2017-12-25T16:14:49.773,BUY,4.068e-05,420.53913759
11636095,2017-12-25T16:14:51.99,BUY,4.054e-05,139.61297089
11636096,2017-12-25T16:14:51.99,BUY,4.068e-05,663.56939525
11636100,2017-12-25T16:14:55.18,BUY,4.068e-05,601.14314388
11636101,2017-12-25T16:14:55.18,BUY,4.07e-05,134.11943677
11636110,2017-12-25T16:15:02.913,SELL,4.068e-05,133.10497933
11636116,2017-12-25T16:15:06.43,BUY,4.07e-05,246.41798419
11636120,2017-12-25T16:15:07.287,BUY,4.07e-05,32.29743243
11636129,2017-12-25T16:15:10.007,BUY,4.07e-05,111.55771498
11636140,2017-12-25T16:15:18.13,BUY,4.07e-05,258.87428808
11636144,2017-12-25T16:15:20.71,SELL,4.068e-05,140.35039914
11636146,2017-12-25T16:15:22.693,BUY,4.07e-05,100.0
11636149,2017-12-25T16:15:23.617,BUY,4.07e-05,203.64072789
11636153,2017-12-25T16:15:25.693,BUY,4.07e-05,903.29629607
11636162,2017-12-25T16:15:33.32,BUY,4.07e-05,245.08599509
11636163,2017-12-25T16:15:33.99,SELL,4.068e-05,144.84017546
11636165,2017-12-25T16:15:34.147,BUY,4.07e-05,307.29925061
11636172,2017-12-25T16:15:46.163,BUY,4.07e-05,4901.71990172
11636173,2017-12-25T16:15:49.38,SELL,4.068e-05,33.74356446
11636178,2017-12-25T16:16:00.727,SELL,4.068e-05,191.15208113
11636180,2017-12-25T16:16:01.977,SELL,4.068e-05,261.43840849
11636181,2017-12-25T16:16:03.24,SELL,4.068e-05,69.17230982
11636190,2017-12-25T16:16:16.693,SELL,4.068e-05,219.55015135
11636192,2017-12-25T16:16:18.193,SELL,4.068e-05,739.5263379
11636193,2017-12-25T16:16:18.193,SELL,4.068e-05,127.42008112
11636194,2017-12-25T16:16:18.193,SELL,4.068e-05,160.26623156
11636195,2017-12-25T16:16:18.193,SELL,4.068e-05,300.0
11636196,2017-12-25T16:16:18.193,SELL,4.068e-05,242.85177176
11636201,2017-12-25T16:16:21.477,BUY,4.058e-05,49.01719902
11636203,2017-12-25T16:16:24.38,SELL,4.05e-05,50.0
11636206,2017-12-25T16:16:26.96,BUY,4.05e-05,0.13787916
11636207,2017-12-25T16:16:26.96,BUY,4.058e-05,39.34522956
11636209,2017-12-25T16:16:28.46,BUY,4.058e-05,422.49666667
11636214,2017-12-25T16:16:31.6,BUY,4.058e-05,63.77240205
11636217,2017-12-25T16:16:35.333,SELL,4.028e-05,121.44702842
11636219,2017-12-25T16:16:37.083,SELL,4.01e-05,51.79335236
11636223,2017-12-25T16:16:44.083,SELL,4.023e-05,60.89412694
11636224,2017-12-25T16:16:44.35,SELL,4.023e-05,38.74967708
11636226,2017-12-25T16:16:44.74,BUY,4.058e-05,668.16350234
11636231,2017-12-25T16:16:47.07,SELL,4.01e-05,258.39793281
11636232,2017-12-25T16:16:48.773,SELL,4.01e-05,26.90238278
11636235,2017-12-25T16:16:49.07,BUY,4.058e-05,25.13553474
11636238,2017-12-25T16:16:51.757,SELL,4.01e-05,168.13243662
11636239,2017-12-25T16:16:51.96,SELL,4.01e-05,201.58611577
11636240,2017-12-25T16:16:52.287,SELL,4.01e-05,31.0237849
11636242,2017-12-25T16:16:54.037,SELL,4.01e-05,31.0237849
11636244,2017-12-25T16:16:55.443,SELL,4.011e-05,51.66623611
11636247,2017-12-25T16:16:56.257,BUY,4.058e-05,1000.0
11636250,2017-12-25T16:16:58.74,SELL,4.011e-05,34.19452887
11636253,2017-12-25T16:17:01.367,SELL,4.011e-05,129.1989664
11636256,2017-12-25T16:17:05.803,SELL,4.011e-05,134.94026862
11636257,2017-12-25T16:17:05.803,SELL,4.01e-05,865.05973138
11636259,2017-12-25T16:17:09.833,BUY,4.058e-05,172.50555569
11636262,2017-12-25T16:17:17.96,BUY,4.058e-05,64.10817952
11636263,2017-12-25T16:17:26.443,SELL,4.011e-05,38.238753
11636265,2017-12-25T16:17:28.303,BUY,4.058e-05,23.42699298
11636266,2017-12-25T16:17:29.13,SELL,4.011e-05,38.500258
11636267,2017-12-25T16:17:33.787,SELL,4.011e-05,38.866966
11636268,2017-12-25T16:17:35.083,SELL,4.011e-05,58.47928478
11636271,2017-12-25T16:17:41.833,BUY,4.011e-05,30.0
11636273,2017-12-25T16:17:42.227,BUY,4.011e-05,206.62493455
11636280,2017-12-25T16:17:59.49,BUY,4.011e-05,484.59875097
11636281,2017-12-25T16:18:10.96,SELL,4.01e-05,24.47472536
11636283,2017-12-25T16:18:22.147,BUY,4.01e-05,14.3250677
11636284,2017-12-25T16:18:22.147,BUY,4.011e-05,185.6749323
11636288,2017-12-25T16:18:46.74,SELL,4.01e-05,91.12472506
11636293,2017-12-25T16:19:06.24,BUY,4.01e-05,19.64933246
11636297,2017-12-25T16:19:19.46,BUY,4.01e-05,217.12744202
11636332,2017-12-25T16:20:03.397,SELL,4.01e-05,81.37629863
11636333,2017-12-25T16:20:03.397,SELL,4.01e-05,398.13665653
11636344,2017-12-25T16:20:20.13,BUY,4.051e-05,132.24014811
11636345,2017-12-25T16:20:20.13,BUY,4.065e-05,221.0001887
11636346,2017-12-25T16:20:20.13,BUY,4.07e-05,318.41137837
11636384,2017-12-25T16:20:48.4,BUY,4.07e-05,25.0
11636387,2017-12-25T16:20:51.337,SELL,4.052e-05,192.89543833
11636389,2017-12-25T16:20:52.4,SELL,4.052e-05,386.07843727
11636401,2017-12-25T16:21:03.23,SELL,4.052e-05,224.167708
11636416,2017-12-25T16:21:18.95,BUY,4.069e-05,358.07798538
11636419,2017-12-25T16:21:20.2,SELL,4.053e-05,50.62443143
11636435,2017-12-25T16:21:47.01,BUY,4.07e-05,25.70747912
11636439,2017-12-25T16:21:52.637,SELL,4.057e-05,123.05699482
11636440,2017-12-25T16:21:52.637,SELL,4.053e-05,94.26972099
11636449,2017-12-25T16:22:08.527,BUY,4.07e-05,1486.81914576
11636450,2017-12-25T16:22:08.543,BUY,4.07e-05,164.91115116
11636455,2017-12-25T16:22:17.277,BUY,4.07e-05,338.0903084
11636459,2017-12-25T16:22:22.65,SELL,4.061e-05,38.500212
11636483,2017-12-25T16:22:49.153,BUY,4.07e-05,20.0
11636493,2017-12-25T16:23:01.107,BUY,4.07e-05,476.99854044
11636494,2017-12-25T16:23:01.107,BUY,4.07e-05,259.41919175
11636506,2017-12-25T16:23:09.387,BUY,4.07e-05,610.11080825
11636507,2017-12-25T16:23:09.387,BUY,4.07e-05,253.65228
11636508,2017-12-25T16:23:10.87,SELL,4.07e-05,250.0
11636524,2017-12-25T16:23:22.073,BUY,4.071e-05,76.64991642
11636525,2017-12-25T16:23:22.073,BUY,4.08e-05,250.0
11636526,2017-12-25T16:23:22.073,BUY,4.08e-05,24.50382255
11636550,2017-12-25T16:23:42.917,BUY,4.08e-05,20.49617745
11636554,2017-12-25T16:23:46.527,SELL,4.08e-05,104.50382255
11636573,2017-12-25T16:23:56.48,BUY,4.083e-05,20.14028123
11636605,2017-12-25T16:24:07.417,BUY,4.096e-05,441.65992859
11636607,2017-12-25T16:24:07.543,BUY,4.096e-05,72.36370968
11636613,2017-12-25T16:24:09.027,BUY,4.1e-05,378.85205052
11636614,2017-12-25T16:24:09.027,BUY,4.1e-05,899.42664894
11636615,2017-12-25T16:24:09.027,BUY,4.1e-05,100.0
11636616,2017-12-25T16:24:09.027,BUY,4.1e-05,165.55576432
11636617,2017-12-25T16:24:09.027,BUY,4.1e-05,75.1708
11636618,2017-12-25T16:24:09.027,BUY,4.1e-05,500.0
11636619,2017-12-25T16:24:09.027,BUY,4.1e-05,4675.49956061
11636641,2017-12-25T16:24:14.153,BUY,4.099e-05,1324.78434448
11636642,2017-12-25T16:24:14.153,BUY,4.1e-05,3104.46043939
11636643,2017-12-25T16:24:14.153,BUY,4.1e-05,1886.93154174
11636653,2017-12-25T16:24:16.62,SELL,4.096e-05,114.75296218
11636670,2017-12-25T16:24:20.823,BUY,4.1e-05,348.58654969
11636674,2017-12-25T16:24:21.747,BUY,4.1e-05,257.21186066
11636675,2017-12-25T16:24:21.747,BUY,4.1e-05,125.0
11636698,2017-12-25T16:24:31.247,BUY,4.11e-05,101.44380839
11636703,2017-12-25T16:24:32.667,SELL,4.1e-05,131.44624577
11636705,2017-12-25T16:24:33.09,BUY,4.11e-05,19.84294307
11636709,2017-12-25T16:24:35.48,BUY,4.115e-05,4304.84275516
11636714,2017-12-25T16:24:37.793,BUY,4.115e-05,1672.317113
11636717,2017-12-25T16:24:38.323,BUY,4.115e-05,16.600729
11636721,2017-12-25T16:24:38.793,BUY,4.115e-05,405.26152325
11636737,2017-12-25T16:24:49.51,BUY,4.125e-05,425.84931507
11636738,2017-12-25T16:24:49.51,BUY,4.126e-05,50.8447544
11636739,2017-12-25T16:24:49.51,BUY,4.126e-05,1956.2327598
11636749,2017-12-25T16:24:58.917,SELL,4.125e-05,70.02527416
11636754,2017-12-25T16:25:00.48,BUY,4.126e-05,262.24216978
11636757,2017-12-25T16:25:01.277,SELL,4.125e-05,35.92372418
11636767,2017-12-25T16:25:09.37,BUY,4.126e-05,3548.58824328
11636770,2017-12-25T16:25:09.73,BUY,4.126e-05,1216.76018541
11636774,2017-12-25T16:25:11.45,BUY,4.126e-05,483.51914687
11636778,2017-12-25T16:25:11.73,BUY,4.126e-05,2532.65749486
11636792,2017-12-25T16:25:18.01,BUY,4.129e-05,876.70369218
11636802,2017-12-25T16:25:26.7,BUY,4.129e-05,2.19734837
11636829,2017-12-25T16:25:43.7,BUY,4.142e-05,156.81677752
11636832,2017-12-25T16:25:46.387,BUY,4.142e-05,1343.18322248
11636851,2017-12-25T16:26:00.607,BUY,4.143e-05,50.73164966
11636859,2017-12-25T16:26:04.857,BUY,4.152e-05,75.77006449
11636865,2017-12-25T16:26:07.683,BUY,4.152e-05,9.22993551
11636866,2017-12-25T16:26:07.683,BUY,4.158e-05,425.8443953
11636868,2017-12-25T16:26:07.823,BUY,4.158e-05,500.0
11636875,2017-12-25T16:26:11.48,SELL,4.143e-05,193.243
11636883,2017-12-25T16:26:15.403,BUY,4.158e-05,116.99465909
11636892,2017-12-25T16:26:21.323,SELL,4.152e-05,149.728
11636895,2017-12-25T16:26:22.043,BUY,4.16e-05,107.57616608
11636896,2017-12-25T16:26:22.043,BUY,4.16e-05,6997.0650713
11636900,2017-12-25T16:26:22.42,BUY,4.16e-05,434.86516046
11636904,2017-12-25T16:26:24.777,BUY,4.16e-05,1038.30254567
11636924,2017-12-25T16:26:34.12,BUY,4.16e-05,997.92153966
11636933,2017-12-25T16:26:37.857,BUY,4.16e-05,118.67084856
11636936,2017-12-25T16:26:38.467,BUY,4.16e-05,413.17483435
11636937,2017-12-25T16:26:38.467,BUY,4.16e-05,120.0
11636951,2017-12-25T16:26:46.23,BUY,4.164e-05,150.31750251
11636964,2017-12-25T16:26:54.573,BUY,4.169e-05,200.0
11636971,2017-12-25T16:26:56.027,BUY,4.169e-05,300.0
11636975,2017-12-25T16:26:58.277,SELL,4.168e-05,109.33
11636985,2017-12-25T16:27:04.98,BUY,4.169e-05,18.75
11636988,2017-12-25T16:27:06.67,BUY,4.17e-05,95.0
11637000,2017-12-25T16:27:14.997,BUY,4.17e-05,306.09956376
11637003,2017-12-25T16:27:17.263,BUY,4.17e-05,398.90043624
11637004,2017-12-25T16:27:17.263,BUY,4.17e-05,47.79211562
11637005,2017-12-25T16:27:17.263,BUY,4.171e-05,15.52021333
11637006,2017-12-25T16:27:17.263,BUY,4.171e-05,30.04413401
11637007,2017-12-25T16:27:17.28,BUY,4.171e-05,25.79418942
11637008,2017-12-25T16:27:17.28,BUY,4.177e-05,20.0
11637009,2017-12-25T16:27:17.28,BUY,4.179e-05,20.0
11637010,2017-12-25T16:27:17.28,BUY,4.18e-05,48.07832274
11637011,2017-12-25T16:27:17.28,BUY,4.18e-05,2132.49840459
11637012,2017-12-25T16:27:17.903,SELL,4.18e-05,33.71071308
11637015,2017-12-25T16:27:19.137,SELL,4.18e-05,60.7559568
11637023,2017-12-25T16:27:22.95,SELL,4.18e-05,38.603858
11637028,2017-12-25T16:27:25.28,SELL,4.18e-05,135.443
11637030,2017-12-25T16:27:26.59,BUY,4.182e-05,30.0
11637031,2017-12-25T16:27:26.59,BUY,4.182e-05,27.48635049
11637040,2017-12-25T16:27:32.59,BUY,4.188e-05,13.06508646
11637041,2017-12-25T16:27:32.59,BUY,4.188e-05,971.51719327
11637052,2017-12-25T16:27:38.793,BUY,4.188e-05,106.40547815
11637057,2017-12-25T16:27:40.357,BUY,4.188e-05,1922.07732858
11637073,2017-12-25T16:27:44.967,BUY,4.189e-05,100.0
11637074,2017-12-25T16:27:44.967,BUY,4.189e-05,1364.0
11637075,2017-12-25T16:27:44.967,BUY,4.19e-05,34.75553571
11637076,2017-12-25T16:27:44.967,BUY,4.19e-05,2.09913354
11637085,2017-12-25T16:27:51.84,BUY,4.19e-05,24.7069775
11637086,2017-12-25T16:27:51.84,BUY,4.19e-05,213.75823885
11637089,2017-12-25T16:27:52.967,BUY,4.19e-05,56.24176115
11637090,2017-12-25T16:27:52.967,BUY,4.19e-05,25.35587189
11637094,2017-12-25T16:27:54.78,SELL,4.19e-05,52.93726314
11637096,2017-12-25T16:27:55.34,BUY,4.19e-05,416.5396699
11637115,2017-12-25T16:28:04.857,BUY,4.191e-05,1736.40867702
11637127,2017-12-25T16:28:13.73,BUY,4.195e-05,26.29238842
11637128,2017-12-25T16:28:13.73,BUY,4.195e-05,60.38406033
11637144,2017-12-25T16:28:21.467,BUY,4.195e-05,64.63868389
11637145,2017-12-25T16:28:21.467,BUY,4.195e-05,101.62604111
11637150,2017-12-25T16:28:26.997,BUY,4.195e-05,108.6013875
11637153,2017-12-25T16:28:27.497,BUY,4.195e-05,74.85402323
11637157,2017-12-25T16:28:28.653,BUY,4.196e-05,14.0
11637158,2017-12-25T16:28:28.653,BUY,4.196e-05,90.28796612
11637159,2017-12-25T16:28:28.653,BUY,4.196e-05,100.0
11637160,2017-12-25T16:28:28.67,BUY,4.197e-05,50.0
11637161,2017-12-25T16:28:28.67,BUY,4.197e-05,600.0
11637162,2017-12-25T16:28:28.67,BUY,4.197e-05,19.0
11637163,2017-12-25T16:28:28.67,BUY,4.198e-05,43.4903326
11637164,2017-12-25T16:28:28.67,BUY,4.199e-05,15.0
11637165,2017-12-25T16:28:28.67,BUY,4.199e-05,16.0
11637166,2017-12-25T16:28:28.683,BUY,4.199e-05,319.71153846
11637167,2017-12-25T16:28:28.683,BUY,4.199e-05,217.4037123
11637168,2017-12-25T16:28:28.683,BUY,4.199e-05,200.0
11637169,2017-12-25T16:28:28.683,BUY,4.199e-05,30.0
11637170,2017-12-25T16:28:28.683,BUY,4.199e-05,1156.73782131
11637177,2017-12-25T16:28:32.09,BUY,4.199e-05,472.63092269
11637180,2017-12-25T16:28:35.09,BUY,4.199e-05,671.60589367
11637185,2017-12-25T16:28:38.2,BUY,4.199e-05,418.49821216
11637193,2017-12-25T16:28:43.39,SELL,4.195e-05,307.54752921
11637194,2017-12-25T16:28:43.39,SELL,4.191e-05,974.41768622
11637196,2017-12-25T16:28:47.013,BUY,4.199e-05,2439.99757811
11637201,2017-12-25T16:28:49.297,BUY,4.199e-05,4840.52957206
11637202,2017-12-25T16:28:49.297,BUY,4.199e-05,100.0
11637203,2017-12-25T16:28:49.297,BUY,4.199e-05,993.65422884
11637217,2017-12-25T16:29:21.733,BUY,4.197e-05,57.5482258
11637219,2017-12-25T16:29:23.063,BUY,4.197e-05,280.31849407
11637221,2017-12-25T16:29:24.797,BUY,4.197e-05,9.92849648
11637222,2017-12-25T16:29:24.797,BUY,4.198e-05,172.39730369
11637227,2017-12-25T16:29:35.97,BUY,4.198e-05,142.56788947
11637233,2017-12-25T16:29:46.78,BUY,4.198e-05,282.89532456
11637241,2017-12-25T16:29:54.957,BUY,4.198e-05,50.0
11637251,2017-12-25T16:30:20.767,BUY,4.198e-05,23.8208671
11637257,2017-12-25T16:30:28.457,SELL,4.196e-05,50.0
11637258,2017-12-25T16:30:28.457,SELL,4.196e-05,346.70042838
11637259,2017-12-25T16:30:28.457,SELL,4.195e-05,86.81871849
11637261,2017-12-25T16:30:34.91,SELL,4.195e-05,0.34838558
11637262,2017-12-25T16:30:34.91,SELL,4.195e-05,236.59217896
11637269,2017-12-25T16:30:39.02,BUY,4.198e-05,328.31861518
11637270,2017-12-25T16:30:42.8,SELL,4.198e-05,105.453
11637275,2017-12-25T16:30:48.3,SELL,4.198e-05,405.50109673
11637281,2017-12-25T16:30:57.533,BUY,4.199e-05,35.72279114
11637282,2017-12-25T16:31:00.283,SELL,4.198e-05,168.83728158
11637286,2017-12-25T16:31:03.817,SELL,4.198e-05,118.67084856
11637290,2017-12-25T16:31:09.44,BUY,4.199e-05,372.08547273
11637292,2017-12-25T16:31:09.597,BUY,4.199e-05,1479.06658371
11637312,2017-12-25T16:32:05.363,BUY,4.199e-05,47.51131222
11637314,2017-12-25T16:32:07.487,BUY,4.199e-05,5107.3646267
11637316,2017-12-25T16:32:07.707,BUY,4.199e-05,94.33014706
11637318,2017-12-25T16:32:10.91,BUY,4.199e-05,80.0
11637323,2017-12-25T16:32:13.44,BUY,4.199e-05,23.75565611
11637330,2017-12-25T16:32:22.423,SELL,4.198e-05,61.28490354
11637332,2017-12-25T16:32:23.63,BUY,4.198e-05,237.55656109
11637345,2017-12-25T16:32:37.13,BUY,4.198e-05,23.76131491
11637373,2017-12-25T16:32:56.443,BUY,4.198e-05,251.69077775
11637375,2017-12-25T16:32:57.913,BUY,4.198e-05,100.0
11637387,2017-12-25T16:33:26.27,SELL,4.195e-05,25.4473854
11637388,2017-12-25T16:33:26.27,SELL,4.192e-05,23.48309531
11637389,2017-12-25T16:33:26.63,SELL,4.192e-05,64.10817952
11637391,2017-12-25T16:33:32.227,SELL,4.192e-05,50.66099003
11637393,2017-12-25T16:33:38.18,BUY,4.198e-05,283.06100759
11637394,2017-12-25T16:33:42.397,SELL,4.198e-05,39.48310872
11637407,2017-12-25T16:34:02.74,BUY,4.199e-05,389.80466063
11637414,2017-12-25T16:34:14.1,BUY,4.199e-05,1187.78280543
11637419,2017-12-25T16:34:17.43,BUY,4.199e-05,188.92171543
11637420,2017-12-25T16:34:17.43,BUY,4.199e-05,66.0
11637434,2017-12-25T16:34:34.037,SELL,4.199e-05,130.64029453
11637439,2017-12-25T16:34:40.413,BUY,4.2e-05,12.8165209
11637440,2017-12-25T16:34:40.413,BUY,4.2e-05,12.0
11637441,2017-12-25T16:34:40.43,BUY,4.2e-05,199.37516647
11637442,2017-12-25T16:34:40.43,BUY,4.2e-05,20.0
11637443,2017-12-25T16:34:40.43,BUY,4.2e-05,17.65073113
11637444,2017-12-25T16:34:40.693,SELL,4.199e-05,60.0
11637448,2017-12-25T16:34:43.443,BUY,4.2e-05,2.34926887
11637449,2017-12-25T16:34:43.443,BUY,4.2e-05,25.99208113
11637451,2017-12-25T16:34:44.273,BUY,4.2e-05,23.00791887
11637452,2017-12-25T16:34:44.273,BUY,4.2e-05,435.12768113
11637455,2017-12-25T16:34:47.773,SELL,4.199e-05,59.88775639
11637463,2017-12-25T16:34:51.68,BUY,4.2e-05,786.9154
11637467,2017-12-25T16:34:52.9,BUY,4.2e-05,23.75
11637469,2017-12-25T16:34:55.667,BUY,4.2e-05,1262.41202855
11637470,2017-12-25T16:34:55.667,BUY,4.2e-05,15.5
11637471,2017-12-25T16:34:55.68,BUY,4.2e-05,222.08797145
11637475,2017-12-25T16:34:57.04,SELL,4.199e-05,58.44699095
11637476,2017-12-25T16:34:57.04,SELL,4.199e-05,145.41668552
11637477,2017-12-25T16:34:57.04,SELL,4.199e-05,50.0
11637483,2017-12-25T16:35:02.4,BUY,4.199e-05,330.71860326
11637484,2017-12-25T16:35:02.4,BUY,4.2e-05,27.91202855
11637485,2017-12-25T16:35:02.4,BUY,4.2e-05,19.0
11637486,2017-12-25T16:35:02.4,BUY,4.2e-05,496.14833843
11637487,2017-12-25T16:35:02.417,BUY,4.2e-05,626.22102976
11637493,2017-12-25T16:35:09.087,BUY,4.2e-05,373.77897024
11637494,2017-12-25T16:35:09.087,BUY,4.2e-05,319.20280476
11637498,2017-12-25T16:35:23.337,SELL,4.199e-05,140.19044118
11637501,2017-12-25T16:35:27.4,SELL,4.198e-05,41.05508867
11637502,2017-12-25T16:35:27.4,SELL,4.198e-05,58.19740498
11637512,2017-12-25T16:35:40.917,BUY,4.2e-05,237.33047823
11637518,2017-12-25T16:35:42.32,BUY,4.2e-05,215.8254762
11637520,2017-12-25T16:35:45.713,BUY,4.2e-05,634.2734375
11637522,2017-12-25T16:35:45.807,BUY,4.2e-05,237.5019
11637527,2017-12-25T16:35:57.4,BUY,4.2e-05,236.91195
11637540,2017-12-25T16:36:07.087,BUY,4.2e-05,1460.411725
11637541,2017-12-25T16:36:10.54,SELL,4.199e-05,41.72887116
11637542,2017-12-25T16:36:14.137,SELL,4.199e-05,30.93023256
11637546,2017-12-25T16:36:14.48,BUY,4.2e-05,4359.3721125
11637551,2017-12-25T16:36:17.98,BUY,4.2e-05,23.99937709
11637552,2017-12-25T16:36:17.98,BUY,4.2e-05,12.0
11637553,2017-12-25T16:36:17.993,BUY,4.2e-05,3.10001041
11637557,2017-12-25T16:36:19.603,BUY,4.2e-05,96.89998959
11637558,2017-12-25T16:36:19.603,BUY,4.2e-05,203.10001041
11637560,2017-12-25T16:36:20.23,BUY,4.2e-05,475.0
11637573,2017-12-25T16:36:33.947,BUY,4.2e-05,124.9352303
11637574,2017-12-25T16:36:33.947,BUY,4.2e-05,12.05109664
11637575,2017-12-25T16:36:33.947,BUY,4.2e-05,165.24980129
11637576,2017-12-25T16:36:33.963,BUY,4.2e-05,200.0
11637577,2017-12-25T16:36:33.963,BUY,4.2e-05,82.0
11637578,2017-12-25T16:36:33.963,BUY,4.2e-05,24.27159318
11637579,2017-12-25T16:36:33.963,BUY,4.2e-05,324.07407407
11637580,2017-12-25T16:36:33.98,BUY,4.2e-05,30.87519624
11637581,2017-12-25T16:36:33.98,BUY,4.2e-05,93.63363793
11637582,2017-12-25T16:36:33.98,BUY,4.2e-05,245.56868538
11637583,2017-12-25T16:36:33.98,BUY,4.2e-05,300.94346765
11637584,2017-12-25T16:36:33.993,BUY,4.2e-05,130.0
11637585,2017-12-25T16:36:33.993,BUY,4.2e-05,100.0
11637586,2017-12-25T16:36:33.993,BUY,4.2e-05,150.0
11637587,2017-12-25T16:36:33.993,BUY,4.2e-05,52.95522388
11637588,2017-12-25T16:36:33.993,BUY,4.2e-05,200.0
11637589,2017-12-25T16:36:33.993,BUY,4.2e-05,35.53015594
11637591,2017-12-25T16:36:35.807,BUY,4.2e-05,14.46984406
11637592,2017-12-25T16:36:35.807,BUY,4.2e-05,68.69475813
11637594,2017-12-25T16:36:38.243,BUY,4.2e-05,1141.6223625
11637596,2017-12-25T16:36:43.277,BUY,4.2e-05,235.23002043
11637597,2017-12-25T16:36:43.277,BUY,4.2e-05,91.65295936
11637598,2017-12-25T16:36:43.277,BUY,4.2e-05,135.15854521
11637613,2017-12-25T16:36:54.853,BUY,4.2e-05,127.52146541
11637615,2017-12-25T16:36:57.73,BUY,4.2e-05,54.5167
11637617,2017-12-25T16:37:02.34,BUY,4.2e-05,137.9290476
11637619,2017-12-25T16:37:07.62,BUY,4.2e-05,2500.1703375
11637623,2017-12-25T16:37:20.743,BUY,4.2e-05,23.75
11637630,2017-12-25T16:37:28.79,BUY,4.2e-05,23.75
11637636,2017-12-25T16:37:31.917,BUY,4.2e-05,1000.0
11637638,2017-12-25T16:37:36.4,BUY,4.2e-05,1164.80538732
11637639,2017-12-25T16:37:36.4,BUY,4.2e-05,164.11191261
11637640,2017-12-25T16:37:36.417,BUY,4.2e-05,78.0
11637641,2017-12-25T16:37:36.417,BUY,4.2e-05,224.257285
11637642,2017-12-25T16:37:36.417,BUY,4.2e-05,74.6286275
11637643,2017-12-25T16:37:36.417,BUY,4.2e-05,641.08272507
11637646,2017-12-25T16:37:45.09,BUY,4.2e-05,2022.7378625
11637651,2017-12-25T16:37:51.87,BUY,4.2e-05,20.0
11637658,2017-12-25T16:37:57.59,BUY,4.2e-05,8953.77954115
11637659,2017-12-25T16:37:57.59,BUY,4.2e-05,323.86363636
11637660,2017-12-25T16:37:57.59,BUY,4.2e-05,50.0
11637661,2017-12-25T16:37:57.59,BUY,4.2e-05,544.11764706
11637662,2017-12-25T16:37:57.59,BUY,4.2e-05,100.0
11637663,2017-12-25T16:37:57.59,BUY,4.2e-05,70.0
11637664,2017-12-25T16:37:57.59,BUY,4.2e-05,150.0
11637665,2017-12-25T16:37:57.59,BUY,4.2e-05,591.81251854
11637666,2017-12-25T16:37:57.59,BUY,4.2e-05,91.0102375
11637667,2017-12-25T16:37:57.59,BUY,4.2e-05,1208.7246289
11637668,2017-12-25T16:37:57.59,BUY,4.2e-05,369.47217876
11637669,2017-12-25T16:37:57.59,BUY,4.2e-05,6895.16554469
11637670,2017-12-25T16:37:57.59,BUY,4.2e-05,242.03821656
11637671,2017-12-25T16:37:57.59,BUY,4.2e-05,1214.25387609
11637672,2017-12-25T16:37:57.59,BUY,4.2e-05,90.0
11637673,2017-12-25T16:37:57.59,BUY,4.2e-05,100.0
11637674,2017-12-25T16:37:57.59,BUY,4.2e-05,132.20703976
11637675,2017-12-25T16:37:57.59,BUY,4.2e-05,6217.91902083
11637676,2017-12-25T16:37:57.603,BUY,4.2e-05,800.0
11637677,2017-12-25T16:37:57.603,BUY,4.2e-05,200.0
11637678,2017-12-25T16:37:57.603,BUY,4.2e-05,1406.5120763
11637680,2017-12-25T16:37:58.603,BUY,4.2e-05,59.375
11637683,2017-12-25T16:38:00.4,BUY,4.2e-05,508.316025
11637686,2017-12-25T16:38:00.793,BUY,4.2e-05,25.7968987
11637687,2017-12-25T16:38:00.793,BUY,4.2e-05,79.0861888
11637689,2017-12-25T16:38:00.823,BUY,4.2e-05,421.0272677
11637690,2017-12-25T16:38:00.823,BUY,4.2e-05,403.50813698
11637691,2017-12-25T16:38:00.823,BUY,4.2e-05,30.0
11637692,2017-12-25T16:38:00.823,BUY,4.2e-05,645.46459532
11637694,2017-12-25T16:38:00.95,BUY,4.2e-05,202.85426677
11637695,2017-12-25T16:38:00.95,BUY,4.2e-05,52.65241489
11637696,2017-12-25T16:38:00.95,BUY,4.2e-05,86.67644875
11637697,2017-12-25T16:38:00.95,BUY,4.203e-05,30.0
11637698,2017-12-25T16:38:00.95,BUY,4.204e-05,64.13181242
11637699,2017-12-25T16:38:00.95,BUY,4.205e-05,51.0
11637710,2017-12-25T16:38:02.557,BUY,4.201e-05,25.0
11637711,2017-12-25T16:38:02.557,BUY,4.207e-05,156.25359102
11637712,2017-12-25T16:38:02.557,BUY,4.21e-05,200.0
11637713,2017-12-25T16:38:02.557,BUY,4.21e-05,47.59268312
11637714,2017-12-25T16:38:02.557,BUY,4.21e-05,282.46820173
11637720,2017-12-25T16:38:04.603,SELL,4.2e-05,132.757899
11637722,2017-12-25T16:38:04.87,BUY,4.21e-05,140.63337267
11637723,2017-12-25T16:38:04.87,BUY,4.211e-05,17.0
11637724,2017-12-25T16:38:04.887,BUY,4.213e-05,596.61892439
11637734,2017-12-25T16:38:09.84,BUY,4.213e-05,1186.40632744
11637738,2017-12-25T16:38:11.09,BUY,4.213e-05,16.97474817
11637743,2017-12-25T16:38:11.527,BUY,4.214e-05,327.62421917
11637744,2017-12-25T16:38:11.527,BUY,4.215e-05,130.83683106
11637745,2017-12-25T16:38:11.527,BUY,4.217e-05,3102.12218891
11637747,2017-12-25T16:38:13.87,SELL,4.217e-05,638.72547144
11637748,2017-12-25T16:38:13.87,SELL,4.2e-05,111.306601
11637749,2017-12-25T16:38:13.87,SELL,4.199e-05,811.9974913
11637750,2017-12-25T16:38:13.87,SELL,4.199e-05,864.96339367
11637751,2017-12-25T16:38:13.87,SELL,4.199e-05,25.0
11637752,2017-12-25T16:38:13.87,SELL,4.199e-05,31091.65977788
11637757,2017-12-25T16:38:18.87,BUY,4.22e-05,20.0
11637758,2017-12-25T16:38:18.87,BUY,4.22e-05,301.35542169
11637759,2017-12-25T16:38:18.87,BUY,4.22e-05,45.9962509
11637760,2017-12-25T16:38:18.87,BUY,4.22e-05,120.0
11637761,2017-12-25T16:38:18.87,BUY,4.22e-05,40.0
11637762,2017-12-25T16:38:18.87,BUY,4.22e-05,49.42859222
11637769,2017-12-25T16:38:25.107,BUY,4.22e-05,1.44561194
11637795,2017-12-25T16:38:41.26,SELL,4.22e-05,54.3
11637819,2017-12-25T16:38:55.153,BUY,4.222e-05,200.0
11637824,2017-12-25T16:38:56.433,BUY,4.223e-05,55.10999999
11637825,2017-12-25T16:38:56.433,BUY,4.223e-05,25.077434
11637826,2017-12-25T16:38:56.433,BUY,4.226e-05,25.0
11637827,2017-12-25T16:38:56.433,BUY,4.229e-05,163.39869281
11637828,2017-12-25T16:38:56.433,BUY,4.23e-05,231.4138732
11637843,2017-12-25T16:39:10.56,BUY,4.23e-05,11.47150089
11637844,2017-12-25T16:39:10.56,BUY,4.23e-05,28.3103672
11637845,2017-12-25T16:39:10.56,BUY,4.231e-05,30.0
11637846,2017-12-25T16:39:10.56,BUY,4.233e-05,80.08668791
11637847,2017-12-25T16:39:10.56,BUY,4.238e-05,2734.55662628
11637857,2017-12-25T16:39:21.043,BUY,4.238e-05,617.48874705
11637858,2017-12-25T16:39:21.51,SELL,4.23e-05,99.74999999
11637860,2017-12-25T16:39:21.653,BUY,4.238e-05,1181.0152947
11637861,2017-12-25T16:39:21.653,BUY,4.238e-05,30.0
11637863,2017-12-25T16:39:21.857,SELL,4.238e-05,344.32009962
11637880,2017-12-25T16:39:29.98,BUY,4.24e-05,500.0
11637881,2017-12-25T16:39:30.23,SELL,4.238e-05,609.20468248
11637893,2017-12-25T16:39:36.26,BUY,4.24e-05,35.05747126
11637894,2017-12-25T16:39:36.26,BUY,4.24e-05,55.94370091
11637899,2017-12-25T16:39:37.717,SELL,4.238e-05,103.416
11637901,2017-12-25T16:39:37.81,BUY,4.24e-05,22.35553014
11637902,2017-12-25T16:39:37.81,BUY,4.24e-05,95.55227128
11637904,2017-12-25T16:39:38.343,BUY,4.24e-05,579.57463227
11637905,2017-12-25T16:39:38.343,BUY,4.24e-05,37.85434179
11637912,2017-12-25T16:39:46.827,BUY,4.24e-05,362.14565821
11637913,2017-12-25T16:39:46.827,BUY,4.24e-05,53.42795929
11637918,2017-12-25T16:39:55.17,BUY,4.241e-05,113.02891463
11637919,2017-12-25T16:39:55.17,BUY,4.242e-05,250.0
11637920,2017-12-25T16:39:55.17,BUY,4.243e-05,20.0
11637921,2017-12-25T16:39:55.17,BUY,4.244e-05,134.0482574
11637922,2017-12-25T16:39:55.17,BUY,4.247e-05,1496.83350166
11637923,2017-12-25T16:39:55.187,BUY,4.248e-05,955.09358525
11637924,2017-12-25T16:39:55.187,BUY,4.249e-05,277.08333333
11637925,2017-12-25T16:39:55.187,BUY,4.25e-05,1375.48262548
11637926,2017-12-25T16:39:55.187,BUY,4.25e-05,15.0
11637927,2017-12-25T16:39:55.187,BUY,4.25e-05,159.6
11637928,2017-12-25T16:39:55.187,BUY,4.25e-05,60.0
11637929,2017-12-25T16:39:55.187,BUY,4.25e-05,47.11675628
11637930,2017-12-25T16:39:55.187,BUY,4.25e-05,62.63736264
11637931,2017-12-25T16:39:55.187,BUY,4.25e-05,8755.10659819
11637932,2017-12-25T16:39:55.42,SELL,4.24e-05,141.76892083
11637937,2017-12-25T16:39:58.92,BUY,4.24e-05,738.14499548
11637944,2017-12-25T16:40:06.56,BUY,4.247e-05,174.0
11637945,2017-12-25T16:40:06.56,BUY,4.247e-05,29.98217127
11637946,2017-12-25T16:40:06.56,BUY,4.248e-05,57.33132483
11637947,2017-12-25T16:40:06.56,BUY,4.25e-05,2090.7261172
11637953,2017-12-25T16:40:11.623,BUY,4.25e-05,3119.35009711
11637954,2017-12-25T16:40:11.623,BUY,4.25e-05,1097.66689283
11637955,2017-12-25T16:40:11.623,BUY,4.25e-05,260.28150854
11637956,2017-12-25T16:40:11.623,BUY,4.25e-05,56.15769017
11637957,2017-12-25T16:40:11.623,BUY,4.25e-05,90.0
11637958,2017-12-25T16:40:11.623,BUY,4.25e-05,100.0
11637959,2017-12-25T16:40:11.623,BUY,4.25e-05,66.6960574
11637960,2017-12-25T16:40:11.623,BUY,4.25e-05,261.94852941
11637961,2017-12-25T16:40:11.623,BUY,4.25e-05,2660.0166251
11637962,2017-12-25T16:40:11.623,BUY,4.25e-05,125.0
11637963,2017-12-25T16:40:11.623,BUY,4.25e-05,1041.52470885
11637975,2017-12-25T16:40:21.607,BUY,4.25e-05,1311.76094652
11637976,2017-12-25T16:40:21.607,BUY,4.25e-05,100.0
11637977,2017-12-25T16:40:21.607,BUY,4.25e-05,50.0
11637991,2017-12-25T16:40:32.593,BUY,4.251e-05,33.38353414
11637992,2017-12-25T16:40:32.593,BUY,4.251e-05,25.0
11637995,2017-12-25T16:40:33.61,SELL,4.251e-05,61.23698714
11638003,2017-12-25T16:40:38.42,BUY,4.253e-05,86.67644875
11638012,2017-12-25T16:40:46.047,BUY,4.253e-05,366.59528709
11638015,2017-12-25T16:40:47.047,BUY,4.255e-05,218.65624969
11638016,2017-12-25T16:40:47.047,BUY,4.26e-05,20.0
11638017,2017-12-25T16:40:47.047,BUY,4.26e-05,26.34126519
11638018,2017-12-25T16:40:47.047,BUY,4.26e-05,66.93366707
11638019,2017-12-25T16:40:47.31,SELL,4.26e-05,167.89454855
11638030,2017-12-25T16:40:56.093,BUY,4.261e-05,50.66074022
11638035,2017-12-25T16:40:59.28,BUY,4.262e-05,234.63162834
11638040,2017-12-25T16:41:04.343,SELL,4.261e-05,109.33925978
11638041,2017-12-25T16:41:04.343,SELL,4.26e-05,9.81856175
11638045,2017-12-25T16:41:06,BUY,4.262e-05,73.43991786
11638048,2017-12-25T16:41:07.81,SELL,4.262e-05,118.26999051
11638049,2017-12-25T16:41:08.093,SELL,4.262e-05,691.96134701
11638050,2017-12-25T16:41:10.047,SELL,4.262e-05,55.15227403
11638051,2017-12-25T16:41:10.047,SELL,4.262e-05,125.86572597
11638058,2017-12-25T16:41:21.047,BUY,4.263e-05,55.0
11638064,2017-12-25T16:41:28.56,BUY,4.264e-05,130.0
11638065,2017-12-25T16:41:28.56,BUY,4.266e-05,370.0
11638069,2017-12-25T16:41:30.25,BUY,4.266e-05,1835.13460795
11638070,2017-12-25T16:41:30.577,SELL,4.263e-05,61.99507389
11638071,2017-12-25T16:41:30.577,SELL,4.263e-05,53.0
11638072,2017-12-25T16:41:30.577,SELL,4.262e-05,126.34355958
11638073,2017-12-25T16:41:30.577,SELL,4.253e-05,1987.10929054
11638074,2017-12-25T16:41:30.577,SELL,4.251e-05,271.72241349
11638076,2017-12-25T16:41:32.483,BUY,4.264e-05,61.23698714
11638077,2017-12-25T16:41:32.483,BUY,4.266e-05,1194.86539205
11638096,2017-12-25T16:41:50.25,SELL,4.266e-05,100.20928555
11638101,2017-12-25T16:41:58.173,SELL,4.266e-05,116.49077317
11638104,2017-12-25T16:41:59.127,SELL,4.266e-05,676.59287146
11638106,2017-12-25T16:41:59.267,SELL,4.266e-05,248.472952
11638110,2017-12-25T16:42:01.687,SELL,4.266e-05,4199.30871058
11638111,2017-12-25T16:42:02.843,SELL,4.266e-05,2267.9560768
11638117,2017-12-25T16:42:04.813,SELL,4.266e-05,711.31447587
11638122,2017-12-25T16:42:06.813,SELL,4.266e-05,754.25229706
11638123,2017-12-25T16:42:11.47,SELL,4.266e-05,572.3586523
11638124,2017-12-25T16:42:11.47,SELL,4.266e-05,21.39636068
11638125,2017-12-25T16:42:12.483,SELL,4.266e-05,16.69827188
11638128,2017-12-25T16:42:12.797,BUY,4.269e-05,288.30109979
11638131,2017-12-25T16:42:16.25,BUY,4.269e-05,23.3661279
11638133,2017-12-25T16:42:18.783,SELL,4.264e-05,346.06769993
11638134,2017-12-25T16:42:18.783,SELL,4.26e-05,9.19530007
11638137,2017-12-25T16:42:23.22,BUY,4.264e-05,48.11242264
11638140,2017-12-25T16:42:28.487,SELL,4.26e-05,23.03799923
11638147,2017-12-25T16:42:36.11,SELL,4.251e-05,375.65056029
11638148,2017-12-25T16:42:36.11,SELL,4.251e-05,227.0
11638151,2017-12-25T16:42:38.627,BUY,4.26e-05,235.35993358
11638152,2017-12-25T16:42:38.627,BUY,4.264e-05,26.75710831
11638153,2017-12-25T16:42:38.627,BUY,4.264e-05,2.44799209
11638160,2017-12-25T16:42:48.61,SELL,4.22e-05,180.62879564
11638167,2017-12-25T16:43:01.11,SELL,4.202e-05,196.64879731
11638178,2017-12-25T16:43:08.597,SELL,4.241e-05,35.36901674
11638179,2017-12-25T16:43:08.597,SELL,4.24e-05,14.63098326
11638181,2017-12-25T16:43:11.44,SELL,4.24e-05,997.67089594
11638183,2017-12-25T16:43:11.893,SELL,4.24e-05,251.13008538
11638184,2017-12-25T16:43:22.72,SELL,4.24e-05,167.19476891
11638185,2017-12-25T16:43:28.69,SELL,4.22e-05,51.13263683
11638187,2017-12-25T16:43:30.143,SELL,4.22e-05,182.47392055
11638188,2017-12-25T16:43:37.41,SELL,4.206e-05,100.63935449
11638191,2017-12-25T16:43:43.723,SELL,4.2e-05,131.71658509
11638193,2017-12-25T16:43:44.88,BUY,4.22e-05,51.13263683
11638194,2017-12-25T16:43:44.88,BUY,4.22e-05,48.86736317
11638196,2017-12-25T16:43:50.833,SELL,4.2e-05,51.09975241
11638197,2017-12-25T16:43:50.833,SELL,4.2e-05,219.6796625
11638201,2017-12-25T16:43:58.66,SELL,4.2e-05,123.92157551
11638203,2017-12-25T16:43:58.753,BUY,4.22e-05,1.13263683
11638204,2017-12-25T16:44:00.583,SELL,4.22e-05,117.86736317
11638205,2017-12-25T16:44:00.583,SELL,4.2e-05,1969.36440925
11638222,2017-12-25T16:44:24.207,SELL,4.2e-05,38.59170659
11638231,2017-12-25T16:44:37.13,SELL,4.202e-05,62.116078
11638232,2017-12-25T16:44:37.13,SELL,4.201e-05,118.26999051
11638233,2017-12-25T16:44:37.13,SELL,4.2e-05,217.75058802
11638236,2017-12-25T16:44:39.393,BUY,4.202e-05,300.0
11638238,2017-12-25T16:44:39.893,BUY,4.239e-05,50.0
11638241,2017-12-25T16:44:51.177,SELL,4.202e-05,123.72415584
11638247,2017-12-25T16:44:58.207,SELL,4.202e-05,86.67644875
11638249,2017-12-25T16:44:58.253,BUY,4.239e-05,173.04424805
11638251,2017-12-25T16:44:58.52,BUY,4.239e-05,109.2381334
11638258,2017-12-25T16:45:26.193,SELL,4.205e-05,150.0
11638259,2017-12-25T16:45:26.193,SELL,4.202e-05,250.0
11638260,2017-12-25T16:45:32.787,SELL,4.202e-05,400.0
11638261,2017-12-25T16:45:32.927,SELL,4.202e-05,459.91541635
11638262,2017-12-25T16:45:32.927,SELL,4.202e-05,659.98535876
11638267,2017-12-25T16:45:39.52,SELL,4.2e-05,195.62122063
11638268,2017-12-25T16:45:39.52,SELL,4.2e-05,842.68132504
11638271,2017-12-25T16:45:44.35,BUY,4.202e-05,44.29830557
11638274,2017-12-25T16:45:46.003,BUY,4.202e-05,102.79591207
11638275,2017-12-25T16:45:47.66,SELL,4.2e-05,157.31867496
11638276,2017-12-25T16:45:47.66,SELL,4.2e-05,1092.68132504
11638281,2017-12-25T16:45:50.63,SELL,4.2e-05,200.0
11638283,2017-12-25T16:45:52.1,BUY,4.202e-05,108.44740599
11638285,2017-12-25T16:45:54.957,SELL,4.2e-05,1088.27105596
11638286,2017-12-25T16:45:54.957,SELL,4.2e-05,98.13527148
11638288,2017-12-25T16:46:04.583,BUY,4.202e-05,661.26439969
11638292,2017-12-25T16:46:28.897,BUY,4.202e-05,2353.14932767
11638311,2017-12-25T16:47:11.693,BUY,4.201e-05,23.73869586
11638321,2017-12-25T16:47:24.52,SELL,4.2e-05,167.19476891
11638335,2017-12-25T16:47:44.193,SELL,4.201e-05,1622.59889193
11638345,2017-12-25T16:48:12.867,BUY,4.201e-05,153.48679901
11638346,2017-12-25T16:48:12.867,BUY,4.202e-05,1144.43731689
11638351,2017-12-25T16:48:19.223,BUY,4.202e-05,300.0
11638381,2017-12-25T16:48:57.18,SELL,4.201e-05,44.29830557
11638387,2017-12-25T16:49:00.117,BUY,4.202e-05,119.53952642
11638390,2017-12-25T16:49:08.883,SELL,4.201e-05,41.66786379
11638392,2017-12-25T16:49:10.213,SELL,4.19e-05,79.47613261
11638393,2017-12-25T16:49:10.213,SELL,4.19e-05,2375.0
11638395,2017-12-25T16:49:10.527,BUY,4.201e-05,20.0
11638400,2017-12-25T16:49:11.92,BUY,4.201e-05,43.33013328
11638404,2017-12-25T16:49:15.793,SELL,4.189e-05,39.29927748
11638418,2017-12-25T16:50:12.95,SELL,4.189e-05,20.70072252
11638427,2017-12-25T16:50:20.59,SELL,4.188e-05,200.54522183
11638430,2017-12-25T16:50:22.37,SELL,4.188e-05,300.22048272
11638448,2017-12-25T16:50:31.543,SELL,4.17e-05,47.9616307
11638462,2017-12-25T16:50:52.42,BUY,4.17e-05,314.3817255
11638463,2017-12-25T16:50:52.42,BUY,4.175e-05,200.19462377
11638464,2017-12-25T16:50:52.42,BUY,4.188e-05,450.75357945
11638465,2017-12-25T16:50:52.42,BUY,4.189e-05,227.95361789
11638466,2017-12-25T16:50:52.42,BUY,4.2e-05,121.58408962
11638467,2017-12-25T16:50:52.433,BUY,4.201e-05,202.30125354
11638468,2017-12-25T16:50:52.433,BUY,4.204e-05,196.77055426
11638477,2017-12-25T16:51:08.23,SELL,4.208e-05,51.70630816
11638495,2017-12-25T16:51:44.327,SELL,4.218e-05,200.0
11638496,2017-12-25T16:51:44.327,SELL,4.208e-05,34.63162834
11638514,2017-12-25T16:52:07.06,SELL,4.208e-05,50.93325625
11638530,2017-12-25T16:52:32,BUY,4.239e-05,47.06298655
11638539,2017-12-25T16:52:46.91,BUY,4.239e-05,773.60078648
11638540,2017-12-25T16:52:46.91,BUY,4.239e-05,16.39361614
11638541,2017-12-25T16:52:46.91,BUY,4.239e-05,24.4022561
11638542,2017-12-25T16:52:46.91,BUY,4.239e-05,3572.15519712
11638543,2017-12-25T16:52:46.91,BUY,4.239e-05,50.21907878
11638544,2017-12-25T16:52:46.91,BUY,4.239e-05,118.10615365
11638545,2017-12-25T16:52:46.91,BUY,4.239e-05,3817.95637551
11638550,2017-12-25T16:52:49.58,BUY,4.269e-05,42.44345483
11638567,2017-12-25T16:53:08.877,BUY,4.269e-05,92.55654517
11638568,2017-12-25T16:53:08.877,BUY,4.269e-05,148.68213543
11638570,2017-12-25T16:53:11.407,SELL,4.22e-05,67.44315791
11638574,2017-12-25T16:53:15.517,BUY,4.269e-05,5658.47168131
11638604,2017-12-25T16:53:44.033,BUY,4.269e-05,4192.84618326
11638605,2017-12-25T16:53:44.313,SELL,4.269e-05,12.63484626
11638609,2017-12-25T16:53:57.19,BUY,4.269e-05,168.30417813
11638610,2017-12-25T16:53:57.19,BUY,4.269e-05,20.0
11638615,2017-12-25T16:54:04.877,BUY,4.27e-05,80.0
11638616,2017-12-25T16:54:04.89,BUY,4.27e-05,244.5442183
11638617,2017-12-25T16:54:04.89,BUY,4.27e-05,764.26464236
11638626,2017-12-25T16:54:16.94,SELL,4.269e-05,20.32917394
11638627,2017-12-25T16:54:16.94,SELL,4.269e-05,1277.59494196
11638629,2017-12-25T16:54:19.063,BUY,4.27e-05,2.7288527
11638630,2017-12-25T16:54:19.063,BUY,4.278e-05,336.5493577
11638636,2017-12-25T16:54:25.703,SELL,4.269e-05,2912.1424579
11638639,2017-12-25T16:54:28.673,BUY,4.278e-05,404.93556802
11638643,2017-12-25T16:54:29.5,BUY,4.278e-05,245.34862553
11638652,2017-12-25T16:54:38.3,BUY,4.278e-05,2561.75469203
11638653,2017-12-25T16:54:38.3,BUY,4.278e-05,1620.31602094
11638657,2017-12-25T16:54:47.75,SELL,4.278e-05,2826.12600834
11638660,2017-12-25T16:54:50.66,SELL,4.27e-05,467.21311475
11638666,2017-12-25T16:54:54.347,BUY,4.269e-05,173.07219444
11638706,2017-12-25T16:56:01.487,BUY,4.269e-05,18.90039353
11638720,2017-12-25T16:56:13.003,SELL,4.221e-05,470.19624114
11638756,2017-12-25T16:56:26.567,SELL,4.221e-05,1892.98783846
11638769,2017-12-25T16:56:38.613,SELL,4.22e-05,180.06401152
11638778,2017-12-25T16:56:55.597,SELL,4.208e-05,20.0
11638779,2017-12-25T16:56:55.597,SELL,4.17e-05,98.78981655
11638780,2017-12-25T16:56:55.597,SELL,4.164e-05,89.83619586
11638781,2017-12-25T16:56:55.597,SELL,4.162e-05,202.9930423
11638782,2017-12-25T16:56:55.597,SELL,4.15e-05,624.93975904
11638783,2017-12-25T16:56:55.597,SELL,4.114e-05,457.18561493
11638787,2017-12-25T16:57:02.097,SELL,4.112e-05,972.76264589
11638792,2017-12-25T16:57:03.597,BUY,4.15e-05,250.0
11638793,2017-12-25T16:57:03.597,BUY,4.22e-05,250.0
11638794,2017-12-25T16:57:04.987,SELL,4.11e-05,50.0
11638796,2017-12-25T16:57:06.55,SELL,4.111e-05,350.18052955
11638798,2017-12-25T16:57:06.91,BUY,4.219e-05,457.18561493
11638799,2017-12-25T16:57:06.91,BUY,4.22e-05,126.97295675
11638831,2017-12-25T16:57:22.143,BUY,4.219e-05,350.18052955
11638837,2017-12-25T16:57:23.16,SELL,4.116e-05,727.04081632
11638838,2017-12-25T16:57:23.16,SELL,4.115e-05,48.48146947
11638839,2017-12-25T16:57:23.16,SELL,4.115e-05,1286.02784504
11638920,2017-12-25T16:58:18.66,SELL,4.133e-05,253.25900282
11638930,2017-12-25T16:58:23.787,SELL,4.135e-05,489.15268344
11638931,2017-12-25T16:58:23.787,SELL,4.134e-05,36.28447024
11638932,2017-12-25T16:58:23.8,SELL,4.134e-05,3278.22263026
11638933,2017-12-25T16:58:23.8,SELL,4.134e-05,36.28447025
11638949,2017-12-25T16:58:40.35,BUY,4.133e-05,1107.28051053
11638954,2017-12-25T16:58:50.38,SELL,4.13e-05,224.2313597
11638955,2017-12-25T16:58:50.38,SELL,4.129e-05,241.58391862
11638966,2017-12-25T16:59:01.863,BUY,4.128e-05,489.15268344
11638967,2017-12-25T16:59:01.863,BUY,4.129e-05,510.84731656
11638971,2017-12-25T16:59:10.24,SELL,4.118e-05,500.0
11638982,2017-12-25T16:59:35.52,BUY,4.116e-05,47.91479112
11638983,2017-12-25T16:59:35.52,BUY,4.117e-05,176.87054158
11638986,2017-12-25T16:59:41.303,BUY,4.117e-05,16.1498708
11638990,2017-12-25T16:59:55.193,BUY,4.117e-05,6.97958762
11638991,2017-12-25T16:59:55.193,BUY,4.118e-05,100.0
11638992,2017-12-25T16:59:55.193,BUY,4.126e-05,691.24179686
11638993,2017-12-25T16:59:55.193,BUY,4.129e-05,998.59138253
11638996,2017-12-25T17:00:05.18,BUY,4.129e-05,105.37804318
11639007,2017-12-25T17:00:20.1,BUY,4.129e-05,409.8161952
11639011,2017-12-25T17:00:23.6,BUY,4.129e-05,7.89456303
11639012,2017-12-25T17:00:23.6,BUY,4.129e-05,444.0
11639013,2017-12-25T17:00:23.6,BUY,4.133e-05,2.77523528
11639014,2017-12-25T17:00:23.6,BUY,4.172e-05,202.96192986
11639015,2017-12-25T17:00:23.6,BUY,4.177e-05,36.28447025
11639016,2017-12-25T17:00:23.6,BUY,4.2e-05,4578.98965748
11639017,2017-12-25T17:00:23.6,BUY,4.201e-05,727.04081632
11639018,2017-12-25T17:00:23.6,BUY,4.201e-05,48.48146947
11639019,2017-12-25T17:00:23.6,BUY,4.202e-05,253.25900281
11639020,2017-12-25T17:00:23.6,BUY,4.25e-05,600.45083232
11639021,2017-12-25T17:00:23.6,BUY,4.261e-05,240.44698077
11639022,2017-12-25T17:00:23.6,BUY,4.268e-05,970.32101165
11639023,2017-12-25T17:00:23.6,BUY,4.269e-05,2158.80445891
11639024,2017-12-25T17:00:23.6,BUY,4.269e-05,193.73314704
11639066,2017-12-25T17:00:30.29,BUY,4.268e-05,4627.98481292
11639067,2017-12-25T17:00:30.29,BUY,4.269e-05,47.28059544
11639068,2017-12-25T17:00:30.29,BUY,4.269e-05,31.39308329
11639069,2017-12-25T17:00:30.29,BUY,4.269e-05,692.86224911
11639070,2017-12-25T17:00:30.29,BUY,4.279e-05,4353.0
11639071,2017-12-25T17:00:30.29,BUY,4.279e-05,108.246854
11639072,2017-12-25T17:00:30.29,BUY,4.28e-05,3094.5328404
11639116,2017-12-25T17:00:33.383,SELL,4.129e-05,26.16643739
11639117,2017-12-25T17:00:33.383,SELL,4.126e-05,967.03829374
11639118,2017-12-25T17:00:33.383,SELL,4.126e-05,967.03829374
11639119,2017-12-25T17:00:33.383,SELL,4.126e-05,725.27872031
11639120,2017-12-25T17:00:33.383,SELL,4.126e-05,725.27872031
11639121,2017-12-25T17:00:33.383,SELL,4.125e-05,2416.96969696
11639122,2017-12-25T17:00:33.383,SELL,4.125e-05,1208.48484848
11639123,2017-12-25T17:00:33.383,SELL,4.125e-05,2416.96969696
11639124,2017-12-25T17:00:33.383,SELL,4.125e-05,1571.03030303
11639125,2017-12-25T17:00:33.383,SELL,4.125e-05,483.39393939
11639126,2017-12-25T17:00:33.397,SELL,4.125e-05,2213.38198455
11639216,2017-12-25T17:00:50.73,BUY,4.241e-05,50.91094925
11639237,2017-12-25T17:00:57.353,SELL,4.136e-05,48.02936768
11639239,2017-12-25T17:00:57.837,BUY,4.235e-05,63.06382693
11639255,2017-12-25T17:01:03.057,BUY,4.234e-05,49.10040066
11639286,2017-12-25T17:01:14.073,SELL,4.14e-05,25.03267763
11639316,2017-12-25T17:01:24.667,BUY,4.219e-05,49.41566407
11639370,2017-12-25T17:01:45.277,SELL,4.153e-05,50.25
11639383,2017-12-25T17:01:49.293,BUY,4.2e-05,967.03829374
11639384,2017-12-25T17:01:49.293,BUY,4.2e-05,289.6172803
11639396,2017-12-25T17:01:52.01,BUY,4.198e-05,455.4003125
11639398,2017-12-25T17:01:52.933,BUY,4.197e-05,725.27872031
11639399,2017-12-25T17:01:52.933,BUY,4.198e-05,1961.56938446
11639400,2017-12-25T17:01:52.933,BUY,4.198e-05,420.33011246
11639401,2017-12-25T17:01:52.933,BUY,4.198e-05,2213.38198455
11639402,2017-12-25T17:01:52.933,BUY,4.198e-05,1521.61463896
11639403,2017-12-25T17:01:52.933,BUY,4.198e-05,2366.05874771
11639404,2017-12-25T17:01:52.933,BUY,4.198e-05,1208.48484848
11639405,2017-12-25T17:01:52.933,BUY,4.2e-05,628.32061278
11639406,2017-12-25T17:01:52.933,BUY,4.2e-05,25.03267762
11639407,2017-12-25T17:01:52.933,BUY,4.2e-05,48.02936767
11639408,2017-12-25T17:01:52.933,BUY,4.241e-05,108.6013875
11639409,2017-12-25T17:01:52.933,BUY,4.246e-05,472.63092269
11639410,2017-12-25T17:01:52.933,BUY,4.25e-05,2935.11419305
11639415,2017-12-25T17:01:54.963,BUY,4.197e-05,47.12911632
11639427,2017-12-25T17:02:11.777,BUY,4.195e-05,135.58966495
11639433,2017-12-25T17:02:14.403,BUY,4.195e-05,542.55993904
11639436,2017-12-25T17:02:16.17,SELL,4.195e-05,50.25
11639460,2017-12-25T17:02:34.403,BUY,4.25e-05,47.730155
11639474,2017-12-25T17:02:46.2,BUY,4.25e-05,1303.56421588
11639476,2017-12-25T17:02:46.37,BUY,4.25e-05,49.21488962
11639490,2017-12-25T17:02:55.17,SELL,4.207e-05,35.3635745
11639512,2017-12-25T17:03:20.81,BUY,4.249e-05,35.3635745
11639513,2017-12-25T17:03:20.81,BUY,4.249e-05,184.83977393
11639516,2017-12-25T17:03:22.327,SELL,4.21e-05,107.95907294
11639525,2017-12-25T17:03:27.827,BUY,4.207e-05,146.7799792
11639554,2017-12-25T17:03:54.373,BUY,4.207e-05,610.22434153
11639555,2017-12-25T17:03:54.373,BUY,4.207e-05,25.0
11639556,2017-12-25T17:03:54.39,BUY,4.249e-05,1115.16022607
11639557,2017-12-25T17:03:54.39,BUY,4.25e-05,858.85565215
11639596,2017-12-25T17:04:20.123,BUY,4.25e-05,19.64863765
11639623,2017-12-25T17:04:46.687,BUY,4.25e-05,300.543957
11639629,2017-12-25T17:04:50.2,BUY,4.25e-05,469.41176471
11639636,2017-12-25T17:04:53.297,BUY,4.25e-05,103.59941118
11639651,2017-12-25T17:05:07.577,SELL,4.224e-05,160.0
11639671,2017-12-25T17:05:37.217,SELL,4.234e-05,82.05721481
11639680,2017-12-25T17:05:41.453,BUY,4.224e-05,236.74242424
11639689,2017-12-25T17:05:50.42,BUY,4.224e-05,532.6125215
11639698,2017-12-25T17:05:57.28,SELL,4.224e-05,200.25842866
11639731,2017-12-25T17:06:32.593,SELL,4.224e-05,247.50716943
11639734,2017-12-25T17:06:37.92,SELL,4.224e-05,101.25
11639821,2017-12-25T17:07:45.58,SELL,4.224e-05,99.12472132
11639822,2017-12-25T17:07:45.58,SELL,4.224e-05,24.63366008
11639828,2017-12-25T17:07:56.657,BUY,4.233e-05,35.42749173
11639883,2017-12-25T17:08:26.47,BUY,4.234e-05,236.77373642
11639884,2017-12-25T17:08:26.47,BUY,4.234e-05,236.77373642
11639892,2017-12-25T17:08:39.767,BUY,4.249e-05,387.28471582
11639893,2017-12-25T17:08:41.11,SELL,4.234e-05,176.96294048
11639894,2017-12-25T17:08:41.11,SELL,4.233e-05,113.08909336
11639901,2017-12-25T17:08:50.203,BUY,4.234e-05,30.0
11639902,2017-12-25T17:08:50.203,BUY,4.249e-05,612.71528418
11639903,2017-12-25T17:08:50.203,BUY,4.25e-05,711.32138718
11639915,2017-12-25T17:09:18.11,BUY,4.25e-05,235.0
11639923,2017-12-25T17:09:39.41,BUY,4.25e-05,100.0
11639934,2017-12-25T17:10:13.8,BUY,4.25e-05,404.888
11639937,2017-12-25T17:10:29.253,BUY,4.25e-05,319.68434975
11639940,2017-12-25T17:10:34.457,BUY,4.25e-05,141.42338683
11639941,2017-12-25T17:10:34.457,BUY,4.25e-05,1000.0
11639942,2017-12-25T17:10:34.457,BUY,4.25e-05,356.69351
11639943,2017-12-25T17:10:34.457,BUY,4.25e-05,356.69351
11639953,2017-12-25T17:10:42.97,SELL,4.25e-05,108.44740599
11639960,2017-12-25T17:10:44.783,BUY,4.275e-05,995.01173333
11639974,2017-12-25T17:11:00.55,SELL,4.25e-05,60.57897503
11639996,2017-12-25T17:11:23.487,BUY,4.275e-05,163.33333333
11639997,2017-12-25T17:11:23.737,SELL,4.25e-05,152.86450773
11640006,2017-12-25T17:11:33.32,SELL,4.25e-05,10744.69096854
11640007,2017-12-25T17:11:33.32,SELL,4.239e-05,202.96208543
11640008,2017-12-25T17:11:33.32,SELL,4.233e-05,2356.48476258
11640009,2017-12-25T17:11:33.32,SELL,4.233e-05,83.44760276
11640010,2017-12-25T17:11:33.32,SELL,4.224e-05,852.47139887
11640012,2017-12-25T17:11:36.943,BUY,4.275e-05,272.59955153
11640013,2017-12-25T17:11:36.943,BUY,4.275e-05,356.69351
11640020,2017-12-25T17:11:47.837,SELL,4.275e-05,365.57283847
11640034,2017-12-25T17:12:13.54,BUY,4.278e-05,83.65655687
11640035,2017-12-25T17:12:13.54,BUY,4.279e-05,487.31494283
11640036,2017-12-25T17:12:13.54,BUY,4.279e-05,500.0
11640037,2017-12-25T17:12:13.54,BUY,4.28e-05,1259.63597694
11640075,2017-12-25T17:12:55.883,BUY,4.275e-05,4228.76695374
11640076,2017-12-25T17:12:55.883,BUY,4.277e-05,202.96208466
11640077,2017-12-25T17:12:55.883,BUY,4.279e-05,96.8992248
11640078,2017-12-25T17:12:55.883,BUY,4.28e-05,2727.47596519
11640118,2017-12-25T17:13:37.31,BUY,4.28e-05,100.0
11640134,2017-12-25T17:14:15.2,SELL,4.233e-05,1013.28844791
11640135,2017-12-25T17:14:15.2,SELL,4.233e-05,236.15056818
11640136,2017-12-25T17:14:15.2,SELL,4.231e-05,202.96208466
11640137,2017-12-25T17:14:15.2,SELL,4.226e-05,600.94564467
11640138,2017-12-25T17:14:15.2,SELL,4.225e-05,4000.0
11640139,2017-12-25T17:14:15.2,SELL,4.224e-05,2083.48604013
11640140,2017-12-25T17:14:15.2,SELL,4.224e-05,190.47739524
11640141,2017-12-25T17:14:15.2,SELL,4.224e-05,1000.0
11640142,2017-12-25T17:14:15.2,SELL,4.224e-05,2833.84365767
11640169,2017-12-25T17:14:35.95,BUY,4.224e-05,531.67534423
11640170,2017-12-25T17:14:35.95,BUY,4.271e-05,202.96208466
11640171,2017-12-25T17:14:35.95,BUY,4.278e-05,448.38311797
11640225,2017-12-25T17:14:53.623,SELL,4.278e-05,634.42716153
11640228,2017-12-25T17:14:54.967,BUY,4.279e-05,35.05491937
11640234,2017-12-25T17:15:00.75,SELL,4.278e-05,91.00117217
11640239,2017-12-25T17:15:03.653,SELL,4.278e-05,35.05491937
11640246,2017-12-25T17:15:07.89,SELL,4.278e-05,152.5625267
11640262,2017-12-25T17:15:20.11,SELL,4.278e-05,560.60074898
11640263,2017-12-25T17:15:20.11,SELL,4.278e-05,131.61473878
11640296,2017-12-25T17:15:47.873,BUY,4.26e-05,321.29802575
11640297,2017-12-25T17:15:47.873,BUY,4.279e-05,357.3045578
11640334,2017-12-25T17:16:08.797,SELL,4.234e-05,37.55749297
11640338,2017-12-25T17:16:09.36,SELL,4.234e-05,103.0925125
11640382,2017-12-25T17:17:05.093,BUY,4.279e-05,714.92103336
11640383,2017-12-25T17:17:05.093,BUY,4.279e-05,468.56742229
11640393,2017-12-25T17:17:39.08,SELL,4.279e-05,75.46958471
11640394,2017-12-25T17:17:44.94,SELL,4.279e-05,140.65000547
11640396,2017-12-25T17:17:46.813,SELL,4.279e-05,174.0
11640403,2017-12-25T17:18:07.923,SELL,4.279e-05,131.34487658
11640404,2017-12-25T17:18:07.923,SELL,4.279e-05,111.78340734
11640405,2017-12-25T17:18:07.923,SELL,4.279e-05,56.87171608
11640409,2017-12-25T17:18:34.923,SELL,4.279e-05,143.12828392
11640412,2017-12-25T17:18:37.08,BUY,4.279e-05,5.17985075
11640413,2017-12-25T17:18:37.08,BUY,4.28e-05,2818.35521747
11640414,2017-12-25T17:18:37.08,BUY,4.28e-05,100.0
11640415,2017-12-25T17:18:37.08,BUY,4.28e-05,2770.46168446
11640416,2017-12-25T17:18:37.08,BUY,4.28e-05,94.26972099
11640417,2017-12-25T17:18:37.08,BUY,4.28e-05,490.72562383
11640418,2017-12-25T17:18:37.08,BUY,4.283e-05,16.0
11640419,2017-12-25T17:18:37.08,BUY,4.284e-05,58.44699095
11640420,2017-12-25T17:18:37.08,BUY,4.288e-05,506.72145538
11640428,2017-12-25T17:18:54.877,BUY,4.288e-05,293.27854462
11640435,2017-12-25T17:19:06.52,BUY,4.289e-05,550.0
11640436,2017-12-25T17:19:06.52,BUY,4.289e-05,20.79911389
11640437,2017-12-25T17:19:06.52,BUY,4.289e-05,100.0
11640438,2017-12-25T17:19:06.52,BUY,4.289e-05,340.88682922
11640447,2017-12-25T17:19:29.927,SELL,4.288e-05,59.523
11640450,2017-12-25T17:19:41.363,SELL,4.288e-05,215.8254762
11640453,2017-12-25T17:19:52.037,SELL,4.288e-05,93.17910266
11640454,2017-12-25T17:19:52.037,SELL,4.288e-05,554.7535302
11640457,2017-12-25T17:20:04.413,BUY,4.288e-05,1235.75292153
11640516,2017-12-25T17:21:47.62,BUY,4.288e-05,25.0
11640536,2017-12-25T17:22:23.7,BUY,4.288e-05,120.0
11640538,2017-12-25T17:22:27.7,BUY,4.288e-05,352.26682661
11640539,2017-12-25T17:22:27.7,BUY,4.288e-05,106.79393249
11640544,2017-12-25T17:22:36.827,BUY,4.288e-05,11.43998604
11640545,2017-12-25T17:22:36.827,BUY,4.288e-05,532.65974169
11640569,2017-12-25T17:23:10.187,BUY,4.27e-05,50.0
11640608,2017-12-25T17:23:46.003,BUY,4.288e-05,511.31133512
11640632,2017-12-25T17:23:59.613,SELL,4.245e-05,325.73240477
11640655,2017-12-25T17:24:22.253,BUY,4.288e-05,2524.52691012
11640683,2017-12-25T17:25:30.647,BUY,4.288e-05,30.0
11640684,2017-12-25T17:25:30.663,BUY,4.288e-05,30.0
