85484117,2017-12-24T15:15:03.177,SELL,7.044e-05,75.0
85484120,2017-12-24T15:15:03.6,SELL,7.045e-05,141.71047024
85484121,2017-12-24T15:15:03.6,SELL,7.044e-05,43.58166397
85484125,2017-12-24T15:15:04.553,BUY,7.049e-05,32.46392481
85484128,2017-12-24T15:15:06.41,BUY,7.048e-05,491.22169811
85484130,2017-12-24T15:15:07.05,BUY,7.048e-05,10.0
85484133,2017-12-24T15:15:08.91,SELL,7.044e-05,141.32278123
85484135,2017-12-24T15:15:09.38,BUY,7.048e-05,30.90140448
85484136,2017-12-24T15:15:09.38,BUY,7.049e-05,6445.97055676
85484137,2017-12-24T15:15:09.38,BUY,7.049e-05,200.0
85484138,2017-12-24T15:15:09.38,BUY,7.049e-05,1177.26839311
85484139,2017-12-24T15:15:09.38,BUY,7.049e-05,707.82554129
85484140,2017-12-24T15:15:09.38,BUY,7.05e-05,177.85631539
85484141,2017-12-24T15:15:09.38,BUY,7.05e-05,1162.85752385
85484142,2017-12-24T15:15:09.38,BUY,7.05e-05,50.0
85484143,2017-12-24T15:15:09.38,BUY,7.05e-05,100.0
85484144,2017-12-24T15:15:09.397,BUY,7.05e-05,114.10134654
85484145,2017-12-24T15:15:09.397,BUY,7.05e-05,6196.81456279
85484146,2017-12-24T15:15:09.397,BUY,7.05e-05,90.31597993
85484147,2017-12-24T15:15:09.397,BUY,7.05e-05,10.0
85484148,2017-12-24T15:15:09.397,BUY,7.05e-05,19.0
85484149,2017-12-24T15:15:09.397,BUY,7.055e-05,245.53550908
85484150,2017-12-24T15:15:09.397,BUY,7.055e-05,6691.502517
85484151,2017-12-24T15:15:09.397,BUY,7.059e-05,5702.41534978
85484152,2017-12-24T15:15:10.05,SELL,7.044e-05,237.32825894
85484161,2017-12-24T15:15:16.52,BUY,7.059e-05,70.83156254
85484163,2017-12-24T15:15:17.16,SELL,7.044e-05,550.18813537
85484179,2017-12-24T15:15:21.957,SELL,7.049e-05,140.9840688
85484180,2017-12-24T15:15:22.41,SELL,7.049e-05,638.0159312
85484181,2017-12-24T15:15:22.41,SELL,7.048e-05,106.09472346
85484182,2017-12-24T15:15:22.41,SELL,7.048e-05,89.78915295
85484183,2017-12-24T15:15:22.41,SELL,7.044e-05,2318.30276757
85484186,2017-12-24T15:15:24.753,SELL,7.044e-05,2195.18182085
85484190,2017-12-24T15:15:24.973,SELL,7.044e-05,202.9439523
85484191,2017-12-24T15:15:24.973,SELL,7.044e-05,119.41451448
85484192,2017-12-24T15:15:24.973,SELL,7.044e-05,16.85200746
85484200,2017-12-24T15:15:25.707,BUY,7.044e-05,489.06582878
85484201,2017-12-24T15:15:25.707,BUY,7.049e-05,10.93417122
85484204,2017-12-24T15:15:26.097,SELL,7.043e-05,61.5
85484209,2017-12-24T15:15:26.94,BUY,7.049e-05,101.15603774
85484225,2017-12-24T15:15:30.707,BUY,7.049e-05,141.88422247
85484228,2017-12-24T15:15:31.627,SELL,7.043e-05,19.93608481
85484229,2017-12-24T15:15:31.627,SELL,7.043e-05,432.30584942
85484230,2017-12-24T15:15:31.643,SELL,7.043e-05,410.57187811
85484231,2017-12-24T15:15:31.643,SELL,7.043e-05,3729.97624979
85484234,2017-12-24T15:15:32.33,BUY,7.049e-05,141.88422247
85484238,2017-12-24T15:15:32.66,BUY,7.049e-05,41.55124653
85484240,2017-12-24T15:15:32.737,BUY,7.049e-05,141.88422247
85484243,2017-12-24T15:15:33.02,BUY,7.049e-05,9.0
85484268,2017-12-24T15:15:37.11,BUY,7.049e-05,411.7058771
85484269,2017-12-24T15:15:37.11,BUY,7.049e-05,3990.7175799
85484273,2017-12-24T15:15:37.66,SELL,7.043e-05,141.24293785
85484274,2017-12-24T15:15:37.673,SELL,7.043e-05,140.25245441
85484292,2017-12-24T15:15:41.533,BUY,7.048e-05,10.38014151
85484305,2017-12-24T15:15:47.017,BUY,7.048e-05,165.35718026
85484308,2017-12-24T15:15:48.453,BUY,7.048e-05,150.18990566
85484310,2017-12-24T15:15:48.703,BUY,7.048e-05,213.17642133
85484319,2017-12-24T15:15:51.94,BUY,7.048e-05,1004.98592047
85484323,2017-12-24T15:15:53.69,BUY,7.048e-05,248.48987443
85484324,2017-12-24T15:15:54.343,SELL,7.043e-05,80.76239702
85484330,2017-12-24T15:15:55.89,BUY,7.048e-05,73.99318566
85484342,2017-12-24T15:16:01.187,BUY,7.048e-05,7007.01176622
85484343,2017-12-24T15:16:01.187,BUY,7.048e-05,147.13580349
85484344,2017-12-24T15:16:01.187,BUY,7.048e-05,150.0
85484355,2017-12-24T15:16:12.89,SELL,7.048e-05,140.52716894
85484372,2017-12-24T15:16:17.343,BUY,7.049e-05,2184.7072077
85484373,2017-12-24T15:16:17.343,BUY,7.049e-05,526.4230873
85484374,2017-12-24T15:16:17.343,BUY,7.049e-05,119.05838425
85484376,2017-12-24T15:16:17.687,BUY,7.049e-05,1880.94161575
85484377,2017-12-24T15:16:17.687,BUY,7.05e-05,3119.05838425
85484380,2017-12-24T15:16:18.42,BUY,7.05e-05,27.88947983
85484390,2017-12-24T15:16:23.7,SELL,7.048e-05,500.0
85484391,2017-12-24T15:16:24.03,SELL,7.048e-05,505.94278052
85484402,2017-12-24T15:16:27.2,BUY,7.05e-05,1780.75907234
85484423,2017-12-24T15:16:31.997,BUY,7.05e-05,4593.68799043
85484428,2017-12-24T15:16:33.607,BUY,7.05e-05,300.0
85484438,2017-12-24T15:16:36.123,SELL,7.049e-05,7.63722918
85484440,2017-12-24T15:16:36.53,SELL,7.049e-05,125.28
85484446,2017-12-24T15:16:38.933,BUY,7.05e-05,402.50395288
85484455,2017-12-24T15:16:45.59,BUY,7.05e-05,187.21465838
85484470,2017-12-24T15:16:47.183,BUY,7.05e-05,9204.20916918
85484471,2017-12-24T15:16:47.183,BUY,7.05e-05,343.33539582
85484476,2017-12-24T15:16:47.87,BUY,7.05e-05,140.41099379
85484483,2017-12-24T15:16:49.403,BUY,7.05e-05,234.25361039
85484484,2017-12-24T15:16:49.403,BUY,7.05e-05,31.26967402
85484485,2017-12-24T15:16:49.403,BUY,7.05e-05,4019.76175921
85484487,2017-12-24T15:16:49.51,BUY,7.05e-05,150.09884787
85484490,2017-12-24T15:16:49.607,BUY,7.05e-05,105.30825418
85484505,2017-12-24T15:16:52.107,BUY,7.05e-05,157.96239896
85484510,2017-12-24T15:16:53.247,BUY,7.05e-05,120.91751596
85484512,2017-12-24T15:16:53.463,BUY,7.05e-05,157.96239896
85484517,2017-12-24T15:16:54.73,SELL,7.049e-05,717.08277082
85484518,2017-12-24T15:16:54.73,SELL,7.049e-05,212.74113208
85484519,2017-12-24T15:16:54.73,SELL,7.049e-05,183.97619767
85484522,2017-12-24T15:16:56.057,BUY,7.049e-05,61.71765957
85484526,2017-12-24T15:17:00.277,BUY,7.049e-05,713.66215319
85484529,2017-12-24T15:17:01.137,BUY,7.049e-05,95.8583316
85484532,2017-12-24T15:17:03.057,SELL,7.048e-05,110.74401594
85484533,2017-12-24T15:17:03.057,SELL,7.048e-05,37.62898276
85484535,2017-12-24T15:17:03.103,SELL,7.048e-05,120.25039665
85484551,2017-12-24T15:17:11.963,BUY,7.049e-05,8.15320755
85484554,2017-12-24T15:17:13.103,BUY,7.049e-05,25.6784434
85484556,2017-12-24T15:17:13.277,BUY,7.049e-05,28.26179346
85484558,2017-12-24T15:17:14.15,BUY,7.049e-05,207.43755319
85484562,2017-12-24T15:17:15.82,BUY,7.049e-05,879.43075747
85484583,2017-12-24T15:17:21.79,SELL,7.049e-05,149.6676794
85484596,2017-12-24T15:17:25.68,SELL,7.049e-05,1447.347082
85484597,2017-12-24T15:17:25.68,SELL,7.049e-05,80.57993758
85484598,2017-12-24T15:17:25.68,SELL,7.049e-05,467.22426449
85484600,2017-12-24T15:17:26.557,BUY,7.049e-05,247.6425
85484602,2017-12-24T15:17:27.197,BUY,7.049e-05,141.50943396
85484604,2017-12-24T15:17:28.087,BUY,7.049e-05,150.60914885
85484607,2017-12-24T15:17:29.35,BUY,7.049e-05,141.50943396
85484613,2017-12-24T15:17:33.837,BUY,7.049e-05,1316.12577547
85484614,2017-12-24T15:17:33.837,BUY,7.049e-05,99.36594548
85484615,2017-12-24T15:17:33.837,BUY,7.049e-05,122.19343905
85484617,2017-12-24T15:17:33.867,BUY,7.049e-05,1422.96296357
85484620,2017-12-24T15:17:35.007,BUY,7.05e-05,541.44491513
85484621,2017-12-24T15:17:35.007,BUY,7.05e-05,260.1743388
85484622,2017-12-24T15:17:35.007,BUY,7.05e-05,450.0
85484623,2017-12-24T15:17:35.023,BUY,7.05e-05,143.52517986
85484624,2017-12-24T15:17:35.023,BUY,7.05e-05,142.54072592
85484625,2017-12-24T15:17:35.633,SELL,7.05e-05,2.9e-07
85484626,2017-12-24T15:17:35.633,SELL,7.048e-05,2.50626261
85484627,2017-12-24T15:17:35.633,SELL,7.048e-05,206.75451972
85484628,2017-12-24T15:17:35.633,SELL,7.048e-05,6.00281738
85484630,2017-12-24T15:17:36.943,SELL,7.049e-05,101.13409808
85484642,2017-12-24T15:17:40.663,SELL,7.05e-05,21.22669811
85484643,2017-12-24T15:17:40.663,SELL,7.049e-05,154.38654315
85484646,2017-12-24T15:17:41.977,SELL,7.05e-05,60.2738
85484650,2017-12-24T15:17:42.397,BUY,7.052e-05,81.08993873
85484651,2017-12-24T15:17:42.397,BUY,7.053e-05,56.76970017
85484658,2017-12-24T15:17:45.227,BUY,7.053e-05,59.89367498
85484659,2017-12-24T15:17:45.227,BUY,7.059e-05,54.45441406
85484660,2017-12-24T15:17:45.227,BUY,7.059e-05,1063.96630579
85484684,2017-12-24T15:17:54.35,BUY,7.053e-05,1450.0
85484705,2017-12-24T15:18:05.85,BUY,7.059e-05,49.148003
85484707,2017-12-24T15:18:08.19,BUY,7.059e-05,88.02029987
85484710,2017-12-24T15:18:09.317,SELL,7.053e-05,68.54424707
85484711,2017-12-24T15:18:09.333,SELL,7.053e-05,100.0
85484712,2017-12-24T15:18:09.333,SELL,7.053e-05,101.0
85484713,2017-12-24T15:18:09.333,SELL,7.05e-05,233.5789604
85484714,2017-12-24T15:18:09.333,SELL,7.049e-05,84.90622642
85484715,2017-12-24T15:18:09.333,SELL,7.049e-05,1192.72963845
85484724,2017-12-24T15:18:11.723,BUY,7.059e-05,2149.33457766
85484725,2017-12-24T15:18:11.723,BUY,7.059e-05,10.2813645
85484729,2017-12-24T15:18:12.427,BUY,7.06e-05,62.55276373
85484730,2017-12-24T15:18:12.427,BUY,7.06e-05,600.0
85484731,2017-12-24T15:18:12.427,BUY,7.062e-05,40.0
85484732,2017-12-24T15:18:12.427,BUY,7.063e-05,14.39854766
85484733,2017-12-24T15:18:12.427,BUY,7.063e-05,14.37471231
85484734,2017-12-24T15:18:12.427,BUY,7.063e-05,22.62542234
85484735,2017-12-24T15:18:12.427,BUY,7.065e-05,11.64266643
85484736,2017-12-24T15:18:12.427,BUY,7.066e-05,100.0
85484737,2017-12-24T15:18:12.427,BUY,7.069e-05,5482.37803633
85484738,2017-12-24T15:18:12.427,BUY,7.07e-05,143.21099901
85484739,2017-12-24T15:18:12.427,BUY,7.07e-05,400.0
85484740,2017-12-24T15:18:12.427,BUY,7.07e-05,94.28870176
85484741,2017-12-24T15:18:12.427,BUY,7.07e-05,3478.36524643
85484744,2017-12-24T15:18:14.037,SELL,7.059e-05,220.11939939
85484758,2017-12-24T15:18:16.74,SELL,7.059e-05,62.73684226
85484772,2017-12-24T15:18:19.69,BUY,7.07e-05,52.42277857
85484775,2017-12-24T15:18:21.207,SELL,7.059e-05,15.0
85484778,2017-12-24T15:18:21.3,BUY,7.07e-05,1794.211975
85484779,2017-12-24T15:18:21.3,BUY,7.07e-05,10.0
85484780,2017-12-24T15:18:21.3,BUY,7.07e-05,1425.583395
85484785,2017-12-24T15:18:25.58,SELL,7.07e-05,9.69580394
85484799,2017-12-24T15:18:33.267,BUY,7.073e-05,62.46726756
85484800,2017-12-24T15:18:33.283,BUY,7.073e-05,107.24720069
85484801,2017-12-24T15:18:33.283,BUY,7.074e-05,104.51672272
85484802,2017-12-24T15:18:33.283,BUY,7.075e-05,56323.67151245
85484804,2017-12-24T15:18:34.127,SELL,7.07e-05,7377.02932585
85484810,2017-12-24T15:18:36.69,SELL,7.07e-05,263.4058
85484812,2017-12-24T15:18:37.033,BUY,7.073e-05,100.0
85484813,2017-12-24T15:18:37.033,BUY,7.075e-05,398.93652898
85484820,2017-12-24T15:18:39.83,SELL,7.07e-05,7377.02932585
85484821,2017-12-24T15:18:40.313,SELL,7.07e-05,73.7536
85484822,2017-12-24T15:18:40.907,SELL,7.07e-05,33.04249864
85484829,2017-12-24T15:18:45.173,SELL,7.072e-05,10.70782438
85484831,2017-12-24T15:18:45.33,BUY,7.075e-05,400.0
85484832,2017-12-24T15:18:45.563,SELL,7.072e-05,404.1742
85484841,2017-12-24T15:18:49.69,BUY,7.075e-05,163.92755636
85484850,2017-12-24T15:18:52.58,BUY,7.075e-05,300.0
85484855,2017-12-24T15:18:54.733,BUY,7.074e-05,40.88359948
85484856,2017-12-24T15:18:54.733,BUY,7.074e-05,39.11640052
85484858,2017-12-24T15:18:55.61,SELL,7.072e-05,42.85102128
85484865,2017-12-24T15:18:58.92,SELL,7.072e-05,385.43851516
85484867,2017-12-24T15:19:00.67,BUY,7.074e-05,1.76719896
85484868,2017-12-24T15:19:00.67,BUY,7.074e-05,17.61588267
85484875,2017-12-24T15:19:07.06,SELL,7.074e-05,1089.14354213
85484880,2017-12-24T15:19:10.593,SELL,7.074e-05,500.0
85484885,2017-12-24T15:19:14.14,SELL,7.074e-05,176.65693179
85484886,2017-12-24T15:19:14.14,SELL,7.074e-05,2946.72278367
85484887,2017-12-24T15:19:14.967,SELL,7.074e-05,50.0
85484893,2017-12-24T15:19:17.797,BUY,7.075e-05,34.3
85484894,2017-12-24T15:19:18.42,SELL,7.074e-05,4356.16147444
85484895,2017-12-24T15:19:18.42,SELL,7.074e-05,115.53966073
85484896,2017-12-24T15:19:18.42,SELL,7.074e-05,705.0466497
85484897,2017-12-24T15:19:18.42,SELL,7.073e-05,62.90677942
85484898,2017-12-24T15:19:18.42,SELL,7.072e-05,81.60486567
85484899,2017-12-24T15:19:18.42,SELL,7.072e-05,47.6156913
85484902,2017-12-24T15:19:18.7,SELL,7.074e-05,68.54111005
85484903,2017-12-24T15:19:18.7,SELL,7.072e-05,3.4356591
85484904,2017-12-24T15:19:18.7,SELL,7.07e-05,10.0
85484905,2017-12-24T15:19:18.7,SELL,7.07e-05,30.0
85484915,2017-12-24T15:19:24.687,BUY,7.07e-05,138.30843723
85484919,2017-12-24T15:19:27.183,BUY,7.07e-05,244.47209546
85484924,2017-12-24T15:19:28.433,BUY,7.07e-05,438.26059693
85484931,2017-12-24T15:19:29.17,BUY,7.07e-05,320.18339907
85484940,2017-12-24T15:19:32.747,SELL,7.06e-05,100.0
85484941,2017-12-24T15:19:32.747,SELL,7.06e-05,164.35635127
85484946,2017-12-24T15:19:34.823,BUY,7.069e-05,28.33401586
85484947,2017-12-24T15:19:35.34,SELL,7.059e-05,35.0
85484955,2017-12-24T15:19:38.933,BUY,7.06e-05,100.0
85484956,2017-12-24T15:19:38.933,BUY,7.069e-05,1538.80314006
85484959,2017-12-24T15:19:39.777,BUY,7.069e-05,102.67222768
85484960,2017-12-24T15:19:40.823,SELL,7.059e-05,338.9188
85484962,2017-12-24T15:19:43.293,SELL,7.059e-05,131.80181899
85484963,2017-12-24T15:19:43.293,SELL,7.059e-05,683.09548101
85484965,2017-12-24T15:19:45.277,SELL,7.06e-05,50.0
85484966,2017-12-24T15:19:45.277,SELL,7.059e-05,178.1713
85484968,2017-12-24T15:19:47.183,SELL,7.059e-05,99.8879
85484971,2017-12-24T15:19:47.683,BUY,7.069e-05,45.2985729
85484973,2017-12-24T15:19:50.48,SELL,7.059e-05,38.84531899
85484974,2017-12-24T15:19:50.48,SELL,7.059e-05,476.91399333
85484977,2017-12-24T15:19:51.777,BUY,7.06e-05,60.1610954
85484978,2017-12-24T15:19:51.777,BUY,7.06e-05,13.91167105
85484979,2017-12-24T15:19:51.777,BUY,7.069e-05,756.8611022
85484980,2017-12-24T15:19:53.29,SELL,7.059e-05,707.9115
85484981,2017-12-24T15:19:54.4,SELL,7.059e-05,424.32245822
85484983,2017-12-24T15:19:55.353,BUY,7.069e-05,200.0
85484985,2017-12-24T15:19:55.743,BUY,7.058e-05,169.90966337
85484986,2017-12-24T15:19:57.48,SELL,7.05e-05,64.21084362
85484987,2017-12-24T15:19:57.48,SELL,7.05e-05,166.07522439
85484988,2017-12-24T15:19:57.48,SELL,7.05e-05,3500.0
85484989,2017-12-24T15:19:57.48,SELL,7.048e-05,701.64474221
85484990,2017-12-24T15:19:57.48,SELL,7.048e-05,29.0
85484991,2017-12-24T15:19:57.48,SELL,7.048e-05,150.0
85484992,2017-12-24T15:19:57.48,SELL,7.043e-05,247.21885134
85484993,2017-12-24T15:19:57.48,SELL,7.043e-05,10.0
85484994,2017-12-24T15:19:57.48,SELL,7.042e-05,179.12638455
85484995,2017-12-24T15:19:57.48,SELL,7.042e-05,7224.77447786
85485000,2017-12-24T15:19:59.353,BUY,7.058e-05,135.60253663
85485009,2017-12-24T15:20:03.697,BUY,7.069e-05,15.01757673
85485011,2017-12-24T15:20:05.073,SELL,7.059e-05,71.74630506
85485014,2017-12-24T15:20:05.87,BUY,7.069e-05,60.0
85485016,2017-12-24T15:20:08.26,SELL,7.059e-05,30.56701757
85485018,2017-12-24T15:20:10.463,SELL,7.059e-05,3039.19034476
85485019,2017-12-24T15:20:11.43,SELL,7.059e-05,586.38527669
85485023,2017-12-24T15:20:12.447,BUY,7.069e-05,3426.13415711
85485024,2017-12-24T15:20:12.447,BUY,7.069e-05,168.00992235
85485025,2017-12-24T15:20:12.447,BUY,7.069e-05,165.35718026
85485026,2017-12-24T15:20:12.447,BUY,7.069e-05,700.0
85485035,2017-12-24T15:20:16.57,SELL,7.069e-05,1472.7915454
85485042,2017-12-24T15:20:18.133,SELL,7.069e-05,17678.88571152
85485046,2017-12-24T15:20:19.523,SELL,7.069e-05,1806.0
85485057,2017-12-24T15:20:23.79,SELL,7.069e-05,7604.61680924
85485062,2017-12-24T15:20:25.57,BUY,7.074e-05,25.21855224
85485063,2017-12-24T15:20:25.57,BUY,7.074e-05,225.80132687
85485072,2017-12-24T15:20:28.04,BUY,7.074e-05,145.09500919
85485084,2017-12-24T15:20:35.227,BUY,7.074e-05,443.28113402
85485085,2017-12-24T15:20:35.227,BUY,7.074e-05,846.44436853
85485103,2017-12-24T15:20:43.49,BUY,7.073e-05,40.62573837
85485104,2017-12-24T15:20:43.49,BUY,7.074e-05,19.37426163
85485110,2017-12-24T15:20:44.537,BUY,7.074e-05,189.95870097
85485112,2017-12-24T15:20:44.803,BUY,7.074e-05,782.3022493
85485114,2017-12-24T15:20:45.147,BUY,7.074e-05,108.83368003
85485116,2017-12-24T15:20:45.583,BUY,7.074e-05,1849.04749788
85485126,2017-12-24T15:20:49.053,BUY,7.074e-05,457.33446987
85485139,2017-12-24T15:20:53.833,SELL,7.07e-05,400.70581992
85485148,2017-12-24T15:20:56.397,BUY,7.074e-05,586.02975716
85485149,2017-12-24T15:20:56.397,BUY,7.074e-05,12.8069457
85485150,2017-12-24T15:20:56.397,BUY,7.074e-05,918.09159836
85485151,2017-12-24T15:20:56.397,BUY,7.074e-05,104.54587642
85485152,2017-12-24T15:20:56.397,BUY,7.074e-05,2994.41068224
85485155,2017-12-24T15:20:57.473,SELL,7.074e-05,95.12935036
85485158,2017-12-24T15:20:58.427,BUY,7.075e-05,213.43205072
85485160,2017-12-24T15:20:58.63,SELL,7.074e-05,1419.97167139
85485164,2017-12-24T15:21:00.067,SELL,7.074e-05,60.0
85485167,2017-12-24T15:21:00.753,SELL,7.074e-05,100.0
85485170,2017-12-24T15:21:01.52,SELL,7.074e-05,200.0
85485171,2017-12-24T15:21:01.6,SELL,7.074e-05,668.45253843
85485176,2017-12-24T15:21:05.253,BUY,7.075e-05,89.30762014
85485177,2017-12-24T15:21:05.643,SELL,7.074e-05,200.0
85485181,2017-12-24T15:21:07.19,BUY,7.075e-05,8000.0
85485184,2017-12-24T15:21:07.973,SELL,7.074e-05,30.0
85485185,2017-12-24T15:21:08.067,SELL,7.074e-05,59.6558837
85485187,2017-12-24T15:21:08.24,BUY,7.075e-05,68.6421489
85485194,2017-12-24T15:21:10.58,BUY,7.075e-05,1400.0
85485196,2017-12-24T15:21:11.737,SELL,7.074e-05,5172.17105114
85485197,2017-12-24T15:21:12.16,SELL,7.074e-05,1500.0
85485198,2017-12-24T15:21:13.33,SELL,7.074e-05,1870.90698193
85485203,2017-12-24T15:21:14.613,BUY,7.075e-05,23192.92224114
85485211,2017-12-24T15:21:23.41,SELL,7.074e-05,15.861572
85485216,2017-12-24T15:21:24.8,SELL,7.074e-05,12878.1294219
85485219,2017-12-24T15:21:25.33,BUY,7.075e-05,51.82713922
85485220,2017-12-24T15:21:26.36,SELL,7.074e-05,3012.11977037
85485222,2017-12-24T15:21:26.643,BUY,7.075e-05,669.98740601
85485225,2017-12-24T15:21:27.627,BUY,7.075e-05,68.60891105
85485226,2017-12-24T15:21:28.987,SELL,7.074e-05,8770.81674501
85485227,2017-12-24T15:21:29.347,SELL,7.074e-05,1108.72246039
85485230,2017-12-24T15:21:30.283,SELL,7.074e-05,88.12690677
85485232,2017-12-24T15:21:30.423,BUY,7.075e-05,2080.22358021
85485234,2017-12-24T15:21:31.173,BUY,7.075e-05,5000.0
85485236,2017-12-24T15:21:31.457,SELL,7.074e-05,6153.38087413
85485243,2017-12-24T15:21:32.643,BUY,7.075e-05,418.43877244
85485252,2017-12-24T15:21:35.407,BUY,7.075e-05,44.75468799
85485258,2017-12-24T15:21:37.703,BUY,7.075e-05,1020.0
85485264,2017-12-24T15:21:40.767,BUY,7.075e-05,2672.25893428
85485267,2017-12-24T15:21:41.673,BUY,7.075e-05,1902.42791131
85485269,2017-12-24T15:21:43.487,SELL,7.074e-05,2202.85260907
85485271,2017-12-24T15:21:43.703,SELL,7.074e-05,4310.38785917
85485273,2017-12-24T15:21:43.907,BUY,7.075e-05,30.22338147
85485276,2017-12-24T15:21:46.377,BUY,7.075e-05,18004.04051871
85485277,2017-12-24T15:21:46.39,BUY,7.075e-05,1000.0
85485278,2017-12-24T15:21:46.39,BUY,7.075e-05,46.40120192
85485279,2017-12-24T15:21:46.39,BUY,7.075e-05,56.0
85485280,2017-12-24T15:21:46.39,BUY,7.075e-05,3413.86928115
85485281,2017-12-24T15:21:46.39,BUY,7.075e-05,38.26132896
85485285,2017-12-24T15:21:48.547,BUY,7.075e-05,26.31436343
85485286,2017-12-24T15:21:48.547,BUY,7.075e-05,895.04198113
85485287,2017-12-24T15:21:48.703,SELL,7.075e-05,153.0
85485290,2017-12-24T15:21:50.343,SELL,7.075e-05,231.83360067
85485295,2017-12-24T15:21:52.97,SELL,7.074e-05,545.70072826
85485305,2017-12-24T15:21:54.33,SELL,7.074e-05,1555.12711593
85485310,2017-12-24T15:21:56.75,SELL,7.074e-05,2490.48469249
85485315,2017-12-24T15:21:58.907,BUY,7.075e-05,594.87701515
85485318,2017-12-24T15:22:01.25,SELL,7.075e-05,750.73454084
85485320,2017-12-24T15:22:03.53,SELL,7.075e-05,162.16627857
85485321,2017-12-24T15:22:03.53,SELL,7.074e-05,13.83372143
85485323,2017-12-24T15:22:04.5,SELL,7.074e-05,1833.97079237
85485326,2017-12-24T15:22:06.61,SELL,7.074e-05,285.49547051
85485328,2017-12-24T15:22:06.64,BUY,7.076e-05,126.61974458
85485329,2017-12-24T15:22:06.64,BUY,7.076e-05,216.05280528
85485334,2017-12-24T15:22:08.593,SELL,7.076e-05,48.20283019
85485341,2017-12-24T15:22:09.75,SELL,7.076e-05,849.04749788
85485343,2017-12-24T15:22:11.357,SELL,7.076e-05,1863.42501442
85485344,2017-12-24T15:22:11.357,SELL,7.075e-05,1360.0
85485345,2017-12-24T15:22:11.357,SELL,7.075e-05,160.53067102
85485346,2017-12-24T15:22:11.357,SELL,7.074e-05,3236.79337799
85485347,2017-12-24T15:22:11.357,SELL,7.074e-05,2000.0
85485348,2017-12-24T15:22:11.357,SELL,7.074e-05,155.65127379
85485358,2017-12-24T15:22:15.84,SELL,7.076e-05,72.53845197
85485362,2017-12-24T15:22:20.28,SELL,7.076e-05,491.4191452
85485363,2017-12-24T15:22:20.28,SELL,7.076e-05,25.70141358
85485364,2017-12-24T15:22:20.607,SELL,7.074e-05,130.21685566
85485366,2017-12-24T15:22:21.293,SELL,7.074e-05,157.25890468
85485371,2017-12-24T15:22:24.513,SELL,7.075e-05,44.35065952
85485374,2017-12-24T15:22:24.763,BUY,7.076e-05,3741.90462306
85485375,2017-12-24T15:22:24.763,BUY,7.076e-05,320.18339907
85485376,2017-12-24T15:22:24.763,BUY,7.076e-05,7.84619765
85485378,2017-12-24T15:22:24.903,BUY,7.077e-05,120.08680057
85485379,2017-12-24T15:22:24.903,BUY,7.077e-05,162.88350072
85485380,2017-12-24T15:22:24.903,BUY,7.077e-05,117.24863702
85485381,2017-12-24T15:22:25.623,SELL,7.077e-05,674.07903059
85485392,2017-12-24T15:22:29.793,SELL,7.077e-05,2485.29706077
85485393,2017-12-24T15:22:29.793,SELL,7.077e-05,140.9495549
85485401,2017-12-24T15:22:32.967,BUY,7.077e-05,400.29744065
85485403,2017-12-24T15:22:34.387,SELL,7.076e-05,1100.0
85485406,2017-12-24T15:22:39.09,BUY,7.077e-05,218.47293769
85485407,2017-12-24T15:22:40.45,SELL,7.076e-05,128.314
85485411,2017-12-24T15:22:40.73,BUY,7.077e-05,513.2605799
85485412,2017-12-24T15:22:40.73,BUY,7.077e-05,10.98318765
85485413,2017-12-24T15:22:40.73,BUY,7.077e-05,200.0
85485415,2017-12-24T15:22:41.01,BUY,7.078e-05,76.25683916
85485419,2017-12-24T15:22:42.963,SELL,7.077e-05,16.66851
85485431,2017-12-24T15:22:51.26,SELL,7.077e-05,282.442945
85485438,2017-12-24T15:22:54.387,BUY,7.077e-05,1814.0886324
85485440,2017-12-24T15:22:55.683,BUY,7.078e-05,50.0
85485442,2017-12-24T15:22:56.557,SELL,7.077e-05,83.84490902
85485448,2017-12-24T15:23:00.573,BUY,7.078e-05,86.49656781
85485449,2017-12-24T15:23:00.573,BUY,7.078e-05,335.60507818
85485450,2017-12-24T15:23:00.633,SELL,7.078e-05,16.57850641
85485460,2017-12-24T15:23:07.01,SELL,7.078e-05,237.3628515
85485464,2017-12-24T15:23:09.273,BUY,7.079e-05,70.61546185
85485465,2017-12-24T15:23:09.273,BUY,7.08e-05,383.0
85485466,2017-12-24T15:23:09.273,BUY,7.08e-05,692.77619132
85485467,2017-12-24T15:23:09.273,BUY,7.08e-05,11.50653959
85485468,2017-12-24T15:23:09.273,BUY,7.08e-05,435.8496833
85485471,2017-12-24T15:23:09.477,BUY,7.08e-05,47.59361142
85485476,2017-12-24T15:23:10.773,SELL,7.079e-05,14.83917197
85485488,2017-12-24T15:23:15.323,SELL,7.079e-05,344.95353443
85485489,2017-12-24T15:23:15.323,SELL,7.078e-05,29.57695299
85485490,2017-12-24T15:23:15.323,SELL,7.078e-05,10.56140291
85485496,2017-12-24T15:23:16.807,SELL,7.078e-05,422.6123966
85485506,2017-12-24T15:23:18.26,SELL,7.078e-05,352.87719901
85485507,2017-12-24T15:23:18.26,SELL,7.078e-05,197.32937685
85485508,2017-12-24T15:23:18.26,SELL,7.077e-05,379.13527164
85485509,2017-12-24T15:23:18.26,SELL,7.077e-05,101.80123887
85485510,2017-12-24T15:23:18.26,SELL,7.077e-05,78.14215134
85485511,2017-12-24T15:23:18.26,SELL,7.077e-05,311.00080861
85485512,2017-12-24T15:23:18.26,SELL,7.076e-05,2790.70483138
85485513,2017-12-24T15:23:18.273,SELL,7.076e-05,28.87280384
85485514,2017-12-24T15:23:18.273,SELL,7.075e-05,684.4660776
85485515,2017-12-24T15:23:18.273,SELL,7.075e-05,172.88247032
85485516,2017-12-24T15:23:18.273,SELL,7.075e-05,915.92466148
85485517,2017-12-24T15:23:18.273,SELL,7.075e-05,10.29222615
85485518,2017-12-24T15:23:18.273,SELL,7.074e-05,422.6123966
85485523,2017-12-24T15:23:21.727,SELL,7.074e-05,2228.9899168
85485525,2017-12-24T15:23:22.18,BUY,7.08e-05,506.55670528
85485526,2017-12-24T15:23:22.18,BUY,7.08e-05,80.0
85485527,2017-12-24T15:23:22.18,BUY,7.08e-05,3622.72407526
85485533,2017-12-24T15:23:23.413,BUY,7.078e-05,100.20321687
85485540,2017-12-24T15:23:26.35,BUY,7.08e-05,1079.6635678
85485547,2017-12-24T15:23:27.617,BUY,7.08e-05,27.25488646
85485551,2017-12-24T15:23:30.507,BUY,7.08e-05,2094.91864726
85485552,2017-12-24T15:23:30.507,BUY,7.081e-05,144.02252382
85485553,2017-12-24T15:23:30.523,BUY,7.081e-05,12.33983367
85485554,2017-12-24T15:23:30.523,BUY,7.081e-05,109.37596788
85485555,2017-12-24T15:23:30.523,BUY,7.081e-05,4000.0
85485556,2017-12-24T15:23:30.523,BUY,7.082e-05,60.23598566
85485557,2017-12-24T15:23:30.523,BUY,7.082e-05,61.06982079
85485558,2017-12-24T15:23:30.523,BUY,7.082e-05,109.36917563
85485559,2017-12-24T15:23:30.523,BUY,7.082e-05,274.98677948
85485560,2017-12-24T15:23:30.523,BUY,7.083e-05,89.31114733
85485561,2017-12-24T15:23:30.523,BUY,7.083e-05,176.67179429
85485562,2017-12-24T15:23:30.523,BUY,7.083e-05,49.62571674
85485563,2017-12-24T15:23:30.523,BUY,7.083e-05,206.17044151
85485564,2017-12-24T15:23:30.523,BUY,7.084e-05,192.23591802
85485565,2017-12-24T15:23:30.523,BUY,7.085e-05,21378.87082946
85485566,2017-12-24T15:23:30.523,BUY,7.085e-05,3082.33132703
85485567,2017-12-24T15:23:30.523,BUY,7.085e-05,138.81112066
85485568,2017-12-24T15:23:30.523,BUY,7.085e-05,233.75164804
85485569,2017-12-24T15:23:30.523,BUY,7.085e-05,1.71767312
85485571,2017-12-24T15:23:31.07,BUY,7.08e-05,40.30771135
85485572,2017-12-24T15:23:31.07,BUY,7.085e-05,58.28232688
85485573,2017-12-24T15:23:31.07,BUY,7.086e-05,15.99573135
85485574,2017-12-24T15:23:31.07,BUY,7.086e-05,151.72947414
85485575,2017-12-24T15:23:31.07,BUY,7.086e-05,40.01504514
85485576,2017-12-24T15:23:31.07,BUY,7.087e-05,87.54369736
85485577,2017-12-24T15:23:31.07,BUY,7.087e-05,135.4982808
85485578,2017-12-24T15:23:31.07,BUY,7.087e-05,100.9282235
85485579,2017-12-24T15:23:31.07,BUY,7.087e-05,85.702149
85485580,2017-12-24T15:23:31.07,BUY,7.087e-05,112.59297994
85485581,2017-12-24T15:23:31.07,BUY,7.087e-05,37.5777937
85485582,2017-12-24T15:23:31.07,BUY,7.088e-05,63.42959461
85485583,2017-12-24T15:23:31.07,BUY,7.088e-05,27.78154992
85485584,2017-12-24T15:23:31.07,BUY,7.089e-05,14.14701794
85485585,2017-12-24T15:23:31.07,BUY,7.089e-05,500.0
85485586,2017-12-24T15:23:31.07,BUY,7.089e-05,8.0
85485587,2017-12-24T15:23:31.07,BUY,7.089e-05,530.16852703
85485588,2017-12-24T15:23:31.07,BUY,7.089e-05,43.16546763
85485589,2017-12-24T15:23:31.07,BUY,7.089e-05,267.21008973
85485590,2017-12-24T15:23:31.07,BUY,7.089e-05,21.70323689
85485591,2017-12-24T15:23:31.07,BUY,7.089e-05,1157.30033173
85485592,2017-12-24T15:23:31.07,BUY,7.089e-05,164.86594099
85485593,2017-12-24T15:23:31.07,BUY,7.09e-05,135.08492052
85485594,2017-12-24T15:23:31.07,BUY,7.09e-05,124.48202778
85485595,2017-12-24T15:23:31.07,BUY,7.09e-05,255.91894601
85485596,2017-12-24T15:23:31.07,BUY,7.091e-05,2098.5897927
85485599,2017-12-24T15:23:32.29,BUY,7.09e-05,247.38806489
85485600,2017-12-24T15:23:32.29,BUY,7.091e-05,1028.61066549
85485601,2017-12-24T15:23:32.29,BUY,7.092e-05,79.08861541
85485602,2017-12-24T15:23:32.29,BUY,7.092e-05,95.76778812
85485603,2017-12-24T15:23:32.29,BUY,7.093e-05,75.0
85485604,2017-12-24T15:23:32.29,BUY,7.093e-05,316.27683939
85485605,2017-12-24T15:23:32.303,BUY,7.094e-05,135.02547588
85485606,2017-12-24T15:23:32.303,BUY,7.095e-05,32.22107757
85485607,2017-12-24T15:23:32.303,BUY,7.095e-05,51.0814253
85485608,2017-12-24T15:23:32.303,BUY,7.095e-05,202.64682313
85485609,2017-12-24T15:23:32.303,BUY,7.095e-05,51.31711505
85485610,2017-12-24T15:23:32.303,BUY,7.095e-05,99.58400114
85485611,2017-12-24T15:23:32.303,BUY,7.095e-05,152.18832284
85485612,2017-12-24T15:23:32.303,BUY,7.096e-05,1575.92837132
85485613,2017-12-24T15:23:32.303,BUY,7.096e-05,51.34783231
85485614,2017-12-24T15:23:32.303,BUY,7.096e-05,149.46444413
85485615,2017-12-24T15:23:32.303,BUY,7.097e-05,72.16466381
85485616,2017-12-24T15:23:32.303,BUY,7.097e-05,111.87925608
85485617,2017-12-24T15:23:32.303,BUY,7.098e-05,50.0
85485618,2017-12-24T15:23:32.303,BUY,7.098e-05,14.82921814
85485619,2017-12-24T15:23:33.38,SELL,7.078e-05,180.96191212
85485627,2017-12-24T15:23:34.757,BUY,7.078e-05,319.03808788
85485634,2017-12-24T15:23:35.88,SELL,7.078e-05,2180.96191212
85485635,2017-12-24T15:23:35.88,SELL,7.074e-05,1905.27065247
85485636,2017-12-24T15:23:35.88,SELL,7.074e-05,1287.15248198
85485637,2017-12-24T15:23:35.88,SELL,7.074e-05,200.0
85485638,2017-12-24T15:23:35.88,SELL,7.074e-05,7897.98633093
85485640,2017-12-24T15:23:35.897,BUY,7.08e-05,137.13766788
85485653,2017-12-24T15:23:39.99,SELL,7.087e-05,34.7012
85485655,2017-12-24T15:23:40.367,SELL,7.087e-05,49.47539139
85485661,2017-12-24T15:23:41.85,BUY,7.091e-05,116.29652014
85485662,2017-12-24T15:23:41.867,SELL,7.087e-05,2808.53031011
85485663,2017-12-24T15:23:41.867,SELL,7.08e-05,48.19614144
85485664,2017-12-24T15:23:41.867,SELL,7.078e-05,35.98044995
85485675,2017-12-24T15:23:44.787,BUY,7.091e-05,78.7839495
85485676,2017-12-24T15:23:44.787,BUY,7.098e-05,151.32827006
85485677,2017-12-24T15:23:44.787,BUY,7.098e-05,36.10270348
85485678,2017-12-24T15:23:44.787,BUY,7.098e-05,2848.97545566
85485682,2017-12-24T15:23:46.333,SELL,7.088e-05,10129.5301089
85485690,2017-12-24T15:23:49.537,BUY,7.079e-05,1315.72368979
85485692,2017-12-24T15:23:49.99,SELL,7.078e-05,12.67828843
85485694,2017-12-24T15:23:50.52,SELL,7.078e-05,332.0053631
85485696,2017-12-24T15:23:50.677,BUY,7.079e-05,1500.0
85485697,2017-12-24T15:23:50.88,SELL,7.078e-05,103.56283519
85485709,2017-12-24T15:23:53.96,BUY,7.079e-05,5247.71085829
85485714,2017-12-24T15:23:55.067,SELL,7.078e-05,18.59533686
85485715,2017-12-24T15:23:55.473,SELL,7.078e-05,186.22149766
85485716,2017-12-24T15:23:55.473,SELL,7.074e-05,4e-08
85485721,2017-12-24T15:23:57.817,SELL,7.074e-05,25.25771851
85485728,2017-12-24T15:24:02.147,BUY,7.079e-05,9056.44848248
85485735,2017-12-24T15:24:07.333,SELL,7.078e-05,56.64919982
85485736,2017-12-24T15:24:07.597,SELL,7.078e-05,51.41037305
85485738,2017-12-24T15:24:08.537,SELL,7.078e-05,199.5748952
85485739,2017-12-24T15:24:08.537,SELL,7.074e-05,224.1623883
85485744,2017-12-24T15:24:10.783,SELL,7.074e-05,61.42857142
85485745,2017-12-24T15:24:11.067,SELL,7.074e-05,43.1649908
85485746,2017-12-24T15:24:11.067,SELL,7.074e-05,116.16983142
85485747,2017-12-24T15:24:11.067,SELL,7.074e-05,100.0
85485748,2017-12-24T15:24:11.067,SELL,7.074e-05,244.02950138
85485751,2017-12-24T15:24:13.253,SELL,7.074e-05,95.97049862
85485752,2017-12-24T15:24:13.253,SELL,7.074e-05,327.76678488
85485755,2017-12-24T15:24:18.69,SELL,7.074e-05,1894.72540023
85485757,2017-12-24T15:24:18.69,BUY,7.074e-05,124.14137087
85485766,2017-12-24T15:24:22.97,SELL,7.072e-05,27.95389049
85485768,2017-12-24T15:24:23.207,BUY,7.074e-05,34.15196941
85485773,2017-12-24T15:24:24.643,SELL,7.072e-05,28.1691113
85485775,2017-12-24T15:24:24.847,BUY,7.074e-05,95.09246183
85485777,2017-12-24T15:24:24.847,BUY,7.074e-05,98.6507488
85485778,2017-12-24T15:24:25.11,SELL,7.072e-05,14.09874766
85485779,2017-12-24T15:24:25.173,SELL,7.072e-05,19.77011494
85485781,2017-12-24T15:24:25.237,BUY,7.074e-05,1222.90665712
85485782,2017-12-24T15:24:25.377,SELL,7.072e-05,28.1691113
85485783,2017-12-24T15:24:25.563,SELL,7.072e-05,423.7699036
85485785,2017-12-24T15:24:26.253,BUY,7.074e-05,105.0
85485787,2017-12-24T15:24:26.737,BUY,7.074e-05,517.56543081
85485788,2017-12-24T15:24:26.737,BUY,7.074e-05,80.0
85485790,2017-12-24T15:24:27.91,SELL,7.074e-05,4128.50989892
85485791,2017-12-24T15:24:27.91,SELL,7.072e-05,58.06912071
85485792,2017-12-24T15:24:27.91,SELL,7.07e-05,5076.22344845
85485807,2017-12-24T15:24:34.033,SELL,7.07e-05,1460.55860958
85485817,2017-12-24T15:24:38.72,BUY,7.074e-05,10.0
85485818,2017-12-24T15:24:40.517,SELL,7.07e-05,403.88916652
85485819,2017-12-24T15:24:41.58,SELL,7.07e-05,17.34104046
85485834,2017-12-24T15:24:53.547,SELL,7.07e-05,3288.56319477
85485835,2017-12-24T15:24:53.547,SELL,7.07e-05,183.24935644
85485836,2017-12-24T15:24:53.547,SELL,7.07e-05,704.83959831
85485837,2017-12-24T15:24:53.547,SELL,7.07e-05,101.0
85485839,2017-12-24T15:24:55.063,BUY,7.07e-05,64.09943068
85485842,2017-12-24T15:24:55.453,BUY,7.07e-05,37.0
85485845,2017-12-24T15:24:56.157,BUY,7.07e-05,314.08326238
85485847,2017-12-24T15:24:57.61,BUY,7.07e-05,523.98756785
85485849,2017-12-24T15:24:58.063,BUY,7.07e-05,140.24499679
85485850,2017-12-24T15:24:59.92,SELL,7.069e-05,22.0
85485851,2017-12-24T15:24:59.92,SELL,7.069e-05,44.8688736
85485852,2017-12-24T15:24:59.92,SELL,7.069e-05,218.27512412
85485854,2017-12-24T15:25:01.17,SELL,7.069e-05,100.80803757
85485855,2017-12-24T15:25:01.17,SELL,7.066e-05,237.22558732
85485856,2017-12-24T15:25:01.17,SELL,7.063e-05,123.73439049
85485857,2017-12-24T15:25:01.17,SELL,7.06e-05,11.0
85485858,2017-12-24T15:25:01.17,SELL,7.06e-05,52.22999682
85485859,2017-12-24T15:25:01.17,SELL,7.059e-05,211.96345091
85485860,2017-12-24T15:25:01.17,SELL,7.054e-05,82.36628814
85485861,2017-12-24T15:25:01.17,SELL,7.05e-05,1000.0
85485862,2017-12-24T15:25:01.187,SELL,7.05e-05,134.49271277
85485863,2017-12-24T15:25:01.187,SELL,7.05e-05,1046.17953598
85485879,2017-12-24T15:25:09.797,BUY,7.07e-05,8.09490806
85485881,2017-12-24T15:25:10.39,SELL,7.069e-05,57.02066999
85485882,2017-12-24T15:25:10.983,SELL,7.069e-05,5.06943646
85485883,2017-12-24T15:25:10.983,SELL,7.05e-05,766.01870813
85485885,2017-12-24T15:25:11,BUY,7.07e-05,2723.79073588
85485886,2017-12-24T15:25:11,BUY,7.07e-05,423.99669161
85485887,2017-12-24T15:25:11,BUY,7.07e-05,150.0
85485888,2017-12-24T15:25:11,BUY,7.07e-05,1417.96322489
85485889,2017-12-24T15:25:11,BUY,7.07e-05,80.0
85485890,2017-12-24T15:25:11,BUY,7.07e-05,178.06705
85485891,2017-12-24T15:25:11,BUY,7.074e-05,190.88120095
85485892,2017-12-24T15:25:11,BUY,7.074e-05,144.86195599
85485893,2017-12-24T15:25:11,BUY,7.074e-05,20594.739
85485896,2017-12-24T15:25:11.547,SELL,7.05e-05,187.80175589
85485898,2017-12-24T15:25:12.03,BUY,7.05e-05,906.5892845
85485902,2017-12-24T15:25:12.81,BUY,7.05e-05,1203.97459365
85485909,2017-12-24T15:25:16.263,BUY,7.05e-05,581.13017361
85485879,2017-12-24T15:25:09.797,BUY,7.07e-05,8.09490806
85485881,2017-12-24T15:25:10.39,SELL,7.069e-05,57.02066999
85485882,2017-12-24T15:25:10.983,SELL,7.069e-05,5.06943646
85485883,2017-12-24T15:25:10.983,SELL,7.05e-05,766.01870813
85485885,2017-12-24T15:25:11,BUY,7.07e-05,2723.79073588
85485886,2017-12-24T15:25:11,BUY,7.07e-05,423.99669161
85485887,2017-12-24T15:25:11,BUY,7.07e-05,150.0
85485888,2017-12-24T15:25:11,BUY,7.07e-05,1417.96322489
85485889,2017-12-24T15:25:11,BUY,7.07e-05,80.0
85485890,2017-12-24T15:25:11,BUY,7.07e-05,178.06705
85485891,2017-12-24T15:25:11,BUY,7.074e-05,190.88120095
85485892,2017-12-24T15:25:11,BUY,7.074e-05,144.86195599
85485893,2017-12-24T15:25:11,BUY,7.074e-05,20594.739
85485896,2017-12-24T15:25:11.547,SELL,7.05e-05,187.80175589
85485898,2017-12-24T15:25:12.03,BUY,7.05e-05,906.5892845
85485902,2017-12-24T15:25:12.81,BUY,7.05e-05,1203.97459365
85485909,2017-12-24T15:25:16.263,BUY,7.05e-05,581.13017361
85485929,2017-12-24T15:25:22.577,SELL,7.055e-05,110.43622304
85485931,2017-12-24T15:25:23.89,SELL,7.055e-05,200.0
85485933,2017-12-24T15:25:25.293,BUY,7.069e-05,900.41972825
85485937,2017-12-24T15:25:27.53,SELL,7.06e-05,34.05221338
85485957,2017-12-24T15:25:35.23,SELL,7.06e-05,425.0715626
85485961,2017-12-24T15:25:35.857,BUY,7.069e-05,44.78977112
85485968,2017-12-24T15:25:39.76,SELL,7.06e-05,400.88582917
85485973,2017-12-24T15:25:40.497,SELL,7.06e-05,25.0
85485981,2017-12-24T15:25:42.31,BUY,7.069e-05,135.64334913
85485982,2017-12-24T15:25:42.857,SELL,7.06e-05,15.66951596
85485990,2017-12-24T15:25:46.293,BUY,7.069e-05,200.0
85485995,2017-12-24T15:25:48.01,BUY,7.069e-05,1410.89108911
85486030,2017-12-24T15:26:01.29,SELL,7.06e-05,6163.76847096
85486031,2017-12-24T15:26:01.29,SELL,7.055e-05,1565.27408804
85486034,2017-12-24T15:26:02.027,BUY,7.069e-05,139.10891089
85486035,2017-12-24T15:26:02.027,BUY,7.069e-05,244.54999249
85486037,2017-12-24T15:26:02.853,BUY,7.069e-05,161.88709577
85486040,2017-12-24T15:26:03.167,BUY,7.069e-05,193.56291174
85486041,2017-12-24T15:26:03.167,BUY,7.069e-05,229.76429154
85486043,2017-12-24T15:26:03.243,BUY,7.069e-05,4445.0
85486044,2017-12-24T15:26:03.37,SELL,7.06e-05,22.0
85486047,2017-12-24T15:26:04.543,SELL,7.06e-05,78.0
85486056,2017-12-24T15:26:08.933,BUY,7.06e-05,98.84278
85486064,2017-12-24T15:26:12.823,BUY,7.069e-05,212.61884144
85486066,2017-12-24T15:26:14.463,BUY,7.069e-05,359.23911734
85486071,2017-12-24T15:26:17.09,BUY,7.069e-05,3015.09212123
85486073,2017-12-24T15:26:17.79,BUY,7.069e-05,1575.8437753
85486078,2017-12-24T15:26:19.573,SELL,7.06e-05,1.15722
85486079,2017-12-24T15:26:19.573,SELL,7.06e-05,13.6924456
85486081,2017-12-24T15:26:22.18,SELL,7.06e-05,14.85398487
85486083,2017-12-24T15:26:23.4,BUY,7.069e-05,1603.0
85486085,2017-12-24T15:26:23.633,BUY,7.069e-05,707.2135785
85486086,2017-12-24T15:26:24.837,SELL,7.06e-05,71.45356953
85486087,2017-12-24T15:26:24.837,SELL,7.06e-05,300.0
85486094,2017-12-24T15:26:25.713,BUY,7.06e-05,535.32334841
85486095,2017-12-24T15:26:25.73,BUY,7.069e-05,1464.67665159
85486096,2017-12-24T15:26:25.98,SELL,7.055e-05,5e-08
85486097,2017-12-24T15:26:25.98,SELL,7.055e-05,750.0
85486098,2017-12-24T15:26:25.98,SELL,7.051e-05,833.56277774
85486099,2017-12-24T15:26:25.98,SELL,7.051e-05,2829.38590271
85486100,2017-12-24T15:26:25.98,SELL,7.05e-05,40.0
85486101,2017-12-24T15:26:25.98,SELL,7.05e-05,308.41160156
85486105,2017-12-24T15:26:27.993,BUY,7.06e-05,88.9329802
85486107,2017-12-24T15:26:28.273,BUY,7.06e-05,211.0670198
85486108,2017-12-24T15:26:28.273,BUY,7.069e-05,449.16202524
85486109,2017-12-24T15:26:28.417,SELL,7.051e-05,200.0
85486110,2017-12-24T15:26:28.417,SELL,7.05e-05,5047.71085829
85486113,2017-12-24T15:26:29.68,BUY,7.055e-05,154.49227507
85486117,2017-12-24T15:26:31.01,BUY,7.055e-05,21.14133929
85486120,2017-12-24T15:26:31.683,BUY,7.055e-05,419.21754033
85486122,2017-12-24T15:26:31.883,BUY,7.055e-05,488.70316594
85486123,2017-12-24T15:26:31.947,SELL,7.05e-05,840.30625051
85486136,2017-12-24T15:26:35.883,SELL,7.05e-05,15.42431349
85486138,2017-12-24T15:26:39.023,SELL,7.05e-05,283.1331115
85486140,2017-12-24T15:26:40.18,SELL,7.05e-05,77.46516579
85486141,2017-12-24T15:26:40.54,SELL,7.05e-05,21.74858665
85486154,2017-12-24T15:26:47.553,BUY,7.069e-05,5037.38959782
85486155,2017-12-24T15:26:47.553,BUY,7.069e-05,15.0
85486156,2017-12-24T15:26:47.553,BUY,7.069e-05,3298.09224132
85486157,2017-12-24T15:26:47.553,BUY,7.069e-05,169.01058199
85486158,2017-12-24T15:26:48.35,SELL,7.05e-05,4326.10537722
85486161,2017-12-24T15:26:50.443,SELL,7.05e-05,3087.1415435
85486162,2017-12-24T15:26:50.443,SELL,7.05e-05,2023.15638298
85486166,2017-12-24T15:26:52.617,BUY,7.05e-05,986.93208
85486172,2017-12-24T15:26:56.303,SELL,7.051e-05,182.19264643
85486173,2017-12-24T15:26:56.303,SELL,7.05e-05,65.85078489
85486174,2017-12-24T15:26:56.303,SELL,7.049e-05,237.15424528
85486175,2017-12-24T15:26:56.303,SELL,7.043e-05,420.0
85486176,2017-12-24T15:26:56.303,SELL,7.041e-05,940.1744747
85486177,2017-12-24T15:26:56.303,SELL,7.041e-05,403.33355028
85486178,2017-12-24T15:26:56.553,SELL,7.04e-05,90.0
85486179,2017-12-24T15:26:56.553,SELL,7.04e-05,1.89272974
85486192,2017-12-24T15:27:02.63,BUY,7.05e-05,110.6586883
85486200,2017-12-24T15:27:05.333,BUY,7.05e-05,1718.64439362
85486205,2017-12-24T15:27:06.52,BUY,7.05e-05,125.52219703
85486211,2017-12-24T15:27:09.663,SELL,7.049e-05,247.37759161
85486215,2017-12-24T15:27:11.647,BUY,7.05e-05,250.68857901
85486220,2017-12-24T15:27:14.833,BUY,7.05e-05,96.48626985
85486221,2017-12-24T15:27:14.833,BUY,7.05e-05,287.06350818
85486225,2017-12-24T15:27:15.103,SELL,7.049e-05,1623.913157
85486226,2017-12-24T15:27:15.16,SELL,7.049e-05,250.30851453
85486235,2017-12-24T15:27:19.55,SELL,7.049e-05,215.08982071
85486238,2017-12-24T15:27:20.083,BUY,7.05e-05,137.21595851
85486241,2017-12-24T15:27:20.55,BUY,7.05e-05,10.0
85486243,2017-12-24T15:27:21.55,BUY,7.05e-05,2440.38258122
85486244,2017-12-24T15:27:21.55,BUY,7.05e-05,457.33446987
85486245,2017-12-24T15:27:21.55,BUY,7.05e-05,117.93568219
85486261,2017-12-24T15:27:31.143,BUY,7.064e-05,7841.23301196
85486267,2017-12-24T15:27:33.333,SELL,7.05e-05,208.8075982
85486269,2017-12-24T15:27:34.38,BUY,7.064e-05,19.65236471
85486270,2017-12-24T15:27:34.38,BUY,7.065e-05,10.94291157
85486292,2017-12-24T15:27:41.737,BUY,7.063e-05,10.0
85486293,2017-12-24T15:27:41.77,SELL,7.05e-05,1000.0
85486297,2017-12-24T15:27:43.22,BUY,7.063e-05,200.0
85486299,2017-12-24T15:27:44.33,SELL,7.05e-05,19.31344402
85486302,2017-12-24T15:27:45.3,BUY,7.063e-05,493.77551964
85486308,2017-12-24T15:27:49.05,SELL,7.063e-05,300.000003
85486323,2017-12-24T15:27:52.83,BUY,7.064e-05,81.41722072
85486324,2017-12-24T15:27:52.83,BUY,7.064e-05,5510.36276338
85486325,2017-12-24T15:27:52.83,BUY,7.064e-05,153.53547667
85486334,2017-12-24T15:27:59.533,SELL,7.064e-05,4435.15973855
85486335,2017-12-24T15:28:00.27,SELL,7.063e-05,8.77758372
85486336,2017-12-24T15:28:00.27,SELL,7.063e-05,7.32657948
85486337,2017-12-24T15:28:00.767,SELL,7.05e-05,5223.8806
85486341,2017-12-24T15:28:04.3,SELL,7.06e-05,707.2135785
85486342,2017-12-24T15:28:04.3,SELL,7.05e-05,1527.43587923
85486358,2017-12-24T15:28:14.19,BUY,7.063e-05,500.0
85486364,2017-12-24T15:28:18.11,SELL,7.05e-05,4849.510368
85486369,2017-12-24T15:28:21.75,SELL,7.051e-05,1195.57922387
85486370,2017-12-24T15:28:21.767,SELL,7.05e-05,3856.49212119
85486371,2017-12-24T15:28:21.767,SELL,7.05e-05,386.34101894
85487713,2017-12-24T15:38:38.487,SELL,7.035e-05,1063.669692
85487715,2017-12-24T15:38:40.017,SELL,7.035e-05,4917.8592
85487721,2017-12-24T15:38:42.703,SELL,7.035e-05,1100.95975037
85487722,2017-12-24T15:38:42.703,SELL,7.035e-05,247.14845522
85487723,2017-12-24T15:38:42.737,SELL,7.027e-05,4425.1400893
85487724,2017-12-24T15:38:42.737,SELL,7.027e-05,150.0
85487725,2017-12-24T15:38:42.737,SELL,7.027e-05,31.9681227
85487726,2017-12-24T15:38:42.94,SELL,7.027e-05,2.5e-07
85487729,2017-12-24T15:38:44.44,BUY,7.027e-05,9.26492484
85487730,2017-12-24T15:38:44.487,SELL,7.026e-05,56.59407913
85487731,2017-12-24T15:38:44.487,SELL,7.026e-05,214.41096392
85487732,2017-12-24T15:38:44.487,SELL,7.026e-05,4264.20027595
85487734,2017-12-24T15:38:44.813,SELL,7.026e-05,657.151108
85487743,2017-12-24T15:38:49.05,BUY,7.027e-05,100.0
85487745,2017-12-24T15:38:50.283,BUY,7.027e-05,500.0
85487749,2017-12-24T15:38:51.19,SELL,7.026e-05,78.64861605
85487750,2017-12-24T15:38:51.19,SELL,7.024e-05,14.6418124
85487751,2017-12-24T15:38:51.19,SELL,7.024e-05,305.26324032
85487752,2017-12-24T15:38:51.19,SELL,7.022e-05,31.85103959
85487753,2017-12-24T15:38:51.19,SELL,7.022e-05,89.63777627
85487754,2017-12-24T15:38:51.19,SELL,7.021e-05,52.19941349
85487755,2017-12-24T15:38:51.19,SELL,7.021e-05,103.24288385
85487756,2017-12-24T15:38:51.19,SELL,7.021e-05,404.42082502
85487757,2017-12-24T15:38:51.19,SELL,7.021e-05,100.0
85487758,2017-12-24T15:38:51.19,SELL,7.02e-05,699.91842801
85487760,2017-12-24T15:38:51.707,BUY,7.027e-05,513.420387
85487761,2017-12-24T15:38:51.707,BUY,7.035e-05,64.45568778
85487766,2017-12-24T15:38:54.783,BUY,7.035e-05,252.27204902
85487767,2017-12-24T15:38:54.783,BUY,7.035e-05,447.91795098
85487778,2017-12-24T15:38:58.707,SELL,7.027e-05,1070.34041153
85487779,2017-12-24T15:38:58.707,SELL,7.027e-05,141.44923426
85487780,2017-12-24T15:38:58.707,SELL,7.021e-05,94.05187925
85487784,2017-12-24T15:39:01.753,SELL,7.021e-05,99.94812075
85487785,2017-12-24T15:39:01.753,SELL,7.02e-05,646.77611574
85487786,2017-12-24T15:39:01.753,SELL,7.02e-05,100.0
85487787,2017-12-24T15:39:01.753,SELL,7.02e-05,174.27576351
85487789,2017-12-24T15:39:01.877,BUY,7.035e-05,302.08204902
85487800,2017-12-24T15:39:07.283,SELL,7.035e-05,642.91795098
85487801,2017-12-24T15:39:07.283,SELL,7.035e-05,30.88798805
85487802,2017-12-24T15:39:07.283,SELL,7.02e-05,25.72423649
85487803,2017-12-24T15:39:07.283,SELL,7.02e-05,603.61425048
85487810,2017-12-24T15:39:12.86,SELL,7.021e-05,47.70993769
85487811,2017-12-24T15:39:12.86,SELL,7.02e-05,1676.5002367
85487812,2017-12-24T15:39:12.86,SELL,7.018e-05,1799.13015961
85487816,2017-12-24T15:39:14.44,SELL,7.021e-05,28.58175428
85487818,2017-12-24T15:39:14.907,BUY,7.046e-05,174.05478924
85487821,2017-12-24T15:39:15.343,BUY,7.046e-05,209.9603047
85487849,2017-12-24T15:39:29.5,BUY,7.046e-05,23.85966081
85487852,2017-12-24T15:39:30.923,BUY,7.049e-05,704.83959831
85487854,2017-12-24T15:39:32.203,SELL,7.049e-05,1028.37105
85487855,2017-12-24T15:39:32.233,SELL,7.049e-05,713.164219
85487856,2017-12-24T15:39:32.267,SELL,7.049e-05,1412.430665
85487857,2017-12-24T15:39:32.33,SELL,7.049e-05,2785.5526
85487858,2017-12-24T15:39:32.767,SELL,7.049e-05,510.57065069
85487859,2017-12-24T15:39:32.907,SELL,7.049e-05,216.5290643
85487865,2017-12-24T15:39:35.423,SELL,7.049e-05,2276.156472
85487867,2017-12-24T15:39:37.267,SELL,7.049e-05,1072.25534576
85487868,2017-12-24T15:39:37.343,SELL,7.049e-05,184.63609095
85487869,2017-12-24T15:39:39.017,SELL,7.049e-05,221.17763446
85487873,2017-12-24T15:39:42.42,SELL,7.049e-05,402.89109066
85487877,2017-12-24T15:39:43.623,BUY,7.049e-05,2646.18068168
85487878,2017-12-24T15:39:43.623,BUY,7.049e-05,2551.03043296
85487880,2017-12-24T15:39:44.17,SELL,7.046e-05,184.31268363
85487885,2017-12-24T15:39:46.78,SELL,7.046e-05,20.0
85487887,2017-12-24T15:39:46.827,BUY,7.048e-05,244.06004717
85487890,2017-12-24T15:39:48.577,BUY,7.048e-05,96.33240566
85487894,2017-12-24T15:39:51.75,BUY,7.047e-05,20.0
85487897,2017-12-24T15:39:52.297,BUY,7.047e-05,122.85574372
85487902,2017-12-24T15:39:54.623,BUY,7.047e-05,1414.69295135
85487907,2017-12-24T15:39:57.14,BUY,7.048e-05,27.33754717
85487908,2017-12-24T15:39:57.14,BUY,7.048e-05,29.37251297
85487915,2017-12-24T15:39:59.263,SELL,7.048e-05,135.66
85487916,2017-12-24T15:39:59.31,SELL,7.048e-05,15.916033
85487918,2017-12-24T15:40:01.717,SELL,7.048e-05,36.46780934
85487920,2017-12-24T15:40:03.14,SELL,7.048e-05,755.24609752
85487921,2017-12-24T15:40:03.14,SELL,7.046e-05,5.68152158
85487922,2017-12-24T15:40:03.14,SELL,7.045e-05,249.9999999
85487930,2017-12-24T15:40:09.467,BUY,7.049e-05,198.08510638
85487932,2017-12-24T15:40:09.903,BUY,7.049e-05,529.82791725
85487933,2017-12-24T15:40:09.903,BUY,7.049e-05,50.02873701
85487936,2017-12-24T15:40:10.497,BUY,7.049e-05,344.55305426
85487942,2017-12-24T15:40:14.513,BUY,7.049e-05,32.12651068
85487943,2017-12-24T15:40:14.513,BUY,7.049e-05,500.0
85487944,2017-12-24T15:40:14.513,BUY,7.049e-05,91.73070021
85487952,2017-12-24T15:40:16.903,SELL,7.049e-05,893.55948994
85487953,2017-12-24T15:40:16.903,SELL,7.049e-05,1828.3433182
85487954,2017-12-24T15:40:16.903,SELL,7.049e-05,141.5103184
85487955,2017-12-24T15:40:16.903,SELL,7.048e-05,16.00340805
85487956,2017-12-24T15:40:16.903,SELL,7.048e-05,32.9855757
85487962,2017-12-24T15:40:18.34,BUY,7.048e-05,100.0
85487964,2017-12-24T15:40:18.607,BUY,7.048e-05,2495.13316792
85487971,2017-12-24T15:40:23.403,BUY,7.048e-05,31.75418435
85487972,2017-12-24T15:40:25.763,SELL,7.047e-05,4918.98574926
85487973,2017-12-24T15:40:25.763,SELL,7.047e-05,152.21139421
85487977,2017-12-24T15:40:27.857,BUY,7.047e-05,6888.93
85487983,2017-12-24T15:40:32.23,BUY,7.047e-05,7.25215198
85487989,2017-12-24T15:40:38.857,BUY,7.046e-05,650.0
85487993,2017-12-24T15:40:39.823,BUY,7.046e-05,707.64755959
85488001,2017-12-24T15:40:45.12,BUY,7.046e-05,42.75844451
85488003,2017-12-24T15:40:45.137,BUY,7.046e-05,269.71870648
85488005,2017-12-24T15:40:49.463,SELL,7.045e-05,1e-07
85488006,2017-12-24T15:40:49.463,SELL,7.045e-05,217.29160539
85488007,2017-12-24T15:40:49.463,SELL,7.041e-05,8.17980401
85488011,2017-12-24T15:40:52.777,BUY,7.041e-05,130.66188227
85488013,2017-12-24T15:40:53.34,BUY,7.041e-05,3141.5961368
85488014,2017-12-24T15:40:53.34,BUY,7.045e-05,26.54598527
85488023,2017-12-24T15:40:57.34,BUY,7.045e-05,100.0
85488026,2017-12-24T15:40:58.057,BUY,7.045e-05,175.26856878
85488027,2017-12-24T15:40:58.057,BUY,7.045e-05,143.15977483
85488030,2017-12-24T15:41:00.29,BUY,7.045e-05,156.0
85488041,2017-12-24T15:41:03.933,BUY,7.044e-05,405.99991307
85488055,2017-12-24T15:41:06.323,SELL,7.04e-05,15.0
85488056,2017-12-24T15:41:06.323,SELL,7.04e-05,10.03729066
85488057,2017-12-24T15:41:06.323,SELL,7.04e-05,30.51083492
85488059,2017-12-24T15:41:06.447,BUY,7.044e-05,1075.44182917
85488060,2017-12-24T15:41:06.447,BUY,7.045e-05,1481.39562115
85488067,2017-12-24T15:41:08.713,BUY,7.045e-05,44.8321384
85488071,2017-12-24T15:41:10.93,BUY,7.045e-05,5367.11634681
85488074,2017-12-24T15:41:11.167,BUY,7.045e-05,143.21557408
85488079,2017-12-24T15:41:14.07,SELL,7.04e-05,182.02467644
85488086,2017-12-24T15:41:18.26,SELL,7.025e-05,10.35312705
85488087,2017-12-24T15:41:18.26,SELL,7.021e-05,490.68734367
85488122,2017-12-24T15:41:29.447,BUY,7.039e-05,1040.30337678
85488124,2017-12-24T15:41:31.383,SELL,7.028e-05,198.0
85488125,2017-12-24T15:41:31.383,SELL,7.027e-05,102.0
85488134,2017-12-24T15:41:37.633,BUY,7.039e-05,567.09412559
85488158,2017-12-24T15:41:46.04,SELL,7.03e-05,1418.91891892
85488185,2017-12-24T15:41:49.227,BUY,7.03e-05,570.41608288
85488189,2017-12-24T15:41:49.663,BUY,7.03e-05,100.0
85488192,2017-12-24T15:41:50.693,BUY,7.03e-05,1395.38018919
85488194,2017-12-24T15:41:50.833,BUY,7.03e-05,25.0
85488195,2017-12-24T15:41:51.38,SELL,7.027e-05,200.57967526
85488198,2017-12-24T15:41:51.803,BUY,7.03e-05,570.41608288
85488200,2017-12-24T15:41:51.82,BUY,7.03e-05,16584.14927086
85488201,2017-12-24T15:41:51.82,BUY,7.03e-05,63.99240872
85488218,2017-12-24T15:41:54.397,SELL,7.027e-05,197.37218
85488231,2017-12-24T15:41:56.333,BUY,7.039e-05,1.42124365
85488232,2017-12-24T15:41:56.333,BUY,7.039e-05,280.60571629
85488233,2017-12-24T15:41:56.333,BUY,7.04e-05,2870.46382339
85488234,2017-12-24T15:41:56.333,BUY,7.04e-05,5147.27569465
85488236,2017-12-24T15:41:56.473,BUY,7.04e-05,10027.521498
85488261,2017-12-24T15:41:58.927,BUY,7.04e-05,1742.76783138
85488262,2017-12-24T15:41:58.927,BUY,7.04e-05,10.0
85488284,2017-12-24T15:42:04.083,BUY,7.03e-05,1313.56659731
85488289,2017-12-24T15:42:04.66,BUY,7.03e-05,1342.91278305
85488294,2017-12-24T15:42:05.113,SELL,7.028e-05,196.0
85488295,2017-12-24T15:42:05.113,SELL,7.028e-05,426.16063799
85488296,2017-12-24T15:42:05.113,SELL,7.028e-05,563.43861305
85488301,2017-12-24T15:42:06.803,BUY,7.028e-05,570.57840959
85488319,2017-12-24T15:42:10.693,BUY,7.028e-05,766.45498628
85488327,2017-12-24T15:42:11.52,BUY,7.028e-05,97.29383926
85488338,2017-12-24T15:42:13.753,BUY,7.028e-05,316.40940088
85488339,2017-12-24T15:42:13.753,BUY,7.03e-05,184.5007275
85488342,2017-12-24T15:42:14.52,BUY,7.03e-05,4000.000001
85488353,2017-12-24T15:42:15.707,BUY,7.045e-05,570.55071912
85488389,2017-12-24T15:42:23.643,SELL,7.03e-05,500.0
85488394,2017-12-24T15:42:24.893,BUY,7.045e-05,50.0
85488404,2017-12-24T15:42:26.817,BUY,7.045e-05,148.44928088
85488405,2017-12-24T15:42:26.817,BUY,7.045e-05,26.31521424
85488406,2017-12-24T15:42:26.833,BUY,7.045e-05,1640.38774157
85488410,2017-12-24T15:42:28.91,SELL,7.031e-05,208.0
85488411,2017-12-24T15:42:28.927,SELL,7.03e-05,499.64755959
85488414,2017-12-24T15:42:30.223,BUY,7.045e-05,66.9115071
85488417,2017-12-24T15:42:31.58,BUY,7.045e-05,242.8941415
85488420,2017-12-24T15:42:32.487,BUY,7.045e-05,1009.33529664
85488422,2017-12-24T15:42:32.83,BUY,7.045e-05,2361.79625408
85488427,2017-12-24T15:42:34.69,BUY,7.045e-05,206.8147
85488433,2017-12-24T15:42:35.817,SELL,7.034e-05,14.04929577
85488440,2017-12-24T15:42:38.72,BUY,7.045e-05,140.0
85488445,2017-12-24T15:42:41.253,BUY,7.045e-05,40.11903939
85488447,2017-12-24T15:42:41.253,BUY,7.045e-05,1041.43941069
85488452,2017-12-24T15:42:45.08,BUY,7.045e-05,231.7437
85488458,2017-12-24T15:42:46.063,BUY,7.045e-05,178.40848552
85488467,2017-12-24T15:42:49.627,BUY,7.045e-05,495.56422995
85488477,2017-12-24T15:42:55.033,BUY,7.044e-05,73.43631234
85488478,2017-12-24T15:42:55.033,BUY,7.045e-05,60.243413
85488485,2017-12-24T15:43:00.033,SELL,7.04e-05,14.1792358
85488486,2017-12-24T15:43:00.033,SELL,7.04e-05,47.65467452
85488487,2017-12-24T15:43:00.033,SELL,7.04e-05,24.06462793
85488489,2017-12-24T15:43:00.283,BUY,7.045e-05,660.90461788
85488494,2017-12-24T15:43:02.953,SELL,7.04e-05,5.93537207
85488499,2017-12-24T15:43:03.83,BUY,7.04e-05,43.05926082
85488502,2017-12-24T15:43:04.72,BUY,7.04e-05,100.19291832
85488504,2017-12-24T15:43:04.797,BUY,7.04e-05,345.51955784
85488508,2017-12-24T15:43:05.33,BUY,7.04e-05,276.94921555
85488512,2017-12-24T15:43:08.843,BUY,7.04e-05,141.69133274
85488517,2017-12-24T15:43:13.86,BUY,7.04e-05,21.70330625
85488519,2017-12-24T15:43:15.093,BUY,7.04e-05,2109.66830088
85488520,2017-12-24T15:43:15.093,BUY,7.04e-05,49.68113206
85488521,2017-12-24T15:43:15.093,BUY,7.045e-05,9.47679321
85488522,2017-12-24T15:43:15.093,BUY,7.045e-05,130.0
85488523,2017-12-24T15:43:15.093,BUY,7.045e-05,132.46177447
85488524,2017-12-24T15:43:15.093,BUY,7.045e-05,15481.90945751
85488526,2017-12-24T15:43:15.937,BUY,7.045e-05,2.66973976
85488527,2017-12-24T15:43:15.937,BUY,7.045e-05,22.07020804
85488530,2017-12-24T15:43:17.267,SELL,7.045e-05,229.38623741
85488532,2017-12-24T15:43:17.797,SELL,7.045e-05,245.87381479
85488552,2017-12-24T15:43:25.25,BUY,7.045e-05,20.95841377
85488557,2017-12-24T15:43:29.547,BUY,7.045e-05,395.61885667
85488558,2017-12-24T15:43:29.547,BUY,7.045e-05,62.90760383
85488559,2017-12-24T15:43:29.547,BUY,7.046e-05,100.26335616
85488560,2017-12-24T15:43:29.547,BUY,7.046e-05,119.0
85488561,2017-12-24T15:43:29.547,BUY,7.046e-05,12123.78433227
85488562,2017-12-24T15:43:29.547,BUY,7.047e-05,3032.62070455
85488563,2017-12-24T15:43:29.547,BUY,7.047e-05,309.8481525
85488564,2017-12-24T15:43:29.547,BUY,7.048e-05,11584.52199402
85488573,2017-12-24T15:43:36.513,BUY,7.045e-05,107.8779276
85488581,2017-12-24T15:43:45.357,BUY,7.045e-05,460.0
85488583,2017-12-24T15:43:46.64,SELL,7.04e-05,101.73947408
85488584,2017-12-24T15:43:46.64,SELL,7.04e-05,275.0
85488585,2017-12-24T15:43:46.64,SELL,7.04e-05,2196.55210121
85488586,2017-12-24T15:43:46.64,SELL,7.04e-05,2467.17432471
85488589,2017-12-24T15:43:47.827,BUY,7.045e-05,70.0
85488591,2017-12-24T15:43:47.873,BUY,7.045e-05,25.39441022
85488603,2017-12-24T15:43:58.357,SELL,7.041e-05,43.0
85488604,2017-12-24T15:43:58.357,SELL,7.04e-05,284.8201308
85488606,2017-12-24T15:43:58.747,BUY,7.045e-05,700.0
85488611,2017-12-24T15:44:00.62,SELL,7.04e-05,1219.52629023
85488614,2017-12-24T15:44:03.06,SELL,7.034e-05,1381.01174596
85488615,2017-12-24T15:44:03.06,SELL,7.034e-05,284.14495404
85488624,2017-12-24T15:44:07.84,BUY,7.04e-05,200.0
85488628,2017-12-24T15:44:10.403,BUY,7.04e-05,63.75392768
85488629,2017-12-24T15:44:10.403,BUY,7.045e-05,147.14095123
85488631,2017-12-24T15:44:11.293,SELL,7.034e-05,2842.80565432
85488632,2017-12-24T15:44:11.293,SELL,7.03e-05,3817.24347419
85488633,2017-12-24T15:44:11.293,SELL,7.03e-05,141.69034091
85488634,2017-12-24T15:44:11.293,SELL,7.03e-05,121.43477027
85488635,2017-12-24T15:44:11.293,SELL,7.03e-05,443.59672879
85488638,2017-12-24T15:44:11.98,BUY,7.045e-05,3016.59079312
85488644,2017-12-24T15:44:14.013,BUY,7.045e-05,472.99591783
85488645,2017-12-24T15:44:14.013,BUY,7.045e-05,10.0
85488646,2017-12-24T15:44:14.013,BUY,7.045e-05,226.72729012
85488656,2017-12-24T15:44:16.12,BUY,7.045e-05,1363.94835541
85488657,2017-12-24T15:44:16.12,BUY,7.045e-05,187.60165701
85488665,2017-12-24T15:44:19.45,BUY,7.045e-05,12.39834299
85488666,2017-12-24T15:44:19.45,BUY,7.048e-05,22.23426365
85488678,2017-12-24T15:44:24.59,BUY,7.048e-05,198.63251908
85488679,2017-12-24T15:44:25.433,SELL,7.034e-05,25.57692308
85488683,2017-12-24T15:44:26.777,BUY,7.048e-05,760.72653822
85488702,2017-12-24T15:44:37.807,SELL,7.045e-05,110.0
85488703,2017-12-24T15:44:37.807,SELL,7.045e-05,709.72320795
85488704,2017-12-24T15:44:37.807,SELL,7.045e-05,141.58977999
85488705,2017-12-24T15:44:37.807,SELL,7.045e-05,181.5424533
85488706,2017-12-24T15:44:37.823,SELL,7.035e-05,338.81762612
85488715,2017-12-24T15:44:41.447,BUY,7.048e-05,67.86989217
85488722,2017-12-24T15:44:43.887,SELL,7.045e-05,439.6625578
85488724,2017-12-24T15:44:44.197,SELL,7.045e-05,193.073851
85488742,2017-12-24T15:44:50.963,BUY,7.045e-05,109.34640856
85488757,2017-12-24T15:44:53.963,BUY,7.045e-05,38.64921089
85488761,2017-12-24T15:44:56.963,SELL,7.035e-05,2497.0032694
85488762,2017-12-24T15:44:56.963,SELL,7.035e-05,3446.71179152
85488769,2017-12-24T15:44:58.963,BUY,7.045e-05,92.43207506
85488772,2017-12-24T15:44:59.43,SELL,7.035e-05,748.4721
85488774,2017-12-24T15:44:59.447,BUY,7.045e-05,9.91935522
85488776,2017-12-24T15:45:00.807,BUY,7.045e-05,90.06002719
85488777,2017-12-24T15:45:00.807,BUY,7.048e-05,159.93997281
85488787,2017-12-24T15:45:07.04,SELL,7.045e-05,965.69340976
85488791,2017-12-24T15:45:07.57,BUY,7.048e-05,143.3450525
85488792,2017-12-24T15:45:07.587,SELL,7.045e-05,393.40486918
85488795,2017-12-24T15:45:08.617,SELL,7.04e-05,429.65593658
85488797,2017-12-24T15:45:10.4,BUY,7.045e-05,419.48959865
85488801,2017-12-24T15:45:13.477,BUY,7.045e-05,432.13568985
85488808,2017-12-24T15:45:15.49,SELL,7.04e-05,458.09772565
85488812,2017-12-24T15:45:16.82,BUY,7.045e-05,14.13717317
85488816,2017-12-24T15:45:21.647,BUY,7.045e-05,347.84295471
85488822,2017-12-24T15:45:24.07,SELL,7.04e-05,700.0
85488824,2017-12-24T15:45:25.29,BUY,7.045e-05,401.74446778
85488826,2017-12-24T15:45:27.287,BUY,7.045e-05,42.54336082
85488827,2017-12-24T15:45:29.21,SELL,7.04e-05,136.09990844
85488828,2017-12-24T15:45:29.21,SELL,7.04e-05,63.79225817
85488829,2017-12-24T15:45:29.21,SELL,7.04e-05,49.81948537
85488832,2017-12-24T15:45:29.897,BUY,7.039e-05,99.87592588
85488833,2017-12-24T15:45:29.897,BUY,7.045e-05,125.7272769
85488835,2017-12-24T15:45:31.257,BUY,7.045e-05,35.0
85488842,2017-12-24T15:45:35.553,BUY,7.045e-05,11.75096061
85488844,2017-12-24T15:45:35.867,BUY,7.045e-05,184.06671398
85488861,2017-12-24T15:45:49.223,BUY,7.044e-05,1154.90497938
85488864,2017-12-24T15:45:51.24,SELL,7.04e-05,212.83783784
85488865,2017-12-24T15:45:51.24,SELL,7.04e-05,1000.0
85488866,2017-12-24T15:45:51.24,SELL,7.04e-05,29.23075833
85488867,2017-12-24T15:45:51.24,SELL,7.035e-05,2318.84500793
85488868,2017-12-24T15:45:51.397,SELL,7.035e-05,770.94328358
85488878,2017-12-24T15:45:56.41,BUY,7.039e-05,56.97151627
85488879,2017-12-24T15:45:56.503,SELL,7.04e-05,1033.143449
85488892,2017-12-24T15:46:06.52,SELL,7.04e-05,704.94006727
85488898,2017-12-24T15:46:10.41,BUY,7.044e-05,357.84338823
85488911,2017-12-24T15:46:20.69,BUY,7.044e-05,10.0
85488914,2017-12-24T15:46:21.817,BUY,7.044e-05,1359.78491889
85488940,2017-12-24T15:46:33.597,BUY,7.044e-05,8.61752768
85488942,2017-12-24T15:46:34.55,BUY,7.044e-05,1378.46701233
85488943,2017-12-24T15:46:34.55,BUY,7.044e-05,1250.49414255
85488944,2017-12-24T15:46:34.55,BUY,7.044e-05,150.0
85488945,2017-12-24T15:46:34.55,BUY,7.045e-05,2901.03884512
85488947,2017-12-24T15:46:36.64,SELL,7.044e-05,285.17394014
85488957,2017-12-24T15:46:39.75,BUY,7.045e-05,300.0
85488958,2017-12-24T15:46:40.14,SELL,7.044e-05,198.0103
85488959,2017-12-24T15:46:40.173,SELL,7.044e-05,30.0
85488967,2017-12-24T15:46:45.19,SELL,7.044e-05,43.0
85488968,2017-12-24T15:46:46.547,SELL,7.044e-05,936.14868895
85488982,2017-12-24T15:46:59.953,BUY,7.044e-05,3000.0
85488991,2017-12-24T15:47:01.093,BUY,7.044e-05,18.21131388
85489006,2017-12-24T15:47:08.25,BUY,7.044e-05,562.78868612
85489007,2017-12-24T15:47:08.25,BUY,7.044e-05,63.13166132
85489008,2017-12-24T15:47:08.25,BUY,7.044e-05,2515.13942719
85489009,2017-12-24T15:47:08.717,SELL,7.04e-05,997.66668763
85489010,2017-12-24T15:47:08.717,SELL,7.04e-05,56.67613636
85489011,2017-12-24T15:47:08.717,SELL,7.04e-05,1920.50210869
85489035,2017-12-24T15:47:18.357,BUY,7.044e-05,9.2139885
85489044,2017-12-24T15:47:19.653,BUY,7.044e-05,300.0
85489046,2017-12-24T15:47:20.623,BUY,7.044e-05,734.12969549
85489069,2017-12-24T15:47:27.73,SELL,7.041e-05,108.16112882
85489095,2017-12-24T15:47:36.31,BUY,7.044e-05,1982.53833049
85489103,2017-12-24T15:47:40.2,BUY,7.044e-05,12.31433058
85489106,2017-12-24T15:47:41.793,BUY,7.044e-05,8.0
85489108,2017-12-24T15:47:41.823,BUY,7.044e-05,141.60988075
85489109,2017-12-24T15:47:42.48,SELL,7.041e-05,33.71058217
85489110,2017-12-24T15:47:42.48,SELL,7.04e-05,324.28941783
85489118,2017-12-24T15:47:43.247,BUY,7.044e-05,797.89196286
85489134,2017-12-24T15:47:46.713,SELL,7.041e-05,70.83510865
85489135,2017-12-24T15:47:46.713,SELL,7.04e-05,27.34305322
85489150,2017-12-24T15:47:51.59,BUY,7.043e-05,33.86376085
85489160,2017-12-24T15:47:54.887,SELL,7.04e-05,3026.89778706
85489164,2017-12-24T15:47:55.4,SELL,7.041e-05,312.47264806
85489165,2017-12-24T15:47:55.887,SELL,7.04e-05,99.43181818
85489166,2017-12-24T15:47:56.527,SELL,7.04e-05,127.19029245
85489169,2017-12-24T15:47:58.09,SELL,7.04e-05,89.84712
85489171,2017-12-24T15:47:58.137,BUY,7.043e-05,40.8136335
85489172,2017-12-24T15:47:58.137,BUY,7.044e-05,959.1863665
85489177,2017-12-24T15:48:02.243,BUY,7.043e-05,100.0
85489182,2017-12-24T15:48:06.557,BUY,7.041e-05,72.09872781
85489185,2017-12-24T15:48:07.963,BUY,7.041e-05,123.32606261
85489202,2017-12-24T15:48:17.15,BUY,7.041e-05,470.43069024
85489209,2017-12-24T15:48:19.01,BUY,7.041e-05,225.33058066
85489212,2017-12-24T15:48:19.947,BUY,7.041e-05,467.91221762
85489213,2017-12-24T15:48:19.947,BUY,7.041e-05,495.83525548
85489214,2017-12-24T15:48:19.947,BUY,7.041e-05,455.90045421
85489218,2017-12-24T15:48:20.837,BUY,7.041e-05,1000.0
85489225,2017-12-24T15:48:27.163,BUY,7.041e-05,40.40307094
85489229,2017-12-24T15:48:27.93,BUY,7.041e-05,8.73736898
85489237,2017-12-24T15:48:31.523,SELL,7.04e-05,1517.69962649
85489238,2017-12-24T15:48:31.523,SELL,7.04e-05,17.0
85489239,2017-12-24T15:48:31.523,SELL,7.04e-05,103.7435115
85489240,2017-12-24T15:48:31.523,SELL,7.04e-05,1000.0
85489241,2017-12-24T15:48:31.523,SELL,7.04e-05,141.87171099
85489242,2017-12-24T15:48:31.523,SELL,7.039e-05,9453.5294186
85489245,2017-12-24T15:48:32.303,BUY,7.039e-05,836.05339309
85489249,2017-12-24T15:48:34.227,BUY,7.041e-05,2278.00881575
85489250,2017-12-24T15:48:34.227,BUY,7.041e-05,500.0
85489251,2017-12-24T15:48:34.227,BUY,7.041e-05,1608.77694823
85489252,2017-12-24T15:48:34.227,BUY,7.041e-05,1060.21483477
85489253,2017-12-24T15:48:34.227,BUY,7.041e-05,47.0
85489272,2017-12-24T15:48:44.68,BUY,7.043e-05,594.79616113
85489273,2017-12-24T15:48:44.68,BUY,7.043e-05,70.06749294
85489291,2017-12-24T15:49:01.43,BUY,7.044e-05,51.26627054
85489292,2017-12-24T15:49:01.43,BUY,7.044e-05,243.90897622
85489293,2017-12-24T15:49:01.43,BUY,7.044e-05,13.37650819
85489294,2017-12-24T15:49:01.43,BUY,7.044e-05,157.03148
85489295,2017-12-24T15:49:01.43,BUY,7.044e-05,75.39447236
85489296,2017-12-24T15:49:01.43,BUY,7.044e-05,100.09980179
85489297,2017-12-24T15:49:01.43,BUY,7.044e-05,110.08102897
85489302,2017-12-24T15:49:07.977,BUY,7.044e-05,40.77152086
85489304,2017-12-24T15:49:12.35,SELL,7.043e-05,841.46601049
85489305,2017-12-24T15:49:12.35,SELL,7.043e-05,28.32599744
85489306,2017-12-24T15:49:12.35,SELL,7.043e-05,179.21971887
85489310,2017-12-24T15:49:14.803,BUY,7.043e-05,468.16620401
85489314,2017-12-24T15:49:17.63,SELL,7.041e-05,34.36596816
85489318,2017-12-24T15:49:19.413,BUY,7.043e-05,898.75063727
85489319,2017-12-24T15:49:19.413,BUY,7.043e-05,586.86439156
85489320,2017-12-24T15:49:19.413,BUY,7.043e-05,34.0
85489322,2017-12-24T15:49:21.037,SELL,7.043e-05,215.42646103
85489326,2017-12-24T15:49:23.787,BUY,7.044e-05,313.9335216
85489327,2017-12-24T15:49:23.787,BUY,7.044e-05,432.88856924
85489331,2017-12-24T15:49:28.257,BUY,7.044e-05,7575.61030543
85489332,2017-12-24T15:49:28.257,BUY,7.044e-05,355.79926178
85489333,2017-12-24T15:49:28.257,BUY,7.044e-05,1280.0
85489335,2017-12-24T15:49:28.49,SELL,7.044e-05,2180.51917667
85489337,2017-12-24T15:49:28.943,SELL,7.044e-05,134.49271277
85489349,2017-12-24T15:49:32.333,BUY,7.045e-05,512.29220382
85489350,2017-12-24T15:49:32.333,BUY,7.045e-05,500.0
85489351,2017-12-24T15:49:32.333,BUY,7.045e-05,355.74875798
85489352,2017-12-24T15:49:32.333,BUY,7.045e-05,355.74875798
85489353,2017-12-24T15:49:32.333,BUY,7.045e-05,355.74875798
85489354,2017-12-24T15:49:32.333,BUY,7.048e-05,1611.00429607
85489355,2017-12-24T15:49:32.333,BUY,7.048e-05,920.66789315
85489356,2017-12-24T15:49:32.333,BUY,7.049e-05,500.0
85489357,2017-12-24T15:49:32.333,BUY,7.05e-05,400.0
85489358,2017-12-24T15:49:32.333,BUY,7.05e-05,105.70322958
85489359,2017-12-24T15:49:32.333,BUY,7.05e-05,43.05755397
85489360,2017-12-24T15:49:32.35,BUY,7.052e-05,500.0
85489361,2017-12-24T15:49:32.35,BUY,7.054e-05,80.07658259
85489362,2017-12-24T15:49:32.35,BUY,7.054e-05,207.94196688
85489376,2017-12-24T15:49:38.24,SELL,7.045e-05,50.0
85489377,2017-12-24T15:49:38.24,SELL,7.045e-05,124.72884422
85489379,2017-12-24T15:49:38.41,BUY,7.045e-05,325.27115578
85489384,2017-12-24T15:49:41.88,SELL,7.045e-05,199.91789696
85489388,2017-12-24T15:49:43.333,BUY,7.053e-05,2793.94
85489395,2017-12-24T15:49:45.66,SELL,7.045e-05,221.69736396
85489405,2017-12-24T15:49:53.067,SELL,7.046e-05,500.0
85489413,2017-12-24T15:49:56.02,BUY,7.054e-05,117.40659296
85489418,2017-12-24T15:49:57.13,BUY,7.054e-05,328.95815465
85489421,2017-12-24T15:49:58.63,BUY,7.054e-05,200.0
85489423,2017-12-24T15:49:58.643,BUY,7.054e-05,100.0
85489431,2017-12-24T15:50:01.177,SELL,7.053e-05,22.55185354
85489434,2017-12-24T15:50:01.987,SELL,7.053e-05,97.44814646
85489435,2017-12-24T15:50:02.003,SELL,7.046e-05,104.88833203
85489436,2017-12-24T15:50:02.003,SELL,7.045e-05,158.7535322
85489437,2017-12-24T15:50:02.003,SELL,7.045e-05,68.56592581
85489443,2017-12-24T15:50:05.33,BUY,7.053e-05,91.72297132
85489446,2017-12-24T15:50:06.707,SELL,7.045e-05,4.01851741
85489447,2017-12-24T15:50:06.707,SELL,7.044e-05,13.39869214
85489452,2017-12-24T15:50:09.16,BUY,7.053e-05,12.85677552
85489455,2017-12-24T15:50:10.957,SELL,7.044e-05,76.0
85489458,2017-12-24T15:50:13.987,BUY,7.054e-05,17691.01003192
85489465,2017-12-24T15:50:17.44,SELL,7.054e-05,65.62404767
85489470,2017-12-24T15:50:20.017,BUY,7.055e-05,141.42917907
85489474,2017-12-24T15:50:21.393,SELL,7.054e-05,1000.0
85489477,2017-12-24T15:50:22.097,BUY,7.055e-05,569.01302339
85489481,2017-12-24T15:50:24.5,SELL,7.054e-05,2328.45035725
85489482,2017-12-24T15:50:24.5,SELL,7.054e-05,671.54964275
85489484,2017-12-24T15:50:24.987,SELL,7.054e-05,429.1944372
85489491,2017-12-24T15:50:31.017,SELL,7.054e-05,429.1944372
85489503,2017-12-24T15:50:41.267,SELL,7.054e-05,200.0
85489506,2017-12-24T15:50:42.657,BUY,7.055e-05,102.60405386
85489508,2017-12-24T15:50:42.86,BUY,7.055e-05,102.60411056
85489511,2017-12-24T15:50:43.58,SELL,7.054e-05,3570.118471
85489515,2017-12-24T15:50:45.203,SELL,7.054e-05,5021.986354
85489516,2017-12-24T15:50:46.157,SELL,7.054e-05,19.53852102
85489519,2017-12-24T15:50:48.39,BUY,7.055e-05,3961.13131786
85489521,2017-12-24T15:50:49.733,BUY,7.055e-05,115.91671084
85489524,2017-12-24T15:50:50.767,BUY,7.055e-05,1544.07627215
85489535,2017-12-24T15:50:55.187,BUY,7.055e-05,3199.48894851
85489538,2017-12-24T15:50:57.843,SELL,7.054e-05,1913.65347
85489540,2017-12-24T15:50:58.407,BUY,7.055e-05,63.45796669
85489541,2017-12-24T15:50:58.687,SELL,7.054e-05,200.0
85489547,2017-12-24T15:51:01.89,BUY,7.055e-05,98.9740567
85489551,2017-12-24T15:51:09.217,BUY,7.055e-05,51.56236328
85489554,2017-12-24T15:51:12.06,BUY,7.055e-05,250.37433806
85489558,2017-12-24T15:51:14.543,SELL,7.054e-05,333.18651019
85489561,2017-12-24T15:51:15.437,BUY,7.055e-05,813.6819528
85489562,2017-12-24T15:51:15.437,BUY,7.055e-05,5000.0
85489563,2017-12-24T15:51:15.437,BUY,7.055e-05,355.24450744
85489564,2017-12-24T15:51:15.437,BUY,7.055e-05,690.32388793
85489565,2017-12-24T15:51:15.437,BUY,7.055e-05,337.02506731
85489566,2017-12-24T15:51:15.437,BUY,7.056e-05,311.99197002
85489567,2017-12-24T15:51:15.67,SELL,7.06e-05,4189.03249064
85489569,2017-12-24T15:51:15.857,SELL,7.06e-05,286.17903683
85489572,2017-12-24T15:51:17.09,SELL,7.06e-05,1590.67564553
85489586,2017-12-24T15:51:21.45,SELL,7.06e-05,1250.0
85489597,2017-12-24T15:51:25.293,SELL,7.06e-05,225.083865
85489598,2017-12-24T15:51:25.327,SELL,7.06e-05,602.27585716
85489601,2017-12-24T15:51:26.373,BUY,7.064e-05,6049.07398322
85489602,2017-12-24T15:51:26.403,SELL,7.06e-05,9560.22555
85489604,2017-12-24T15:51:27.92,SELL,7.06e-05,2979.745332
85489605,2017-12-24T15:51:28.28,SELL,7.06e-05,5170.901867
85489607,2017-12-24T15:51:28.293,BUY,7.064e-05,179.17805563
85489619,2017-12-24T15:51:35.637,SELL,7.06e-05,140.34144595
85489620,2017-12-24T15:51:35.95,SELL,7.06e-05,1048.5991
85489622,2017-12-24T15:51:36.433,SELL,7.06e-05,149.17914177
85489625,2017-12-24T15:51:37.857,SELL,7.06e-05,293.6077
85489627,2017-12-24T15:51:38.28,SELL,7.06e-05,1460.59329885
85489628,2017-12-24T15:51:39.403,SELL,7.06e-05,1166.80311529
85489630,2017-12-24T15:51:39.62,BUY,7.064e-05,32.62604473
85489631,2017-12-24T15:51:40.37,SELL,7.06e-05,82.2102
85489633,2017-12-24T15:51:40.823,SELL,7.06e-05,10000.0
85489635,2017-12-24T15:51:42.06,SELL,7.06e-05,382.6588
85489636,2017-12-24T15:51:42.06,SELL,7.06e-05,1449.320221
85489643,2017-12-24T15:51:43.777,SELL,7.06e-05,445.19509147
85489644,2017-12-24T15:51:44.45,SELL,7.06e-05,327.9192
85489649,2017-12-24T15:51:46.417,SELL,7.061e-05,706.5503
85489650,2017-12-24T15:51:46.98,SELL,7.061e-05,2657.32512345
85489651,2017-12-24T15:51:46.98,SELL,7.06e-05,2677.95235536
85489654,2017-12-24T15:51:48.357,BUY,7.064e-05,292.53928875
85489655,2017-12-24T15:51:48.747,SELL,7.06e-05,5441.45563416
85489657,2017-12-24T15:51:49.34,SELL,7.06e-05,197.834
85489658,2017-12-24T15:51:49.4,SELL,7.06e-05,312.47264806
85489664,2017-12-24T15:51:52.183,BUY,7.064e-05,385.21643192
85489665,2017-12-24T15:51:52.183,BUY,7.065e-05,248.99010056
85489666,2017-12-24T15:51:52.183,BUY,7.065e-05,73.50755103
85489667,2017-12-24T15:51:52.433,SELL,7.061e-05,50.0
85489668,2017-12-24T15:51:52.433,SELL,7.06e-05,792.886891
85489670,2017-12-24T15:51:53.793,SELL,7.061e-05,3000.0
85489671,2017-12-24T15:51:53.793,SELL,7.06e-05,1589.468461
85489672,2017-12-24T15:51:53.793,SELL,7.06e-05,105.97556599
85489678,2017-12-24T15:51:57.4,BUY,7.061e-05,380.0
85489679,2017-12-24T15:51:57.433,SELL,7.061e-05,576.52692112
85489680,2017-12-24T15:51:57.433,SELL,7.06e-05,510.39353888
85489681,2017-12-24T15:51:58.76,SELL,7.06e-05,5992.5094
85489682,2017-12-24T15:51:59.76,SELL,7.06e-05,3725.983016
85489683,2017-12-24T15:51:59.947,SELL,7.06e-05,436.6994765
85489685,2017-12-24T15:51:59.947,BUY,7.065e-05,332.88420488
85489687,2017-12-24T15:52:00.947,SELL,7.06e-05,1479.3263
85489694,2017-12-24T15:52:02.26,SELL,7.06e-05,791.818295
85489701,2017-12-24T15:52:04.59,BUY,7.065e-05,424.64421508
85489702,2017-12-24T15:52:04.9,SELL,7.065e-05,140.11162356
85489703,2017-12-24T15:52:04.9,SELL,7.06e-05,294.90483844
85489708,2017-12-24T15:52:06.027,SELL,7.06e-05,928.35
85489715,2017-12-24T15:52:08.603,SELL,7.061e-05,283.17955997
85489716,2017-12-24T15:52:08.603,SELL,7.06e-05,116.93805303
85489718,2017-12-24T15:52:09.79,SELL,7.06e-05,350.0
85489719,2017-12-24T15:52:09.917,SELL,7.06e-05,707.5480986
85489721,2017-12-24T15:52:09.947,SELL,7.06e-05,443.7940083
85489730,2017-12-24T15:52:12.79,SELL,7.06e-05,21.742281
85489735,2017-12-24T15:52:15.18,SELL,7.06e-05,237.57683408
85489743,2017-12-24T15:52:18.51,SELL,7.06e-05,115.59944827
85489745,2017-12-24T15:52:19.243,SELL,7.06e-05,699.782486
85489751,2017-12-24T15:52:21.523,SELL,7.06e-05,1382.106738
85489758,2017-12-24T15:52:23.197,SELL,7.06e-05,19720.340729
85489759,2017-12-24T15:52:24.32,SELL,7.06e-05,285.622198
85489765,2017-12-24T15:52:25.163,SELL,7.06e-05,225.2974
85489771,2017-12-24T15:52:27.96,BUY,7.067e-05,22.89550403
85489786,2017-12-24T15:52:38.18,SELL,7.061e-05,144.52496432
85489787,2017-12-24T15:52:38.18,SELL,7.06e-05,2422.76807983
85489790,2017-12-24T15:52:40.383,SELL,7.06e-05,478.703369
85489818,2017-12-24T15:52:47.413,BUY,7.066e-05,10.6896374
85489820,2017-12-24T15:52:47.617,SELL,7.064e-05,500.0
85489822,2017-12-24T15:52:48.117,SELL,7.061e-05,261.55026617
85489824,2017-12-24T15:52:49.897,SELL,7.061e-05,1754.56672518
85489834,2017-12-24T15:52:53.1,SELL,7.061e-05,2983.88300865
85489835,2017-12-24T15:52:53.1,SELL,7.061e-05,141.30896728
85489836,2017-12-24T15:52:53.1,SELL,7.06e-05,1912.7835067
85489843,2017-12-24T15:52:55.367,BUY,7.061e-05,197.88678509
85489844,2017-12-24T15:52:55.367,BUY,7.061e-05,800.0
85489845,2017-12-24T15:52:55.367,BUY,7.064e-05,576.3070233
85489849,2017-12-24T15:52:56.49,BUY,7.064e-05,131.58696977
85489850,2017-12-24T15:52:56.723,SELL,7.064e-05,23.03682695
85489851,2017-12-24T15:52:56.723,SELL,7.06e-05,5310.53463505
85489860,2017-12-24T15:53:01.287,BUY,7.066e-05,63.96133683
85489861,2017-12-24T15:53:01.287,BUY,7.066e-05,3000.0
85489862,2017-12-24T15:53:01.943,SELL,7.06e-05,2597.251253
85489863,2017-12-24T15:53:01.96,SELL,7.06e-05,3027.48326211
85489867,2017-12-24T15:53:04.677,SELL,7.066e-05,4747.66943928
85489878,2017-12-24T15:53:08.91,SELL,7.066e-05,3720.38009334
85489879,2017-12-24T15:53:08.91,SELL,7.064e-05,276.09243877
85489880,2017-12-24T15:53:08.91,SELL,7.06e-05,6142.16681089
85489882,2017-12-24T15:53:09.223,SELL,7.06e-05,19201.0
85489899,2017-12-24T15:53:14.24,BUY,7.067e-05,32.07413667
85489900,2017-12-24T15:53:14.24,BUY,7.067e-05,19.42287395
85489901,2017-12-24T15:53:14.24,BUY,7.069e-05,9.68699237
85489908,2017-12-24T15:53:16.473,BUY,7.069e-05,21.68836479
85489911,2017-12-24T15:53:17.957,SELL,7.066e-05,100.0
85489912,2017-12-24T15:53:17.957,SELL,7.06e-05,303.06788612
85489913,2017-12-24T15:53:17.957,SELL,7.06e-05,220.45301027
85489914,2017-12-24T15:53:17.957,SELL,7.06e-05,137.20564183
85489933,2017-12-24T15:53:23.143,BUY,7.067e-05,100.0
85489934,2017-12-24T15:53:23.143,BUY,7.069e-05,123.7
85489936,2017-12-24T15:53:23.63,SELL,7.06e-05,18.0
85489939,2017-12-24T15:53:24.003,BUY,7.067e-05,165.62683728
85489941,2017-12-24T15:53:26.05,SELL,7.06e-05,72.9081967
85489942,2017-12-24T15:53:26.05,SELL,7.06e-05,91.60822415
85489943,2017-12-24T15:53:26.05,SELL,7.06e-05,70.47408144
85489944,2017-12-24T15:53:26.05,SELL,7.06e-05,95.23497025
85489945,2017-12-24T15:53:26.05,SELL,7.06e-05,184.094983
85489946,2017-12-24T15:53:26.05,SELL,7.06e-05,1776.77426877
85489947,2017-12-24T15:53:26.05,SELL,7.06e-05,6769.00086775
85489948,2017-12-24T15:53:26.24,SELL,7.06e-05,500.0
85489951,2017-12-24T15:53:27.973,BUY,7.067e-05,378.44517652
85489952,2017-12-24T15:53:28.52,SELL,7.06e-05,500.0
85489960,2017-12-24T15:53:33.19,SELL,7.06e-05,431.6517457
85489965,2017-12-24T15:53:35.393,BUY,7.067e-05,0.94854247
85489966,2017-12-24T15:53:35.393,BUY,7.067e-05,351.92396354
85489970,2017-12-24T15:53:37.427,SELL,7.065e-05,30.84823461
85489971,2017-12-24T15:53:37.427,SELL,7.06e-05,88.15176539
85489973,2017-12-24T15:53:38.567,SELL,7.06e-05,874.039252
85489977,2017-12-24T15:53:40.13,SELL,7.06e-05,838.106635
85489978,2017-12-24T15:53:40.55,SELL,7.06e-05,414.51535704
85489979,2017-12-24T15:53:40.55,SELL,7.06e-05,17.13638866
85489981,2017-12-24T15:53:42.05,BUY,7.067e-05,209.6662569
85489983,2017-12-24T15:53:42.05,BUY,7.067e-05,767.50271622
85489984,2017-12-24T15:53:42.05,BUY,7.067e-05,95.40816327
85489985,2017-12-24T15:53:42.05,BUY,7.067e-05,279.890008
85490001,2017-12-24T15:53:47.423,SELL,7.061e-05,75.0
85490002,2017-12-24T15:53:47.423,SELL,7.06e-05,32.86361134
85490003,2017-12-24T15:53:47.423,SELL,7.06e-05,61.49940722
85490004,2017-12-24T15:53:47.423,SELL,7.06e-05,3061.19115616
85490005,2017-12-24T15:53:47.423,SELL,7.06e-05,171.0
85490006,2017-12-24T15:53:47.423,SELL,7.06e-05,4132.1693233
85490007,2017-12-24T15:53:47.423,SELL,7.06e-05,2316.32374002
85490019,2017-12-24T15:53:55.707,SELL,7.06e-05,16.42958748
85490028,2017-12-24T15:54:05.283,SELL,7.061e-05,243.78659887
85490030,2017-12-24T15:54:07.033,SELL,7.061e-05,1168.90282189
85490031,2017-12-24T15:54:07.033,SELL,7.06e-05,714.86179715
85490032,2017-12-24T15:54:07.033,SELL,7.06e-05,29.99140581
85490033,2017-12-24T15:54:07.033,SELL,7.06e-05,284.92965829
85490034,2017-12-24T15:54:07.033,SELL,7.06e-05,100.0
85490035,2017-12-24T15:54:07.033,SELL,7.059e-05,7.98810339
85490036,2017-12-24T15:54:07.033,SELL,7.059e-05,63.63883696
85490037,2017-12-24T15:54:07.033,SELL,7.056e-05,170.63123583
85490038,2017-12-24T15:54:07.033,SELL,7.055e-05,7.06945429
85490039,2017-12-24T15:54:07.033,SELL,7.055e-05,2502.56136782
85490040,2017-12-24T15:54:07.033,SELL,7.055e-05,12.72501772
85490041,2017-12-24T15:54:07.033,SELL,7.054e-05,15044.63245664
85490042,2017-12-24T15:54:07.033,SELL,7.054e-05,250.0
85490043,2017-12-24T15:54:07.033,SELL,7.054e-05,347.69818188
85490044,2017-12-24T15:54:07.033,SELL,7.054e-05,149.52001906
85490045,2017-12-24T15:54:07.033,SELL,7.054e-05,763.01835094
85490047,2017-12-24T15:54:07.907,BUY,7.054e-05,3.3e-07
85490055,2017-12-24T15:54:11.707,SELL,7.062e-05,100.0
85490067,2017-12-24T15:54:19.127,SELL,7.062e-05,41.28895151
85490068,2017-12-24T15:54:19.127,SELL,7.061e-05,6249.78717649
85490070,2017-12-24T15:54:20.5,SELL,7.061e-05,429.65593651
85490071,2017-12-24T15:54:21.097,SELL,7.061e-05,1940.405294
85490092,2017-12-24T15:54:39.267,SELL,7.062e-05,2675.17261886
85490096,2017-12-24T15:54:40.687,SELL,7.062e-05,330.0
85490098,2017-12-24T15:54:44.61,SELL,7.062e-05,690.539008
85490101,2017-12-24T15:54:46,BUY,7.066e-05,1411.68978205
85490109,2017-12-24T15:54:50.343,SELL,7.062e-05,2839.54114148
85490116,2017-12-24T15:54:53.86,SELL,7.062e-05,28.08200419
85490119,2017-12-24T15:54:56.39,SELL,7.062e-05,5427.3801705
85490120,2017-12-24T15:54:56.39,SELL,7.062e-05,50.0
85490121,2017-12-24T15:54:56.39,SELL,7.062e-05,98.87425658
85490122,2017-12-24T15:54:56.39,SELL,7.061e-05,1381.12733086
85490123,2017-12-24T15:54:56.39,SELL,7.061e-05,3899.25895306
85490127,2017-12-24T15:55:00.31,BUY,7.064e-05,1412.68942076
85490129,2017-12-24T15:55:01.61,SELL,7.061e-05,53.90794576
85490130,2017-12-24T15:55:01.61,SELL,7.061e-05,946.09205424
85490135,2017-12-24T15:55:07.093,SELL,7.061e-05,466.59736652
85490136,2017-12-24T15:55:07.093,SELL,7.06e-05,34.74846353
85490137,2017-12-24T15:55:07.093,SELL,7.06e-05,200.0
85490138,2017-12-24T15:55:07.093,SELL,7.06e-05,141.42916995
85490139,2017-12-24T15:55:07.31,SELL,7.06e-05,9.12e-06
85490146,2017-12-24T15:55:11.233,SELL,7.055e-05,11461.928076
85490148,2017-12-24T15:55:12.17,SELL,7.055e-05,1.9e-07
85490149,2017-12-24T15:55:12.17,SELL,7.054e-05,429.65593641
85490152,2017-12-24T15:55:12.827,BUY,7.062e-05,50.0
85490158,2017-12-24T15:55:13.937,SELL,7.061e-05,282.53788415
85490161,2017-12-24T15:55:15.263,SELL,7.06e-05,55.38922156
85490162,2017-12-24T15:55:15.263,SELL,7.054e-05,553.14543303
85490163,2017-12-24T15:55:15.263,SELL,7.054e-05,100.0
85490164,2017-12-24T15:55:15.263,SELL,7.053e-05,110.0
85490165,2017-12-24T15:55:15.263,SELL,7.053e-05,55.17958422
85490166,2017-12-24T15:55:15.263,SELL,7.053e-05,22.67396162
85490167,2017-12-24T15:55:15.263,SELL,7.05e-05,829.10289894
85490168,2017-12-24T15:55:15.263,SELL,7.05e-05,100.0
85490169,2017-12-24T15:55:15.263,SELL,7.045e-05,130.0
85490170,2017-12-24T15:55:15.263,SELL,7.045e-05,211.0
85490171,2017-12-24T15:55:15.263,SELL,7.043e-05,476.67608463
85490173,2017-12-24T15:55:16.513,BUY,7.05e-05,15.81974203
85490177,2017-12-24T15:55:18.373,SELL,7.043e-05,391.5352028
85490178,2017-12-24T15:55:19.043,SELL,7.043e-05,20.0
85490180,2017-12-24T15:55:19.56,SELL,7.06e-05,10.0
85490183,2017-12-24T15:55:21.637,SELL,7.06e-05,273.34425496
85490185,2017-12-24T15:55:23.967,SELL,7.043e-05,250.0
85490187,2017-12-24T15:55:24.607,BUY,7.062e-05,141.5428167
85490193,2017-12-24T15:55:26.607,SELL,7.05e-05,100.37025367
85490194,2017-12-24T15:55:26.607,SELL,7.043e-05,329.28568293
85490196,2017-12-24T15:55:27.2,BUY,7.06e-05,180.60147238
85490203,2017-12-24T15:55:32.013,BUY,7.059e-05,400.0
85490215,2017-12-24T15:55:33.59,BUY,7.059e-05,135.30430327
85490225,2017-12-24T15:55:37.37,BUY,7.056e-05,24.29058755
85490227,2017-12-24T15:55:38.857,SELL,7.05e-05,429.1944372
85490238,2017-12-24T15:55:43.45,BUY,7.054e-05,376.21654018
85490240,2017-12-24T15:55:44.76,BUY,7.054e-05,1651.85523075
85490242,2017-12-24T15:55:47.777,SELL,7.056e-05,325.12277546
85490243,2017-12-24T15:55:49.37,SELL,7.056e-05,429.1944372
85490244,2017-12-24T15:55:49.463,SELL,7.056e-05,22.50354617
85490245,2017-12-24T15:55:49.463,SELL,7.05e-05,5.48971062
85490256,2017-12-24T15:55:58.493,SELL,7.058e-05,223.72400113
85490259,2017-12-24T15:56:01.197,SELL,7.056e-05,10.0
85490261,2017-12-24T15:56:01.697,BUY,7.058e-05,39.01498194
85490265,2017-12-24T15:56:04.48,BUY,7.058e-05,522.33170387
85490266,2017-12-24T15:56:05.057,SELL,7.056e-05,18.27380952
85490268,2017-12-24T15:56:06.04,BUY,7.056e-05,200.0
85490279,2017-12-24T15:56:15.227,BUY,7.055e-05,63.59803713
85490280,2017-12-24T15:56:15.273,SELL,7.054e-05,9210.92909
85490281,2017-12-24T15:56:16.04,SELL,7.054e-05,6946.921964
85490284,2017-12-24T15:56:17.133,SELL,7.054e-05,5000.0
85490286,2017-12-24T15:56:17.273,BUY,7.055e-05,347.67
85490287,2017-12-24T15:56:17.51,SELL,7.054e-05,1242.148946
85490288,2017-12-24T15:56:17.51,SELL,7.05e-05,22.35648622
85490289,2017-12-24T15:56:17.51,SELL,7.05e-05,431.06786225
85490290,2017-12-24T15:56:17.51,SELL,7.05e-05,30.0
85490293,2017-12-24T15:56:18.18,SELL,7.044e-05,378.44517652
85490294,2017-12-24T15:56:18.18,SELL,7.043e-05,834.67021364
85490295,2017-12-24T15:56:18.18,SELL,7.043e-05,1600.47086584
85490312,2017-12-24T15:56:21.853,BUY,7.054e-05,323.83916667
85490315,2017-12-24T15:56:22.43,SELL,7.043e-05,244.53928493
85490322,2017-12-24T15:56:23.93,BUY,7.053e-05,1000.0
85490328,2017-12-24T15:56:25.867,SELL,7.043e-05,15.05036489
85490344,2017-12-24T15:56:31.773,SELL,7.043e-05,100.0
85490347,2017-12-24T15:56:32.197,BUY,7.053e-05,137.95333097
85490373,2017-12-24T15:56:42.413,SELL,7.043e-05,2045.0
85490385,2017-12-24T15:56:47.18,BUY,7.05e-05,447.85995532
85490388,2017-12-24T15:56:49.163,SELL,7.043e-05,27.66929049
85490389,2017-12-24T15:56:49.163,SELL,7.043e-05,19.09960244
85490390,2017-12-24T15:56:49.163,SELL,7.043e-05,848.86938414
85490392,2017-12-24T15:56:49.35,BUY,7.043e-05,300.0
85490395,2017-12-24T15:56:50.477,BUY,7.043e-05,61.93310657
85490397,2017-12-24T15:56:50.57,BUY,7.043e-05,168.03959249
85490399,2017-12-24T15:56:50.68,SELL,7.043e-05,133.45467629
85490401,2017-12-24T15:56:51.35,BUY,7.043e-05,161.83296396
85490403,2017-12-24T15:56:51.35,BUY,7.05e-05,1893.76540236
85490404,2017-12-24T15:56:51.35,BUY,7.054e-05,5676.16083333
85490405,2017-12-24T15:56:51.35,BUY,7.056e-05,496.67745195
85490406,2017-12-24T15:56:51.35,BUY,7.056e-05,816.5297948
85490407,2017-12-24T15:56:51.35,BUY,7.058e-05,893.45068548
85490408,2017-12-24T15:56:51.35,BUY,7.058e-05,4125.01963208
85490412,2017-12-24T15:56:54.32,SELL,7.043e-05,427.8158683
85490423,2017-12-24T15:57:06.147,SELL,7.044e-05,114.73191158
85490425,2017-12-24T15:57:06.88,SELL,7.044e-05,1027.64318777
85490433,2017-12-24T15:57:12.693,BUY,7.05e-05,7.24368794
85490440,2017-12-24T15:57:16.457,BUY,7.05e-05,492.75631206
85490441,2017-12-24T15:57:16.457,BUY,7.05e-05,75.0
85490442,2017-12-24T15:57:16.457,BUY,7.05e-05,52.42222287
85490445,2017-12-24T15:57:17.427,SELL,7.053e-05,421.41397388
85490463,2017-12-24T15:57:21.6,SELL,7.053e-05,228.11383853
85490474,2017-12-24T15:57:24.537,SELL,7.053e-05,6788.90815266
85490484,2017-12-24T15:57:28.27,BUY,7.053e-05,28.7818005
85490491,2017-12-24T15:57:32.613,BUY,7.053e-05,1046.57592514
85490494,2017-12-24T15:57:33.49,BUY,7.052e-05,41.57615327
85490495,2017-12-24T15:57:33.49,BUY,7.053e-05,137.52669156
85490500,2017-12-24T15:57:38.393,BUY,7.053e-05,257.54762654
85490506,2017-12-24T15:57:39.597,BUY,7.053e-05,8300.22340585
85490507,2017-12-24T15:57:39.597,BUY,7.053e-05,56.60468819
85490516,2017-12-24T15:57:43.753,SELL,7.053e-05,70.0
85490519,2017-12-24T15:57:46.893,SELL,7.053e-05,11.61737901
85490535,2017-12-24T15:57:55.487,BUY,7.056e-05,72.56736441
85490552,2017-12-24T15:58:01.877,SELL,7.056e-05,274.04306894
85490553,2017-12-24T15:58:01.877,SELL,7.056e-05,241.69725194
85490557,2017-12-24T15:58:02.813,SELL,7.056e-05,260.16498764
85490558,2017-12-24T15:58:02.813,SELL,7.056e-05,389.28599773
85490559,2017-12-24T15:58:02.813,SELL,7.054e-05,118.48812376
85490560,2017-12-24T15:58:02.813,SELL,7.053e-05,232.06089087
85490566,2017-12-24T15:58:05.173,BUY,7.056e-05,19.13334372
85490568,2017-12-24T15:58:06.86,BUY,7.057e-05,129.4
85490583,2017-12-24T15:58:09.923,BUY,7.057e-05,114.3927124
85490594,2017-12-24T15:58:14.5,BUY,7.058e-05,7.23547747
85490598,2017-12-24T15:58:15.14,BUY,7.058e-05,98.74416159
85490609,2017-12-24T15:58:16.69,BUY,7.058e-05,3121.88498697
85490624,2017-12-24T15:58:24.64,SELL,7.058e-05,509.19391995
85490661,2017-12-24T15:58:32.86,BUY,7.059e-05,69.89629716
85490662,2017-12-24T15:58:32.86,BUY,7.059e-05,64.73899168
85490676,2017-12-24T15:58:36.453,SELL,7.059e-05,24.6457878
85490682,2017-12-24T15:58:37.763,SELL,7.059e-05,856.14693335
85490683,2017-12-24T15:58:37.763,SELL,7.059e-05,197.24202401
85490684,2017-12-24T15:58:37.763,SELL,7.059e-05,1379.83165864
85490690,2017-12-24T15:58:39.157,SELL,7.059e-05,4.7e-07
85490691,2017-12-24T15:58:39.157,SELL,7.059e-05,786.8115799
85490692,2017-12-24T15:58:39.157,SELL,7.059e-05,13.03179558
85490693,2017-12-24T15:58:39.157,SELL,7.058e-05,1633.37892405
85490702,2017-12-24T15:58:42.013,SELL,7.059e-05,1757.52070366
85490703,2017-12-24T15:58:42.17,SELL,7.059e-05,166.04126547
85490705,2017-12-24T15:58:42.657,BUY,7.059e-05,94.16151296
85490710,2017-12-24T15:58:44.153,SELL,7.058e-05,819.0330208
85490712,2017-12-24T15:58:44.797,SELL,7.058e-05,79.0
85490713,2017-12-24T15:58:45.78,SELL,7.058e-05,100.0
85490715,2017-12-24T15:58:46.547,BUY,7.059e-05,20.05893327
85490725,2017-12-24T15:58:50.5,BUY,7.059e-05,427.67088916
85490733,2017-12-24T15:58:54.497,SELL,7.059e-05,332.66682725
85490743,2017-12-24T15:58:58.78,BUY,7.059e-05,121.85905971
85490746,2017-12-24T15:59:00.123,BUY,7.059e-05,195.95427539
85490751,2017-12-24T15:59:03.59,BUY,7.059e-05,2171.95935265
85490752,2017-12-24T15:59:03.59,BUY,7.059e-05,654.62041499
85490755,2017-12-24T15:59:04.28,SELL,7.058e-05,263.05742166
85490757,2017-12-24T15:59:05.45,BUY,7.059e-05,1484.04613366
85490759,2017-12-24T15:59:07.123,BUY,7.059e-05,26.96430829
85490761,2017-12-24T15:59:08.543,BUY,7.059e-05,339.48377178
85490763,2017-12-24T15:59:09.793,BUY,7.059e-05,1110.74460891
85490764,2017-12-24T15:59:10.7,SELL,7.058e-05,785.79248901
85490766,2017-12-24T15:59:11.42,BUY,7.059e-05,2832.28657777
85490769,2017-12-24T15:59:13.027,BUY,7.059e-05,369.3105985
85490770,2017-12-24T15:59:13.027,BUY,7.059e-05,80.6894015
85490772,2017-12-24T15:59:13.73,BUY,7.059e-05,78.59435083
85490773,2017-12-24T15:59:13.73,BUY,7.059e-05,70.24242175
85490774,2017-12-24T15:59:13.73,BUY,7.059e-05,987.96235725
85490776,2017-12-24T15:59:14.98,SELL,7.058e-05,357.19109867
85490778,2017-12-24T15:59:15.823,SELL,7.058e-05,2391.67109631
85490779,2017-12-24T15:59:17.607,SELL,7.058e-05,1042.75954306
85490788,2017-12-24T15:59:22.293,SELL,7.058e-05,4126.12793992
85490791,2017-12-24T15:59:22.84,BUY,7.059e-05,194.6669507
85490804,2017-12-24T15:59:24.463,BUY,7.059e-05,5052.18351685
85490813,2017-12-24T15:59:27.45,SELL,7.058e-05,34.33998938
85490815,2017-12-24T15:59:30.353,SELL,7.058e-05,706.94912766
85490817,2017-12-24T15:59:30.7,SELL,7.058e-05,1657.62851662
85490820,2017-12-24T15:59:36.993,SELL,7.058e-05,2000.0
85490821,2017-12-24T15:59:37.307,SELL,7.058e-05,1449.297656
85490822,2017-12-24T15:59:37.933,SELL,7.058e-05,4235.03526519
85490829,2017-12-24T15:59:42.057,SELL,7.058e-05,400.0
85490840,2017-12-24T15:59:52.82,SELL,7.058e-05,20.0
85490845,2017-12-24T15:59:56.603,SELL,7.058e-05,647.46268342
85490846,2017-12-24T15:59:56.603,SELL,7.058e-05,1476.8914445
85490851,2017-12-24T16:00:02.417,SELL,7.058e-05,955.40418882
85490852,2017-12-24T16:00:02.417,SELL,7.058e-05,7.23547747
85490853,2017-12-24T16:00:02.417,SELL,7.058e-05,100.91288892
85490854,2017-12-24T16:00:02.417,SELL,7.058e-05,190.72064324
85490855,2017-12-24T16:00:02.417,SELL,7.058e-05,240.75718228
85490856,2017-12-24T16:00:02.43,SELL,7.058e-05,48.27856683
85490857,2017-12-24T16:00:02.43,SELL,7.058e-05,362.28569673
85490858,2017-12-24T16:00:02.43,SELL,7.058e-05,27.70556957
85490859,2017-12-24T16:00:02.43,SELL,7.056e-05,263.60475152
85490860,2017-12-24T16:00:02.43,SELL,7.056e-05,282.86019672
85490861,2017-12-24T16:00:02.43,SELL,7.056e-05,9.9921681
85490862,2017-12-24T16:00:02.43,SELL,7.056e-05,100.0
85490863,2017-12-24T16:00:02.43,SELL,7.055e-05,1432.90146846
85490864,2017-12-24T16:00:02.43,SELL,7.054e-05,70.88176921
85490865,2017-12-24T16:00:02.43,SELL,7.053e-05,3464.58371571
85490870,2017-12-24T16:00:06.383,BUY,7.059e-05,196.38328942
85490872,2017-12-24T16:00:07.697,SELL,7.053e-05,880.80962554
85490876,2017-12-24T16:00:10.227,BUY,7.059e-05,81.78212211
85490883,2017-12-24T16:00:14.79,BUY,7.058e-05,236.84392392
85490884,2017-12-24T16:00:15.773,SELL,7.053e-05,33.296338
85490896,2017-12-24T16:00:19.43,BUY,7.058e-05,549.87996494
85490897,2017-12-24T16:00:20.447,SELL,7.053e-05,64.50165016
85490923,2017-12-24T16:00:34.57,SELL,7.053e-05,3844.66673554
85490939,2017-12-24T16:00:42.63,SELL,7.053e-05,7.88227408
85490943,2017-12-24T16:00:44.38,BUY,7.057e-05,1000.0
85490949,2017-12-24T16:00:46.02,BUY,7.058e-05,141.68319637
85490951,2017-12-24T16:00:47.473,SELL,7.057e-05,100.0
85490953,2017-12-24T16:00:49.63,BUY,7.058e-05,8.31680363
85490954,2017-12-24T16:00:49.63,BUY,7.059e-05,133.36639274
85490956,2017-12-24T16:00:49.91,BUY,7.059e-05,141.68319637
85490958,2017-12-24T16:00:50.863,SELL,7.057e-05,141.68319637
85490990,2017-12-24T16:01:02.723,SELL,7.057e-05,110.02077517
85490996,2017-12-24T16:01:07.223,SELL,7.057e-05,423.0240117
85490997,2017-12-24T16:01:08.613,SELL,7.057e-05,52.80365313
85491001,2017-12-24T16:01:09.973,SELL,7.057e-05,150.0
85491002,2017-12-24T16:01:10.583,SELL,7.057e-05,441.497808
85491013,2017-12-24T16:01:16.143,SELL,7.057e-05,4999.99999999
85491023,2017-12-24T16:01:21.363,SELL,7.057e-05,255.9208642
85491024,2017-12-24T16:01:21.363,SELL,7.057e-05,56.67261549
85491025,2017-12-24T16:01:21.363,SELL,7.057e-05,2826.98525046
85491026,2017-12-24T16:01:21.38,SELL,7.057e-05,44.93555681
85491027,2017-12-24T16:01:21.38,SELL,7.057e-05,100.0
85491028,2017-12-24T16:01:21.38,SELL,7.057e-05,110.82114749
85491029,2017-12-24T16:01:21.38,SELL,7.057e-05,199.31539819
85491030,2017-12-24T16:01:21.38,SELL,7.057e-05,47.31714822
85491033,2017-12-24T16:01:21.863,BUY,7.056e-05,556.25742277
85491052,2017-12-24T16:01:32.423,BUY,7.056e-05,50.90508
85491056,2017-12-24T16:01:33.3,BUY,7.056e-05,132.49404018
85491057,2017-12-24T16:01:34.61,SELL,7.055e-05,99.24854672
85491070,2017-12-24T16:01:39.597,BUY,7.056e-05,283.44671202
85491071,2017-12-24T16:01:40.063,SELL,7.055e-05,1317.22934415
85491075,2017-12-24T16:01:42.097,BUY,7.056e-05,104.03337267
85491082,2017-12-24T16:01:48.063,BUY,7.056e-05,15.0
85491084,2017-12-24T16:01:49.33,BUY,7.056e-05,36.30908482
85491087,2017-12-24T16:01:51.517,SELL,7.055e-05,13583.52210913
85491088,2017-12-24T16:01:51.517,SELL,7.055e-05,483.25644259
85491089,2017-12-24T16:01:51.517,SELL,7.055e-05,55.43979164
85491090,2017-12-24T16:01:51.533,SELL,7.054e-05,342.69195897
85491091,2017-12-24T16:01:51.533,SELL,7.053e-05,11263.64292349
85491093,2017-12-24T16:01:52.33,BUY,7.056e-05,424.10714286
85491095,2017-12-24T16:01:55.69,BUY,7.055e-05,507.74517364
85491097,2017-12-24T16:01:55.783,BUY,7.055e-05,56.61295351
85491102,2017-12-24T16:01:59.407,BUY,7.055e-05,447.38716265
85491105,2017-12-24T16:02:01.407,SELL,7.053e-05,349.55599122
85491108,2017-12-24T16:02:02.11,BUY,7.055e-05,1142.19984375
85491109,2017-12-24T16:02:02.233,SELL,7.053e-05,1131.99237128
85491113,2017-12-24T16:02:05.673,SELL,7.053e-05,869.70087826
85491115,2017-12-24T16:02:07.623,SELL,7.053e-05,43.36956522
85491118,2017-12-24T16:02:09.203,SELL,7.053e-05,100.0
85491122,2017-12-24T16:02:10.873,BUY,7.055e-05,391.04155094
85491125,2017-12-24T16:02:13.123,SELL,7.053e-05,10.67277834
85491127,2017-12-24T16:02:15.827,BUY,7.055e-05,294.37999433
85491131,2017-12-24T16:02:19.873,BUY,7.055e-05,494.79166667
85491135,2017-12-24T16:02:21.657,BUY,7.055e-05,424.10714286
85491137,2017-12-24T16:02:22.81,BUY,7.055e-05,70.69454288
85491139,2017-12-24T16:02:23.407,BUY,7.055e-05,13.22086924
85491142,2017-12-24T16:02:24.843,BUY,7.055e-05,15591.16688244
85491143,2017-12-24T16:02:25.5,SELL,7.053e-05,20.62525036
85491151,2017-12-24T16:02:31.95,BUY,7.055e-05,682.21294295
85491153,2017-12-24T16:02:32.653,BUY,7.055e-05,42.41672573
85491163,2017-12-24T16:02:39.53,BUY,7.054e-05,200.0
85491164,2017-12-24T16:02:39.53,BUY,7.055e-05,19.00844189
85491165,2017-12-24T16:02:39.78,SELL,7.053e-05,633.63203675
85491171,2017-12-24T16:02:43.577,BUY,7.054e-05,73.3006303
85491177,2017-12-24T16:02:45.077,BUY,7.055e-05,587.07788271
85491181,2017-12-24T16:02:48.467,BUY,7.055e-05,100.0
85491188,2017-12-24T16:02:53.073,BUY,7.055e-05,13.69437212
85491190,2017-12-24T16:02:53.323,BUY,7.055e-05,989.72360028
85491192,2017-12-24T16:02:56.857,BUY,7.055e-05,200.0
85491194,2017-12-24T16:02:57.747,SELL,7.054e-05,126.6993697
85491195,2017-12-24T16:02:57.747,SELL,7.053e-05,5349.31103424
85491196,2017-12-24T16:02:57.747,SELL,7.053e-05,80.69232951
85491197,2017-12-24T16:02:57.747,SELL,7.053e-05,300.0
85491198,2017-12-24T16:02:57.747,SELL,7.053e-05,159.66406742
85491199,2017-12-24T16:02:57.747,SELL,7.053e-05,282.85835815
85491200,2017-12-24T16:02:57.747,SELL,7.053e-05,918.11046444
85491201,2017-12-24T16:02:57.747,SELL,7.053e-05,480.06791259
85491202,2017-12-24T16:02:57.747,SELL,7.053e-05,141.78363817
85491206,2017-12-24T16:03:02.543,BUY,7.053e-05,116.3800633
85491208,2017-12-24T16:03:06.293,SELL,7.05e-05,50.0
85491224,2017-12-24T16:03:17.247,BUY,7.053e-05,50.0
85491228,2017-12-24T16:03:21.417,SELL,7.051e-05,122.42104038
85491237,2017-12-24T16:03:27.93,BUY,7.052e-05,207.0
85491243,2017-12-24T16:03:30.15,BUY,7.052e-05,724.33618372
85491259,2017-12-24T16:03:34.51,BUY,7.052e-05,300.0
85491261,2017-12-24T16:03:35.04,BUY,7.052e-05,214.00855131
85491262,2017-12-24T16:03:35.04,BUY,7.053e-05,2262.60614212
85491270,2017-12-24T16:03:42.87,SELL,7.053e-05,889.22199091
85491273,2017-12-24T16:03:44.243,BUY,7.053e-05,1009.46475766
85491281,2017-12-24T16:03:45.837,SELL,7.051e-05,143.39520188
85491282,2017-12-24T16:03:45.837,SELL,7.051e-05,44.01924432
85491311,2017-12-24T16:03:58.913,BUY,7.053e-05,207.0
85491314,2017-12-24T16:04:00.54,SELL,7.052e-05,296.3129481
85491315,2017-12-24T16:04:00.54,SELL,7.051e-05,255.98075568
85491316,2017-12-24T16:04:00.54,SELL,7.051e-05,57.44205113
85491317,2017-12-24T16:04:00.54,SELL,7.051e-05,100.0
85491318,2017-12-24T16:04:00.54,SELL,7.051e-05,100.0
85491319,2017-12-24T16:04:00.54,SELL,7.051e-05,311.31110623
85491320,2017-12-24T16:04:00.54,SELL,7.051e-05,176.81562362
85491325,2017-12-24T16:04:05.647,SELL,7.051e-05,221.0
85491327,2017-12-24T16:04:08.1,BUY,7.053e-05,64.9305604
85491331,2017-12-24T16:04:11.147,BUY,7.052e-05,52.27496916
85491333,2017-12-24T16:04:11.867,BUY,7.052e-05,65.96510283
85491335,2017-12-24T16:04:14.257,BUY,7.052e-05,16.20657367
85491336,2017-12-24T16:04:14.257,BUY,7.053e-05,83.36665752
85491338,2017-12-24T16:04:14.63,BUY,7.053e-05,862.39922666
85491345,2017-12-24T16:04:19.32,BUY,7.053e-05,400.0
85491348,2017-12-24T16:04:20.083,SELL,7.051e-05,222.80239333
85491349,2017-12-24T16:04:20.083,SELL,7.051e-05,1777.19760667
85491350,2017-12-24T16:04:20.537,SELL,7.051e-05,2300.0
85491354,2017-12-24T16:04:23.63,BUY,7.052e-05,434.0
85491355,2017-12-24T16:04:23.927,SELL,7.051e-05,1022.89723917
85491360,2017-12-24T16:04:25.833,BUY,7.052e-05,36.03067632
85491363,2017-12-24T16:04:27.6,SELL,7.052e-05,931.36072257
85491365,2017-12-24T16:04:27.77,BUY,7.052e-05,702.0946108
85491367,2017-12-24T16:04:28.91,BUY,7.052e-05,211.0
85491376,2017-12-24T16:04:32.88,BUY,7.052e-05,308.86503254
85491378,2017-12-24T16:04:34.397,BUY,7.052e-05,1311.0
85491384,2017-12-24T16:04:38.567,BUY,7.052e-05,308.86510326
85491391,2017-12-24T16:04:43.16,BUY,7.052e-05,1421.14314414
85491392,2017-12-24T16:04:43.66,SELL,7.051e-05,156.14051797
85491396,2017-12-24T16:04:46.473,BUY,7.052e-05,2110.05678744
85491397,2017-12-24T16:04:47.567,SELL,7.051e-05,821.34736927
85491400,2017-12-24T16:04:48.113,BUY,7.052e-05,100.0
85491402,2017-12-24T16:04:48.363,SELL,7.051e-05,821.34732663
85491406,2017-12-24T16:04:50.847,BUY,7.052e-05,471.0
85491409,2017-12-24T16:04:52.677,BUY,7.052e-05,39.31173802
85491415,2017-12-24T16:04:58.957,BUY,7.052e-05,33.57841923
85491417,2017-12-24T16:04:59.3,BUY,7.052e-05,209.0
85491418,2017-12-24T16:05:00.457,SELL,7.051e-05,426.53524323
85491423,2017-12-24T16:05:03.94,BUY,7.052e-05,4223.1941417
85491428,2017-12-24T16:05:08.363,BUY,7.052e-05,738.0
85491429,2017-12-24T16:05:09.003,SELL,7.051e-05,250.0
85491436,2017-12-24T16:05:16.11,SELL,7.051e-05,56.2877543
85491447,2017-12-24T16:05:19.72,SELL,7.051e-05,1000.0
85491452,2017-12-24T16:05:21.22,BUY,7.052e-05,141.80374361
85491457,2017-12-24T16:05:24.893,BUY,7.052e-05,141.80374361
85491464,2017-12-24T16:05:25.69,BUY,7.052e-05,956.3154466
85491465,2017-12-24T16:05:25.69,BUY,7.052e-05,65.96510283
85491466,2017-12-24T16:05:25.69,BUY,7.052e-05,832.00876365
85491467,2017-12-24T16:05:25.69,BUY,7.052e-05,83.92210757
85491468,2017-12-24T16:05:25.69,BUY,7.052e-05,86.69384594
85491469,2017-12-24T16:05:25.69,BUY,7.052e-05,115.86505
85491470,2017-12-24T16:05:25.69,BUY,7.052e-05,157.84660246
85491471,2017-12-24T16:05:25.69,BUY,7.053e-05,3843.25563189
85491472,2017-12-24T16:05:25.69,BUY,7.053e-05,5276.27906244
85491475,2017-12-24T16:05:27.737,SELL,7.051e-05,30.0
85491476,2017-12-24T16:05:27.8,SELL,7.051e-05,60.0
85491488,2017-12-24T16:05:32.753,SELL,7.052e-05,146.03250034
85491492,2017-12-24T16:05:34.11,SELL,7.052e-05,47.96749966
85491493,2017-12-24T16:05:34.11,SELL,7.052e-05,100.0
85491511,2017-12-24T16:05:47.783,BUY,7.052e-05,852.03250034
85491512,2017-12-24T16:05:47.783,BUY,7.052e-05,150.0
85491513,2017-12-24T16:05:47.783,BUY,7.052e-05,1529.30520757
85491516,2017-12-24T16:05:48.47,BUY,7.052e-05,20.31380743
85491519,2017-12-24T16:05:51.53,BUY,7.052e-05,10.0
85491521,2017-12-24T16:05:52.407,BUY,7.052e-05,618.88085437
85491522,2017-12-24T16:05:52.877,SELL,7.051e-05,48.50821277
85491526,2017-12-24T16:05:56.953,SELL,7.051e-05,176.95309986
85491528,2017-12-24T16:05:57.25,BUY,7.052e-05,187.6966272
85491530,2017-12-24T16:05:57.5,BUY,7.052e-05,236.69000079
85491531,2017-12-24T16:05:57.673,SELL,7.051e-05,1300.0
85491533,2017-12-24T16:05:58.907,BUY,7.052e-05,205.0
85491537,2017-12-24T16:06:00.907,BUY,7.052e-05,200.0
85491541,2017-12-24T16:06:02.123,BUY,7.052e-05,500.0
85491544,2017-12-24T16:06:04.5,BUY,7.052e-05,16492.31877801
85491545,2017-12-24T16:06:04.5,BUY,7.052e-05,30.0
85491546,2017-12-24T16:06:04.5,BUY,7.052e-05,1300.0
85491547,2017-12-24T16:06:04.5,BUY,7.052e-05,231.8037037
85491552,2017-12-24T16:06:06.547,BUY,7.054e-05,28.57346967
85491553,2017-12-24T16:06:06.547,BUY,7.054e-05,20.0
85491554,2017-12-24T16:06:06.563,BUY,7.057e-05,41.42653033
85491568,2017-12-24T16:06:15.623,BUY,7.057e-05,208.57346967
85491583,2017-12-24T16:06:20.903,SELL,7.057e-05,20.0
85491589,2017-12-24T16:06:22,SELL,7.057e-05,2257.46253944
85491590,2017-12-24T16:06:22,SELL,7.057e-05,110.5503369
85491591,2017-12-24T16:06:22,SELL,7.054e-05,180.00321626
85491592,2017-12-24T16:06:22,SELL,7.052e-05,851.9839074
85491596,2017-12-24T16:06:23.687,SELL,7.057e-05,3502.36116338
85491600,2017-12-24T16:06:24.95,BUY,7.057e-05,872.94027862
85491601,2017-12-24T16:06:24.967,BUY,7.058e-05,240.0
85491603,2017-12-24T16:06:25.327,SELL,7.058e-05,1006.99454711
85491604,2017-12-24T16:06:25.827,SELL,7.054e-05,100.0
85491612,2017-12-24T16:06:29.047,BUY,7.058e-05,198.0
85491637,2017-12-24T16:06:38.45,BUY,7.058e-05,87.37212454
