82678520,2017-12-19T01:26:17.953,SELL,4.05e-05,251.9526329
82678521,2017-12-19T01:26:17.953,SELL,4.05e-05,251.50905432
82678522,2017-12-19T01:26:17.953,SELL,4.05e-05,251.6356316
82678523,2017-12-19T01:26:17.97,SELL,4.05e-05,85.50296085
82678524,2017-12-19T01:26:17.97,SELL,4.05e-05,24.62962963
82678525,2017-12-19T01:26:17.97,SELL,4.05e-05,141.56637755
82678526,2017-12-19T01:26:17.97,SELL,4.05e-05,251.2562814
82678527,2017-12-19T01:26:17.97,SELL,4.05e-05,251.6356316
82678528,2017-12-19T01:26:17.97,SELL,4.05e-05,251.50905432
82678529,2017-12-19T01:26:17.987,SELL,4.05e-05,251.6356316
82678530,2017-12-19T01:26:17.987,SELL,4.05e-05,251.50905432
82678531,2017-12-19T01:26:17.987,SELL,4.05e-05,251.50905432
82678532,2017-12-19T01:26:17.987,SELL,4.05e-05,252.07965717
82678533,2017-12-19T01:26:17.987,SELL,4.05e-05,251.6356316
82678534,2017-12-19T01:26:18,SELL,4.05e-05,251.50905432
82678535,2017-12-19T01:26:18,SELL,4.05e-05,251.50905432
82678536,2017-12-19T01:26:18,SELL,4.05e-05,251.69896803
82678537,2017-12-19T01:26:18,SELL,4.05e-05,252.52525252
82678538,2017-12-19T01:26:18.017,SELL,4.05e-05,251.50905432
82678539,2017-12-19T01:26:18.017,SELL,4.05e-05,251.50905432
82678540,2017-12-19T01:26:18.017,SELL,4.05e-05,251.6356316
82678541,2017-12-19T01:26:18.017,SELL,4.05e-05,251.44581342
82678542,2017-12-19T01:26:18.017,SELL,4.05e-05,252.07965717
82678543,2017-12-19T01:26:18.08,SELL,4.05e-05,251.50905432
82678544,2017-12-19T01:26:18.097,SELL,4.05e-05,251.50905432
82678545,2017-12-19T01:26:18.11,SELL,4.05e-05,251.2562814
82678546,2017-12-19T01:26:18.127,SELL,4.05e-05,251.44581342
82678547,2017-12-19T01:26:18.143,SELL,4.05e-05,252.07965717
82678548,2017-12-19T01:26:18.267,SELL,4.05e-05,251.50905432
82678549,2017-12-19T01:26:18.36,SELL,4.05e-05,251.69896803
82678550,2017-12-19T01:26:18.423,SELL,4.05e-05,252.07965717
82678551,2017-12-19T01:26:18.75,SELL,4.05e-05,251.6356316
82678554,2017-12-19T01:26:19.753,SELL,4.056e-05,248.32044379
82678555,2017-12-19T01:26:19.753,SELL,4.05e-05,3.06216053
82678557,2017-12-19T01:26:19.923,SELL,4.05e-05,251.9526329
82678561,2017-12-19T01:26:21.283,BUY,4.059e-05,91.1
82678572,2017-12-19T01:26:23.647,BUY,4.056e-05,179.75840299
82678573,2017-12-19T01:26:23.647,BUY,4.056e-05,53.16824625
82678574,2017-12-19T01:26:23.647,BUY,4.059e-05,13.43945078
82678582,2017-12-19T01:26:25.117,BUY,4.059e-05,15.97376201
82678584,2017-12-19T01:26:25.193,BUY,4.059e-05,757.166257
82678585,2017-12-19T01:26:25.21,BUY,4.059e-05,100.0
82678587,2017-12-19T01:26:25.52,SELL,4.059e-05,1005.52110627
82678588,2017-12-19T01:26:25.52,SELL,4.05e-05,1783.83012074
82678589,2017-12-19T01:26:25.63,SELL,4.05e-05,7149.0
82678596,2017-12-19T01:26:26.553,SELL,4.059e-05,400.0
82678597,2017-12-19T01:26:26.553,SELL,4.055e-05,498.75
82678598,2017-12-19T01:26:26.553,SELL,4.05e-05,3095.32731403
82678600,2017-12-19T01:26:26.68,BUY,4.059e-05,240.26093467
82678601,2017-12-19T01:26:26.68,BUY,4.065e-05,6.10516535
82678609,2017-12-19T01:26:27.757,BUY,4.065e-05,8.89483465
82678610,2017-12-19T01:26:27.773,BUY,4.065e-05,125.0
82678611,2017-12-19T01:26:27.773,BUY,4.066e-05,869.7573984
82678615,2017-12-19T01:26:28.943,BUY,4.059e-05,113.17438617
82678619,2017-12-19T01:26:30.04,SELL,4.055e-05,555.51614182
82678622,2017-12-19T01:26:31.43,BUY,4.055e-05,75.9
82678628,2017-12-19T01:26:33.57,BUY,4.055e-05,141.4447136
82678631,2017-12-19T01:26:33.68,BUY,4.055e-05,3.64036078
82678632,2017-12-19T01:26:33.68,BUY,4.055e-05,242.72573924
82678635,2017-12-19T01:26:33.743,BUY,4.055e-05,237.96924242
82678640,2017-12-19T01:26:35.243,SELL,4.05e-05,100.02500625
82678642,2017-12-19T01:26:35.29,SELL,4.05e-05,251.69896803
82678643,2017-12-19T01:26:35.29,SELL,4.05e-05,251.50905432
82678644,2017-12-19T01:26:35.307,SELL,4.05e-05,251.69896803
82678645,2017-12-19T01:26:35.307,SELL,4.05e-05,252.46149962
82678646,2017-12-19T01:26:35.307,SELL,4.05e-05,251.50905432
82678647,2017-12-19T01:26:35.307,SELL,4.05e-05,251.44581342
82678648,2017-12-19T01:26:35.307,SELL,4.05e-05,251.50905432
82678649,2017-12-19T01:26:35.32,SELL,4.05e-05,250.87807325
82678650,2017-12-19T01:26:35.32,SELL,4.05e-05,251.44581342
82678651,2017-12-19T01:26:35.32,SELL,4.05e-05,251.44581342
82678652,2017-12-19T01:26:35.32,SELL,4.05e-05,251.50905432
82678653,2017-12-19T01:26:35.337,SELL,4.05e-05,251.6356316
82678654,2017-12-19T01:26:35.337,SELL,4.05e-05,251.44581342
82678655,2017-12-19T01:26:35.337,SELL,4.05e-05,251.50905432
82678656,2017-12-19T01:26:35.337,SELL,4.05e-05,180.93962226
82678657,2017-12-19T01:26:35.337,SELL,4.05e-05,71.14003491
82678658,2017-12-19T01:26:35.353,SELL,4.05e-05,251.44581342
82678659,2017-12-19T01:26:35.353,SELL,4.05e-05,251.57232704
82678660,2017-12-19T01:26:35.353,SELL,4.05e-05,251.44581342
82678661,2017-12-19T01:26:35.353,SELL,4.05e-05,251.2562814
82678662,2017-12-19T01:26:35.37,SELL,4.05e-05,251.9526329
82678663,2017-12-19T01:26:35.37,SELL,4.05e-05,251.2562814
82678664,2017-12-19T01:26:35.37,SELL,4.05e-05,251.38260432
82678665,2017-12-19T01:26:35.37,SELL,4.05e-05,251.50905432
82678666,2017-12-19T01:26:35.383,SELL,4.05e-05,252.07965717
82678667,2017-12-19T01:26:35.383,SELL,4.05e-05,252.07965717
82678668,2017-12-19T01:26:35.383,SELL,4.05e-05,251.44581342
82678669,2017-12-19T01:26:35.383,SELL,4.05e-05,251.50905432
82678670,2017-12-19T01:26:35.4,SELL,4.05e-05,251.50905432
82678671,2017-12-19T01:26:35.4,SELL,4.05e-05,251.2562814
82678672,2017-12-19T01:26:35.4,SELL,4.05e-05,163.59907796
82678673,2017-12-19T01:26:35.4,SELL,4.05e-05,88.48057921
82678674,2017-12-19T01:26:35.4,SELL,4.05e-05,252.01612903
82678675,2017-12-19T01:26:35.413,SELL,4.05e-05,251.57232704
82678676,2017-12-19T01:26:35.477,SELL,4.05e-05,56.74473276
82678677,2017-12-19T01:26:35.477,SELL,4.05e-05,194.70108066
82678678,2017-12-19T01:26:35.71,SELL,4.05e-05,252.46149962
82678680,2017-12-19T01:26:35.917,SELL,4.052e-05,251.2562814
82678681,2017-12-19T01:26:35.993,SELL,4.052e-05,251.50905432
82678697,2017-12-19T01:26:40.323,SELL,4.05e-05,69.10782259
82678698,2017-12-19T01:26:40.323,SELL,4.05e-05,251.50905432
82678700,2017-12-19T01:26:40.79,SELL,4.05e-05,251.50905432
82678702,2017-12-19T01:26:41.447,BUY,4.052e-05,246.60912453
82678706,2017-12-19T01:26:43.23,SELL,4.05e-05,250.12506253
82678707,2017-12-19T01:26:43.23,SELL,4.05e-05,251.57232704
82678708,2017-12-19T01:26:43.23,SELL,4.05e-05,178.50763476
82678709,2017-12-19T01:26:43.23,SELL,4.05e-05,33.64111852
82678710,2017-12-19T01:26:43.23,SELL,4.05e-05,39.36030104
82678711,2017-12-19T01:26:43.247,SELL,4.05e-05,251.6356316
82678712,2017-12-19T01:26:43.247,SELL,4.05e-05,251.57232704
82678713,2017-12-19T01:26:43.247,SELL,4.05e-05,251.57232704
82678714,2017-12-19T01:26:43.247,SELL,4.05e-05,251.57232704
82678715,2017-12-19T01:26:43.26,SELL,4.05e-05,183.94684955
82678716,2017-12-19T01:26:43.26,SELL,4.045e-05,66.17821298
82678717,2017-12-19T01:26:43.26,SELL,4.045e-05,180.11808332
82678718,2017-12-19T01:26:43.26,SELL,4.044e-05,71.51754828
82678719,2017-12-19T01:26:43.26,SELL,4.044e-05,251.57232704
82678720,2017-12-19T01:26:43.26,SELL,4.044e-05,251.57232704
82678721,2017-12-19T01:26:43.293,SELL,4.044e-05,253.03643724
82678723,2017-12-19T01:26:43.387,SELL,4.044e-05,250.12506253
82678724,2017-12-19T01:26:43.433,SELL,4.044e-05,141.25992176
82678725,2017-12-19T01:26:43.433,SELL,4.044e-05,41.88612018
82678726,2017-12-19T01:26:43.433,SELL,4.044e-05,67.73203131
82678727,2017-12-19T01:26:43.573,SELL,4.044e-05,251.57232704
82678728,2017-12-19T01:26:43.62,SELL,4.044e-05,146.20669093
82678729,2017-12-19T01:26:43.62,SELL,4.044e-05,105.36563611
82678739,2017-12-19T01:26:46.793,SELL,4.044e-05,99.5101566
82678740,2017-12-19T01:26:46.793,SELL,4.043e-05,150.61490593
82678741,2017-12-19T01:26:46.81,SELL,4.043e-05,251.57232704
82678742,2017-12-19T01:26:46.81,SELL,4.043e-05,251.6356316
82678743,2017-12-19T01:26:46.823,SELL,4.043e-05,250.12506253
82678744,2017-12-19T01:26:46.823,SELL,4.043e-05,251.6356316
82678745,2017-12-19T01:26:46.823,SELL,4.043e-05,251.76233635
82678746,2017-12-19T01:26:46.823,SELL,4.043e-05,251.57232704
82678747,2017-12-19T01:26:46.823,SELL,4.043e-05,251.50905432
82678748,2017-12-19T01:26:46.903,SELL,4.043e-05,251.76233635
82678749,2017-12-19T01:26:46.933,SELL,4.043e-05,250.12506253
82678750,2017-12-19T01:26:47.073,SELL,4.043e-05,251.50905432
82678751,2017-12-19T01:26:47.183,SELL,4.043e-05,251.57232704
82678752,2017-12-19T01:26:47.323,SELL,4.043e-05,251.6356316
82678753,2017-12-19T01:26:47.34,SELL,4.043e-05,252.14321734
82678754,2017-12-19T01:26:47.34,SELL,4.043e-05,251.57232704
82678755,2017-12-19T01:26:47.34,SELL,4.043e-05,251.50905432
82678756,2017-12-19T01:26:47.34,SELL,4.043e-05,148.0016571
82678757,2017-12-19T01:26:47.34,SELL,4.04e-05,102.87641615
82678758,2017-12-19T01:26:47.34,SELL,4.04e-05,251.50905432
82678759,2017-12-19T01:26:47.357,SELL,4.04e-05,251.57232704
82678760,2017-12-19T01:26:47.357,SELL,4.04e-05,251.6356316
82678761,2017-12-19T01:26:47.357,SELL,4.04e-05,251.6356316
82678762,2017-12-19T01:26:47.37,SELL,4.04e-05,251.6356316
82678763,2017-12-19T01:26:47.37,SELL,4.04e-05,251.50905432
82678764,2017-12-19T01:26:47.37,SELL,4.04e-05,167.4958728
82678765,2017-12-19T01:26:47.37,SELL,4.031e-05,84.1397588
82678766,2017-12-19T01:26:47.37,SELL,4.031e-05,251.6356316
82678768,2017-12-19T01:26:47.387,BUY,4.05e-05,50.0
82678769,2017-12-19T01:26:47.387,BUY,4.052e-05,150.0
82678770,2017-12-19T01:26:47.387,SELL,4.031e-05,251.57232704
82678771,2017-12-19T01:26:47.387,SELL,4.031e-05,251.6356316
82678772,2017-12-19T01:26:47.387,SELL,4.031e-05,251.6356316
82678773,2017-12-19T01:26:47.387,SELL,4.031e-05,251.57232704
82678774,2017-12-19T01:26:47.403,SELL,4.031e-05,252.84450063
82678775,2017-12-19T01:26:47.403,SELL,4.031e-05,252.84450063
82678776,2017-12-19T01:26:47.42,SELL,4.031e-05,251.50905432
82678777,2017-12-19T01:26:47.433,SELL,4.031e-05,250.87807325
82678778,2017-12-19T01:26:47.45,SELL,4.031e-05,252.84450063
82678779,2017-12-19T01:26:47.467,SELL,4.031e-05,250.87807325
82678780,2017-12-19T01:26:47.467,SELL,4.031e-05,250.87807325
82678781,2017-12-19T01:26:47.497,SELL,4.031e-05,249.87506246
82678782,2017-12-19T01:26:47.683,SELL,4.031e-05,251.57232704
82678783,2017-12-19T01:26:47.7,SELL,4.031e-05,251.57232704
82678785,2017-12-19T01:26:47.95,SELL,4.031e-05,251.50905432
82678786,2017-12-19T01:26:47.997,SELL,4.031e-05,251.57232704
82678787,2017-12-19T01:26:48.013,SELL,4.031e-05,252.14321734
82678788,2017-12-19T01:26:48.013,SELL,4.031e-05,251.50905432
82678789,2017-12-19T01:26:48.027,SELL,4.031e-05,250.87807325
82678790,2017-12-19T01:26:48.043,SELL,4.031e-05,251.57232704
82678791,2017-12-19T01:26:48.277,SELL,4.031e-05,251.6356316
82678792,2017-12-19T01:26:48.433,SELL,4.031e-05,251.50905432
82678793,2017-12-19T01:26:48.48,SELL,4.031e-05,251.76233635
82678794,2017-12-19T01:26:48.48,SELL,4.031e-05,251.50905432
82678796,2017-12-19T01:26:48.7,BUY,4.052e-05,28.89067749
82678797,2017-12-19T01:26:48.7,BUY,4.055e-05,217.71844704
82678803,2017-12-19T01:26:49.513,SELL,4.029e-05,109.54891252
82678804,2017-12-19T01:26:49.513,SELL,4.029e-05,143.29558811
82678809,2017-12-19T01:26:50.357,BUY,4.05e-05,125.0
82678810,2017-12-19T01:26:50.357,BUY,4.055e-05,121.60912453
82678822,2017-12-19T01:26:51.717,BUY,4.055e-05,130.10637084
82678823,2017-12-19T01:26:51.717,BUY,4.058e-05,116.50275369
82678828,2017-12-19T01:26:52.293,BUY,4.058e-05,78.2
82678837,2017-12-19T01:26:55.343,BUY,4.058e-05,246.60912453
82678839,2017-12-19T01:26:56.75,BUY,4.058e-05,246.60912453
82678843,2017-12-19T01:26:58.17,BUY,4.058e-05,305.05135038
82678844,2017-12-19T01:26:58.437,SELL,4.055e-05,133.57742663
82678845,2017-12-19T01:26:58.437,SELL,4.052e-05,71.78480953
82678854,2017-12-19T01:27:00.813,SELL,4.052e-05,630.58322184
82678859,2017-12-19T01:27:01.733,BUY,4.058e-05,246.60912453
82678861,2017-12-19T01:27:01.86,BUY,4.058e-05,901.90638484
82678862,2017-12-19T01:27:01.86,BUY,4.058e-05,15.0
82678863,2017-12-19T01:27:01.86,BUY,4.059e-05,4003.14361516
82678867,2017-12-19T01:27:02.83,BUY,4.059e-05,246.60912453
82678872,2017-12-19T01:27:03.703,BUY,4.059e-05,246.60912453
82678875,2017-12-19T01:27:04.343,BUY,4.059e-05,7113.56836008
82678876,2017-12-19T01:27:04.343,BUY,4.066e-05,5130.2426016
82678877,2017-12-19T01:27:04.343,BUY,4.07e-05,6172.41329963
82678878,2017-12-19T01:27:04.343,BUY,4.07e-05,331.38978591
82678888,2017-12-19T01:27:06.877,BUY,4.071e-05,126.58228
82678889,2017-12-19T01:27:06.877,BUY,4.074e-05,100.0
82678890,2017-12-19T01:27:06.877,BUY,4.074e-05,20.02684453
82678893,2017-12-19T01:27:07.423,SELL,4.07e-05,152.0
82678902,2017-12-19T01:27:08.847,BUY,4.075e-05,100.50966179
82678910,2017-12-19T01:27:11.877,SELL,4.07e-05,3978.92590559
82678914,2017-12-19T01:27:12.44,BUY,4.075e-05,246.60912453
82678916,2017-12-19T01:27:12.72,BUY,4.075e-05,2903.44398263
82678920,2017-12-19T01:27:14.067,SELL,4.07e-05,152.0
82678922,2017-12-19T01:27:14.38,BUY,4.075e-05,2278.77790187
82678923,2017-12-19T01:27:14.99,SELL,4.07e-05,152.0
82678926,2017-12-19T01:27:15.393,BUY,4.075e-05,246.60912453
82678927,2017-12-19T01:27:15.393,BUY,4.075e-05,246.60912453
82678928,2017-12-19T01:27:15.77,SELL,4.07e-05,146.71736092
82678932,2017-12-19T01:27:16.753,BUY,4.074e-05,245.398773
82678935,2017-12-19T01:27:16.817,BUY,4.074e-05,246.60912453
82678936,2017-12-19T01:27:16.99,SELL,4.07e-05,152.0
82678944,2017-12-19T01:27:18.787,BUY,4.074e-05,245.398773
82678948,2017-12-19T01:27:19.113,SELL,4.071e-05,152.0
82678951,2017-12-19T01:27:20.66,BUY,4.074e-05,242.85489939
82678960,2017-12-19T01:27:23.74,BUY,4.074e-05,245.398773
82678963,2017-12-19T01:27:24.257,SELL,4.071e-05,146.0
82678968,2017-12-19T01:27:26.68,BUY,4.074e-05,5705.73843008
82678976,2017-12-19T01:27:28.977,BUY,4.075e-05,245.398773
82678977,2017-12-19T01:27:29.053,SELL,4.074e-05,193.0917
82678978,2017-12-19T01:27:29.18,SELL,4.074e-05,1168.45533277
82678981,2017-12-19T01:27:29.6,SELL,4.074e-05,2658.91597023
82678982,2017-12-19T01:27:29.6,SELL,4.071e-05,2957.10713513
82678983,2017-12-19T01:27:29.6,SELL,4.07e-05,4189.94201524
82678985,2017-12-19T01:27:29.82,BUY,4.075e-05,150.0
82678988,2017-12-19T01:27:30.04,BUY,4.075e-05,92.8
82678993,2017-12-19T01:27:30.35,BUY,4.075e-05,245.398773
82678995,2017-12-19T01:27:30.35,BUY,4.075e-05,245.398773
82678997,2017-12-19T01:27:30.367,BUY,4.075e-05,245.398773
82679001,2017-12-19T01:27:31.727,BUY,4.074e-05,171.54609758
82679002,2017-12-19T01:27:31.727,BUY,4.074e-05,73.85267542
82679005,2017-12-19T01:27:32.773,SELL,4.07e-05,146.0
82679006,2017-12-19T01:27:33.133,SELL,4.07e-05,4556.86913063
82679009,2017-12-19T01:27:33.227,BUY,4.075e-05,27.59741849
82679011,2017-12-19T01:27:33.243,BUY,4.075e-05,217.32045814
82679015,2017-12-19T01:27:33.367,BUY,4.075e-05,137.42782076
82679016,2017-12-19T01:27:33.367,BUY,4.075e-05,0.63693107
82679017,2017-12-19T01:27:33.65,SELL,4.074e-05,224.71148196
82679018,2017-12-19T01:27:33.65,SELL,4.074e-05,371.67085052
82679019,2017-12-19T01:27:33.76,SELL,4.07e-05,272.59996375
82679024,2017-12-19T01:27:35.37,BUY,4.075e-05,245.398773
82679025,2017-12-19T01:27:35.963,SELL,4.07e-05,146.0
82679027,2017-12-19T01:27:36.12,BUY,4.074e-05,73.6196319
82679031,2017-12-19T01:27:36.76,BUY,4.074e-05,13.29681504
82679032,2017-12-19T01:27:36.76,BUY,4.075e-05,232.10195796
82679041,2017-12-19T01:27:38.383,BUY,4.075e-05,36.0
82679044,2017-12-19T01:27:38.68,SELL,4.071e-05,1530.09173729
82679045,2017-12-19T01:27:38.68,SELL,4.07e-05,2189.93471235
82679046,2017-12-19T01:27:39.26,SELL,4.07e-05,30.0
82679048,2017-12-19T01:27:39.417,BUY,4.075e-05,168.86233797
82679049,2017-12-19T01:27:39.417,BUY,4.075e-05,702.9164689
82679050,2017-12-19T01:27:39.667,SELL,4.07e-05,350.0
82679053,2017-12-19T01:27:39.79,BUY,4.075e-05,908.83110149
82679054,2017-12-19T01:27:39.79,BUY,4.076e-05,1860.54679631
82679056,2017-12-19T01:27:39.79,BUY,4.076e-05,741.41797427
82679058,2017-12-19T01:27:39.807,SELL,4.07e-05,3000.0
82679060,2017-12-19T01:27:39.9,BUY,4.076e-05,27.80413941
82679062,2017-12-19T01:27:39.917,BUY,4.076e-05,231.69380652
82679065,2017-12-19T01:27:40.807,BUY,4.076e-05,92.08583856
82679068,2017-12-19T01:27:41.497,SELL,4.074e-05,688.12382397
82679069,2017-12-19T01:27:41.497,SELL,4.07e-05,274.65201545
82679070,2017-12-19T01:27:41.543,SELL,4.07e-05,153.9698
82679072,2017-12-19T01:27:41.887,BUY,4.076e-05,245.398773
82679081,2017-12-19T01:27:44.153,SELL,4.075e-05,233.26905566
82679083,2017-12-19T01:27:45.213,SELL,4.075e-05,1317.598725
82679085,2017-12-19T01:27:45.573,SELL,4.075e-05,630.7459
82679088,2017-12-19T01:27:46.92,SELL,4.075e-05,499.98
82679091,2017-12-19T01:27:47.607,SELL,4.075e-05,9557.67012302
82679092,2017-12-19T01:27:47.607,SELL,4.074e-05,1623.92129641
82679093,2017-12-19T01:27:47.607,SELL,4.074e-05,776.92260442
82679094,2017-12-19T01:27:47.62,SELL,4.074e-05,6085.24262887
82679095,2017-12-19T01:27:47.62,SELL,4.07e-05,4665.17651559
82679099,2017-12-19T01:27:49.013,SELL,4.074e-05,249.75
82679101,2017-12-19T01:27:50.39,BUY,4.076e-05,245.398773
82679103,2017-12-19T01:27:50.653,BUY,4.077e-05,99.21635274
82679104,2017-12-19T01:27:50.92,SELL,4.074e-05,351.49128866
82679105,2017-12-19T01:27:50.92,SELL,4.07e-05,237.47337434
82679106,2017-12-19T01:27:51.327,SELL,4.07e-05,3114.958163
82679112,2017-12-19T01:27:51.78,BUY,4.077e-05,245.398773
82679113,2017-12-19T01:27:52.043,SELL,4.07e-05,1000.0
82679116,2017-12-19T01:27:52.42,SELL,4.07e-05,1340.645507
82679119,2017-12-19T01:27:53.013,SELL,4.076e-05,25.0
82679120,2017-12-19T01:27:53.013,SELL,4.07e-05,146.0
82679123,2017-12-19T01:27:53.763,SELL,4.075e-05,102.78451111
82679124,2017-12-19T01:27:53.763,SELL,4.07e-05,62.21548889
82679127,2017-12-19T01:27:53.78,BUY,4.077e-05,19.09650427
82679128,2017-12-19T01:27:53.78,BUY,4.077e-05,226.1818867
82679136,2017-12-19T01:27:55.327,BUY,4.077e-05,183.73075356
82679138,2017-12-19T01:27:55.407,BUY,4.077e-05,199.92905426
82679139,2017-12-19T01:27:55.407,BUY,4.079e-05,25.4906959
82679140,2017-12-19T01:27:55.407,BUY,4.079e-05,19.85864081
82679142,2017-12-19T01:27:55.42,BUY,4.079e-05,245.27839097
82679144,2017-12-19T01:27:55.967,SELL,4.075e-05,245.398773
82679145,2017-12-19T01:27:56.217,SELL,4.075e-05,3366.56518214
82679146,2017-12-19T01:27:56.217,SELL,4.07e-05,5342.78931086
82679151,2017-12-19T01:27:56.78,BUY,4.079e-05,245.27839097
82679153,2017-12-19T01:27:56.873,BUY,4.079e-05,2765.34895987
82679154,2017-12-19T01:27:57.343,SELL,4.07e-05,10542.052534
82679157,2017-12-19T01:27:58.28,SELL,4.07e-05,338.97328262
82679159,2017-12-19T01:27:58.47,BUY,4.073e-05,800.0
82679161,2017-12-19T01:27:58.827,BUY,4.073e-05,245.27839097
82679162,2017-12-19T01:27:58.873,SELL,4.07e-05,91.40447513
82679163,2017-12-19T01:27:58.873,SELL,4.07e-05,79.59552487
82679168,2017-12-19T01:27:59.623,BUY,4.073e-05,737.25055432
82679171,2017-12-19T01:28:01,SELL,4.07e-05,29.85223166
82679172,2017-12-19T01:28:01,SELL,4.07e-05,67.49505634
82679176,2017-12-19T01:28:01.843,BUY,4.074e-05,245.27839097
82679178,2017-12-19T01:28:02.063,BUY,4.074e-05,200.0
82679179,2017-12-19T01:28:02.343,SELL,4.07e-05,936.42928514
82679180,2017-12-19T01:28:02.343,SELL,4.07e-05,40.0
82679181,2017-12-19T01:28:02.343,SELL,4.07e-05,1000.0
82679182,2017-12-19T01:28:02.343,SELL,4.07e-05,167.04778576
82679183,2017-12-19T01:28:02.343,SELL,4.07e-05,2444.4828381
82679184,2017-12-19T01:28:03.517,SELL,4.07e-05,1200.0
82679187,2017-12-19T01:28:03.987,BUY,4.074e-05,368.65138607
82679189,2017-12-19T01:28:04.877,BUY,4.074e-05,139.22455881
82679191,2017-12-19T01:28:05.423,BUY,4.073e-05,245.27839097
82679195,2017-12-19T01:28:06.923,BUY,4.072e-05,3302.7207865
82679196,2017-12-19T01:28:06.953,SELL,4.07e-05,678.71843463
82679197,2017-12-19T01:28:06.953,SELL,4.07e-05,19.36179361
82679198,2017-12-19T01:28:06.953,SELL,4.07e-05,15.90551229
82679199,2017-12-19T01:28:06.953,SELL,4.06e-05,24.62962963
82679200,2017-12-19T01:28:06.953,SELL,4.058e-05,94.72243285
82679201,2017-12-19T01:28:06.953,SELL,4.058e-05,4424.59339576
82679202,2017-12-19T01:28:06.953,SELL,4.058e-05,500.0
82679203,2017-12-19T01:28:06.953,SELL,4.055e-05,252.01689909
82679204,2017-12-19T01:28:06.953,SELL,4.055e-05,50.0
82679205,2017-12-19T01:28:06.953,SELL,4.053e-05,985.88344759
82679206,2017-12-19T01:28:07.627,SELL,4.053e-05,25.2652855
82679208,2017-12-19T01:28:08.83,SELL,4.053e-05,737.25055432
82679210,2017-12-19T01:28:08.877,BUY,4.059e-05,145.0
82679213,2017-12-19T01:28:09.207,SELL,4.053e-05,169.89038439
82679216,2017-12-19T01:28:10.41,BUY,4.072e-05,245.27839097
82679218,2017-12-19T01:28:11.22,BUY,4.072e-05,245.27839097
82679222,2017-12-19T01:28:12.643,BUY,4.073e-05,92.31356616
82679224,2017-12-19T01:28:13.8,BUY,4.072e-05,50.0
82679225,2017-12-19T01:28:13.8,BUY,4.073e-05,195.27839097
82679230,2017-12-19T01:28:15.097,BUY,4.073e-05,909.85970272
82679233,2017-12-19T01:28:15.393,BUY,4.073e-05,245.27839097
82679236,2017-12-19T01:28:16.787,SELL,4.07e-05,1429.54585552
82679242,2017-12-19T01:28:18.863,SELL,4.07e-05,22.38204029
82679246,2017-12-19T01:28:21.57,SELL,4.07e-05,1548.62998555
82679247,2017-12-19T01:28:21.57,SELL,4.07e-05,135.93008477
82679248,2017-12-19T01:28:21.57,SELL,4.07e-05,406.92883869
82679249,2017-12-19T01:28:21.833,SELL,4.07e-05,34.9083791
82679251,2017-12-19T01:28:22.257,BUY,4.071e-05,245.27839097
82679252,2017-12-19T01:28:23.943,SELL,4.07e-05,650.71395954
82679253,2017-12-19T01:28:23.943,SELL,4.059e-05,500.0
82679254,2017-12-19T01:28:23.943,SELL,4.053e-05,3316.7205225
82679255,2017-12-19T01:28:23.943,SELL,4.052e-05,248.17860223
82679256,2017-12-19T01:28:24.1,SELL,4.052e-05,1034.22897209
82679258,2017-12-19T01:28:24.537,SELL,4.07e-05,151.0
82679260,2017-12-19T01:28:25.193,SELL,4.07e-05,561.67453624
82679261,2017-12-19T01:28:25.193,SELL,4.052e-05,2215.43671141
82679263,2017-12-19T01:28:26.147,BUY,4.059e-05,151.0
82679264,2017-12-19T01:28:26.227,SELL,4.07e-05,9838.465
82679266,2017-12-19T01:28:26.82,BUY,4.071e-05,245.27839097
82679268,2017-12-19T01:28:26.883,SELL,4.07e-05,151.0
82679271,2017-12-19T01:28:27.757,BUY,4.071e-05,1882.09383324
82679274,2017-12-19T01:28:28.163,BUY,4.073e-05,138.24489665
82679276,2017-12-19T01:28:28.257,BUY,4.073e-05,737.25055432
82679277,2017-12-19T01:28:28.447,SELL,4.071e-05,4814.70472822
82679279,2017-12-19T01:28:28.947,SELL,4.071e-05,151.0
82679283,2017-12-19T01:28:29.71,BUY,4.073e-05,246.36610002
82679285,2017-12-19T01:28:29.993,SELL,4.071e-05,151.0
82679287,2017-12-19T01:28:30.43,SELL,4.071e-05,5000.0
82679290,2017-12-19T01:28:32.023,SELL,4.071e-05,307.86836163
82679291,2017-12-19T01:28:32.197,SELL,4.071e-05,120.0
82679293,2017-12-19T01:28:33.273,SELL,4.071e-05,1616.41740631
82679294,2017-12-19T01:28:33.273,SELL,4.07e-05,6778.59897744
82679296,2017-12-19T01:28:33.477,BUY,4.073e-05,38.10976546
82679299,2017-12-19T01:28:34.04,BUY,4.073e-05,246.36610002
82679301,2017-12-19T01:28:36.587,SELL,4.07e-05,737.25055432
82679303,2017-12-19T01:28:37.073,BUY,4.073e-05,237.67055111
82679304,2017-12-19T01:28:37.073,BUY,4.073e-05,8.69554891
82679305,2017-12-19T01:28:37.12,SELL,4.07e-05,119.0
82679306,2017-12-19T01:28:37.133,SELL,4.07e-05,219.00811954
82679307,2017-12-19T01:28:37.277,SELL,4.07e-05,3015.35983212
82679308,2017-12-19T01:28:37.277,SELL,4.07e-05,1451.55758845
82679320,2017-12-19T01:28:41.793,BUY,4.07e-05,246.36610002
82679321,2017-12-19T01:28:42.027,SELL,4.059e-05,123.92349994
82679323,2017-12-19T01:28:42.2,BUY,4.059e-05,153.15804757
82679324,2017-12-19T01:28:42.2,BUY,4.07e-05,30.80994775
82679327,2017-12-19T01:28:43.823,BUY,4.07e-05,246.36610002
82679331,2017-12-19T01:28:45.323,BUY,4.07e-05,1225.42997543
82679333,2017-12-19T01:28:45.45,BUY,4.07e-05,246.36610002
82679335,2017-12-19T01:28:46.12,BUY,4.07e-05,355.4739527
82679337,2017-12-19T01:28:46.153,BUY,4.07e-05,147.05159705
82679339,2017-12-19T01:28:46.31,BUY,4.07e-05,106.16045063
82679341,2017-12-19T01:28:46.81,BUY,4.07e-05,246.36610002
82679343,2017-12-19T01:28:46.98,BUY,4.07e-05,25.97911548
82679351,2017-12-19T01:28:48.933,BUY,4.068e-05,30.0
82679353,2017-12-19T01:28:49.137,BUY,4.068e-05,775.62683477
82679356,2017-12-19T01:28:50.497,BUY,4.068e-05,246.36610002
82689227,2017-12-19T01:49:50.523,SELL,4.256e-05,539.0
82689230,2017-12-19T01:49:50.833,SELL,4.256e-05,23.4962406
82689231,2017-12-19T01:49:51.07,SELL,4.256e-05,23.4962406
82689232,2017-12-19T01:49:51.193,SELL,4.256e-05,100.0
82689233,2017-12-19T01:49:51.413,SELL,4.256e-05,206.28172273
82689234,2017-12-19T01:49:51.413,SELL,4.25e-05,502.71827727
82689239,2017-12-19T01:49:52.117,SELL,4.257e-05,153.35779855
82689245,2017-12-19T01:49:52.303,BUY,4.255e-05,340.64101115
82689247,2017-12-19T01:49:52.537,SELL,4.255e-05,609.0
82689248,2017-12-19T01:49:52.57,SELL,4.255e-05,510.7252299
82689251,2017-12-19T01:49:52.88,SELL,4.255e-05,100.0
82689255,2017-12-19T01:49:53.21,BUY,4.258e-05,74.84760937
82689259,2017-12-19T01:49:53.46,BUY,4.258e-05,2221.31050954
82689261,2017-12-19T01:49:53.837,SELL,4.255e-05,608.0758734
82689262,2017-12-19T01:49:53.837,SELL,4.25e-05,719.49334791
82689263,2017-12-19T01:49:53.837,SELL,4.25e-05,2672.43077869
82689265,2017-12-19T01:49:54.087,SELL,4.25e-05,11618.545
82689269,2017-12-19T01:49:54.18,BUY,4.258e-05,797.29814232
82689272,2017-12-19T01:49:54.46,SELL,4.25e-05,438.16109131
82689273,2017-12-19T01:49:54.46,SELL,4.25e-05,40.65145357
82689274,2017-12-19T01:49:54.553,SELL,4.25e-05,100.0
82689275,2017-12-19T01:49:54.867,SELL,4.25e-05,491.20561708
82689276,2017-12-19T01:49:55.053,SELL,4.25e-05,229.83951142
82689277,2017-12-19T01:49:55.053,SELL,4.249e-05,140.0
82689278,2017-12-19T01:49:55.053,SELL,4.238e-05,104.25987885
82689279,2017-12-19T01:49:55.053,SELL,4.233e-05,604.40855662
82689280,2017-12-19T01:49:55.117,SELL,4.233e-05,297.13675872
82689284,2017-12-19T01:49:55.867,BUY,4.232e-05,858.47708093
82689285,2017-12-19T01:49:55.93,SELL,4.25e-05,253.31388731
82689288,2017-12-19T01:49:56.193,SELL,4.23e-05,100.0
82689290,2017-12-19T01:49:56.803,BUY,4.249e-05,455.68611269
82689291,2017-12-19T01:49:56.803,BUY,4.254e-05,2354.23413919
82689295,2017-12-19T01:49:57.57,BUY,4.254e-05,40.63660993
82689299,2017-12-19T01:49:59.023,SELL,4.252e-05,23.40911042
82689300,2017-12-19T01:49:59.023,SELL,4.25e-05,76.59088958
82689302,2017-12-19T01:49:59.1,SELL,4.25e-05,423.40911042
82689307,2017-12-19T01:50:00.18,BUY,4.25e-05,23.48520432
82689308,2017-12-19T01:50:00.46,SELL,4.249e-05,300.0
82689309,2017-12-19T01:50:00.46,SELL,4.246e-05,409.0
82689310,2017-12-19T01:50:00.993,SELL,4.246e-05,11.29922837
82689311,2017-12-19T01:50:00.993,SELL,4.23e-05,168.63641844
82689312,2017-12-19T01:50:00.993,SELL,4.23e-05,95.80244681
82689313,2017-12-19T01:50:00.993,SELL,4.23e-05,50.0
82689315,2017-12-19T01:50:01.04,BUY,4.229e-05,39.97146613
82689317,2017-12-19T01:50:01.26,BUY,4.229e-05,48.73908
82689319,2017-12-19T01:50:01.383,BUY,4.229e-05,61.85524212
82689320,2017-12-19T01:50:01.383,BUY,4.25e-05,82.71798488
82689324,2017-12-19T01:50:01.93,BUY,4.25e-05,1172.15773727
82689328,2017-12-19T01:50:02.353,BUY,4.25e-05,2417.68523438
82689331,2017-12-19T01:50:02.54,BUY,4.25e-05,718.75513043
82689333,2017-12-19T01:50:02.9,BUY,4.25e-05,235.34949399
82689335,2017-12-19T01:50:02.93,BUY,4.25e-05,934.43309767
82689338,2017-12-19T01:50:03.197,SELL,4.24e-05,1993.04398821
82689340,2017-12-19T01:50:03.26,BUY,4.244e-05,143.298092
82689344,2017-12-19T01:50:03.417,BUY,4.244e-05,325.0
82689346,2017-12-19T01:50:03.57,BUY,4.244e-05,22.701908
82689347,2017-12-19T01:50:03.57,BUY,4.25e-05,1664.10786587
82689351,2017-12-19T01:50:04.68,BUY,4.246e-05,50.0
82689352,2017-12-19T01:50:04.76,SELL,4.24e-05,421.0
82689354,2017-12-19T01:50:05.057,BUY,4.246e-05,38.49528497
82689355,2017-12-19T01:50:05.447,SELL,4.24e-05,600.37866876
82689357,2017-12-19T01:50:05.493,BUY,4.246e-05,302.41760305
82689360,2017-12-19T01:50:05.57,BUY,4.246e-05,143.008445
82689362,2017-12-19T01:50:06.51,SELL,4.24e-05,568.71800736
82689363,2017-12-19T01:50:06.87,SELL,4.24e-05,119.70313622
82689364,2017-12-19T01:50:06.993,SELL,4.24e-05,952.57146667
82689365,2017-12-19T01:50:07.01,SELL,4.24e-05,61.57473278
82689366,2017-12-19T01:50:07.01,SELL,4.227e-05,235.98296664
82689367,2017-12-19T01:50:07.01,SELL,4.225e-05,99.73539153
82689368,2017-12-19T01:50:07.027,SELL,4.225e-05,311.70690905
82689370,2017-12-19T01:50:07.323,BUY,4.246e-05,32.6975496
82689379,2017-12-19T01:50:08.353,BUY,4.239e-05,394.70077746
82689382,2017-12-19T01:50:08.573,BUY,4.23e-05,147.02741227
82689385,2017-12-19T01:50:08.76,BUY,4.23e-05,28.29787234
82689388,2017-12-19T01:50:08.98,BUY,4.23e-05,312.04905383
82689390,2017-12-19T01:50:09.29,BUY,4.23e-05,153.85088645
82689391,2017-12-19T01:50:09.307,BUY,4.239e-05,26.29922254
82689392,2017-12-19T01:50:09.307,BUY,4.24e-05,144.24529363
82689394,2017-12-19T01:50:09.79,SELL,4.225e-05,88.29309095
82689395,2017-12-19T01:50:09.79,SELL,4.222e-05,117.67074195
82689396,2017-12-19T01:50:09.79,SELL,4.22e-05,892.01088866
82689398,2017-12-19T01:50:09.807,BUY,4.24e-05,446.62276235
82689400,2017-12-19T01:50:09.84,BUY,4.24e-05,100.0
82689404,2017-12-19T01:50:10.197,BUY,4.24e-05,235.29411764
82689407,2017-12-19T01:50:10.417,BUY,4.24e-05,100.0
82689413,2017-12-19T01:50:10.667,BUY,4.239e-05,421.0
82689414,2017-12-19T01:50:10.667,BUY,4.24e-05,3973.83782638
82689415,2017-12-19T01:50:10.667,BUY,4.246e-05,2025.14499548
82689416,2017-12-19T01:50:10.667,BUY,4.249e-05,500.0
82689417,2017-12-19T01:50:10.667,BUY,4.249e-05,11474.996
82689418,2017-12-19T01:50:10.667,BUY,4.25e-05,8817.88163481
82689419,2017-12-19T01:50:10.667,BUY,4.25e-05,4780.46292883
82689420,2017-12-19T01:50:10.667,BUY,4.25e-05,300.0
82689425,2017-12-19T01:50:10.98,SELL,4.25e-05,800.0
82689429,2017-12-19T01:50:11.7,SELL,4.25e-05,163.41718199
82689430,2017-12-19T01:50:11.933,SELL,4.25e-05,2286.825355
82689432,2017-12-19T01:50:11.95,BUY,4.251e-05,235.29411764
82689434,2017-12-19T01:50:12.167,BUY,4.251e-05,64.70588236
82689435,2017-12-19T01:50:12.167,BUY,4.255e-05,170.58823528
82689437,2017-12-19T01:50:12.417,SELL,4.25e-05,691.20476572
82689440,2017-12-19T01:50:12.917,BUY,4.254e-05,235.29411764
82689441,2017-12-19T01:50:12.963,SELL,4.25e-05,4852.01358564
82689442,2017-12-19T01:50:13.183,SELL,4.25e-05,38737.967583
82689443,2017-12-19T01:50:13.323,SELL,4.25e-05,721.08433735
82689447,2017-12-19T01:50:14.137,SELL,4.25e-05,130.54428798
82689450,2017-12-19T01:50:14.23,SELL,4.25e-05,2686.825355
82689451,2017-12-19T01:50:14.277,SELL,4.25e-05,163.41718199
82689452,2017-12-19T01:50:14.37,SELL,4.25e-05,119.10654461
82689456,2017-12-19T01:50:14.95,SELL,4.25e-05,747.80775598
82689460,2017-12-19T01:50:15.12,SELL,4.25e-05,45.40804663
82689462,2017-12-19T01:50:15.183,BUY,4.252e-05,235.29411764
82689469,2017-12-19T01:50:15.793,BUY,4.252e-05,243.51842724
82689470,2017-12-19T01:50:15.793,BUY,4.253e-05,32.29367042
82689471,2017-12-19T01:50:15.95,SELL,4.25e-05,561.0
82689473,2017-12-19T01:50:16.09,SELL,4.25e-05,328.63796214
82689477,2017-12-19T01:50:16.167,BUY,4.251e-05,44.29
82689478,2017-12-19T01:50:16.167,BUY,4.255e-05,663.15680851
82689479,2017-12-19T01:50:16.213,SELL,4.25e-05,710.0
82689485,2017-12-19T01:50:17.293,SELL,4.25e-05,2780.0
82689487,2017-12-19T01:50:17.747,SELL,4.25e-05,51.93691907
82689488,2017-12-19T01:50:17.777,SELL,4.25e-05,227.0
82689490,2017-12-19T01:50:18.357,BUY,4.251e-05,1327.42481159
82689491,2017-12-19T01:50:18.357,BUY,4.251e-05,5983.92488098
82689492,2017-12-19T01:50:18.387,SELL,4.25e-05,518.16424201
82689493,2017-12-19T01:50:18.433,SELL,4.25e-05,146.3414634
82689494,2017-12-19T01:50:18.45,SELL,4.25e-05,113.5206
82689495,2017-12-19T01:50:18.527,SELL,4.25e-05,71.38646428
82689498,2017-12-19T01:50:19.09,BUY,4.251e-05,904.31354375
82689499,2017-12-19T01:50:19.09,SELL,4.25e-05,51.93691907
82689500,2017-12-19T01:50:19.137,SELL,4.25e-05,428.61353571
82689501,2017-12-19T01:50:19.2,SELL,4.25e-05,7213.840399
82689503,2017-12-19T01:50:19.263,BUY,4.251e-05,2505.40753688
82689505,2017-12-19T01:50:19.683,SELL,4.25e-05,537.0
82689507,2017-12-19T01:50:19.87,BUY,4.251e-05,431.78683032
82689508,2017-12-19T01:50:20.09,SELL,4.25e-05,952.57146667
82689510,2017-12-19T01:50:20.17,BUY,4.251e-05,235.29411764
82689511,2017-12-19T01:50:20.183,SELL,4.25e-05,460.64223829
82689517,2017-12-19T01:50:20.747,SELL,4.25e-05,385.5561222
82689522,2017-12-19T01:50:21.373,SELL,4.25e-05,590.0
82689523,2017-12-19T01:50:21.433,SELL,4.25e-05,149.14942292
82689524,2017-12-19T01:50:21.56,SELL,4.25e-05,2818.16844952
82689525,2017-12-19T01:50:21.623,SELL,4.25e-05,14.74926253
82689528,2017-12-19T01:50:21.95,SELL,4.25e-05,561.0
82689529,2017-12-19T01:50:22.013,SELL,4.25e-05,115.22917648
82689531,2017-12-19T01:50:22.17,SELL,4.25e-05,1650.0578102
82689532,2017-12-19T01:50:22.293,SELL,4.25e-05,709.0
82689535,2017-12-19T01:50:22.92,BUY,4.252e-05,119.70313622
82689536,2017-12-19T01:50:22.92,BUY,4.252e-05,100.0
82689537,2017-12-19T01:50:22.92,BUY,4.252e-05,15.59098142
82689539,2017-12-19T01:50:22.997,SELL,4.25e-05,236.55337292
82689544,2017-12-19T01:50:23.827,BUY,4.252e-05,104.1121548
82689545,2017-12-19T01:50:23.827,BUY,4.252e-05,15.8878452
82689551,2017-12-19T01:50:24.64,SELL,4.251e-05,110.63051694
82689552,2017-12-19T01:50:24.64,SELL,4.25e-05,841.94094973
82689558,2017-12-19T01:50:25.187,BUY,4.252e-05,81.42922797
82689559,2017-12-19T01:50:25.2,BUY,4.252e-05,119.70313622
82689560,2017-12-19T01:50:25.2,BUY,4.253e-05,34.16175345
82689562,2017-12-19T01:50:25.59,SELL,4.251e-05,116.96892795
82689563,2017-12-19T01:50:25.59,SELL,4.25e-05,666.80232806
82689564,2017-12-19T01:50:25.59,SELL,4.25e-05,110.25283849
82689565,2017-12-19T01:50:25.59,SELL,4.25e-05,437.81495471
82689566,2017-12-19T01:50:25.59,SELL,4.25e-05,2668.16095079
82689567,2017-12-19T01:50:25.937,SELL,4.25e-05,250.52253719
82689568,2017-12-19T01:50:26.047,SELL,4.25e-05,497.45654722
82689569,2017-12-19T01:50:26.17,SELL,4.25e-05,1583.8599648
82689570,2017-12-19T01:50:26.17,SELL,4.25e-05,13.96227079
82689571,2017-12-19T01:50:26.17,SELL,4.25e-05,300.0
82689572,2017-12-19T01:50:26.17,SELL,4.25e-05,9862.89432594
82689574,2017-12-19T01:50:26.7,SELL,4.25e-05,3956.3595662
82689576,2017-12-19T01:50:26.89,SELL,4.25e-05,2163.04879962
82689577,2017-12-19T01:50:26.89,SELL,4.25e-05,152.66457385
82689578,2017-12-19T01:50:26.89,SELL,4.25e-05,1722.68458266
82689579,2017-12-19T01:50:26.89,SELL,4.25e-05,1017.01626353
82689580,2017-12-19T01:50:26.903,SELL,4.25e-05,652.83896141
82689581,2017-12-19T01:50:26.903,SELL,4.25e-05,26.5712721
82689582,2017-12-19T01:50:26.903,SELL,4.24e-05,161.48502564
82689583,2017-12-19T01:50:26.903,SELL,4.239e-05,69.47179229
82689585,2017-12-19T01:50:26.903,BUY,4.231e-05,47.2585343
82689588,2017-12-19T01:50:27.623,BUY,4.231e-05,1172.97742239
82689590,2017-12-19T01:50:27.937,BUY,4.231e-05,235.29411764
82689592,2017-12-19T01:50:27.937,BUY,4.231e-05,235.29411764
82689595,2017-12-19T01:50:28.403,BUY,4.231e-05,235.29411764
82689597,2017-12-19T01:50:28.95,BUY,4.231e-05,29.29177526
82689599,2017-12-19T01:50:29.233,BUY,4.231e-05,117.10495421
82689601,2017-12-19T01:50:30.42,BUY,4.231e-05,1877.82483913
82689602,2017-12-19T01:50:30.42,BUY,4.24e-05,518.70324785
82689605,2017-12-19T01:50:30.67,BUY,4.24e-05,130.0
82689609,2017-12-19T01:50:31.123,BUY,4.24e-05,60.29675215
82689610,2017-12-19T01:50:31.123,BUY,4.246e-05,164.56933438
82689611,2017-12-19T01:50:31.123,BUY,4.249e-05,29.67615518
82689613,2017-12-19T01:50:31.25,BUY,4.249e-05,127.17353191
82689615,2017-12-19T01:50:31.28,BUY,4.249e-05,235.29411764
82689617,2017-12-19T01:50:31.39,BUY,4.249e-05,762.28917157
82689622,2017-12-19T01:50:32.577,BUY,4.25e-05,156.98933165
82689624,2017-12-19T01:50:33.063,SELL,4.239e-05,397.70095873
82689625,2017-12-19T01:50:33.063,SELL,4.231e-05,54.54527236
82689626,2017-12-19T01:50:33.063,SELL,4.23e-05,28.29787234
82689627,2017-12-19T01:50:33.063,SELL,4.23e-05,194.03578528
82689628,2017-12-19T01:50:33.063,SELL,4.23e-05,130.0
82689629,2017-12-19T01:50:33.063,SELL,4.23e-05,2211.50871408
82689630,2017-12-19T01:50:33.063,SELL,4.229e-05,582.0151678
82689631,2017-12-19T01:50:33.063,SELL,4.229e-05,400.71892779
82689634,2017-12-19T01:50:33.767,BUY,4.25e-05,2201.83419776
82689635,2017-12-19T01:50:33.767,BUY,4.25e-05,2489.70580224
82689640,2017-12-19T01:50:34.28,BUY,4.25e-05,400.98855382
82689643,2017-12-19T01:50:34.64,BUY,4.25e-05,1353.34483421
82689644,2017-12-19T01:50:35.39,SELL,4.24e-05,13.76417446
82689645,2017-12-19T01:50:35.39,SELL,4.23e-05,73.80149979
82689653,2017-12-19T01:50:36.94,BUY,4.24e-05,80.82081408
82689654,2017-12-19T01:50:37.877,SELL,4.24e-05,3.98832979
82689655,2017-12-19T01:50:37.877,SELL,4.231e-05,10.86278684
82689656,2017-12-19T01:50:37.953,SELL,4.231e-05,90.90909091
82689658,2017-12-19T01:50:38.423,SELL,4.231e-05,1428.23137348
82689661,2017-12-19T01:50:38.563,BUY,4.24e-05,186.67213496
82689662,2017-12-19T01:50:38.563,BUY,4.25e-05,48.62198268
82689667,2017-12-19T01:50:38.783,BUY,4.249e-05,235.29411764
82689670,2017-12-19T01:50:39.063,SELL,4.239e-05,640.10062102
82689671,2017-12-19T01:50:39.063,SELL,4.239e-05,156.15804848
82689672,2017-12-19T01:50:39.063,SELL,4.231e-05,5558.07354651
82689673,2017-12-19T01:50:39.267,SELL,4.231e-05,2488.94663585
82689674,2017-12-19T01:50:39.267,SELL,4.231e-05,391.67823968
82689676,2017-12-19T01:50:39.36,BUY,4.249e-05,314.10289362
82689677,2017-12-19T01:50:39.36,BUY,4.25e-05,405.1234752
82689680,2017-12-19T01:50:39.47,BUY,4.25e-05,100.0
82689682,2017-12-19T01:50:39.547,BUY,4.25e-05,2200.0
82689685,2017-12-19T01:50:39.89,BUY,4.249e-05,400.0
82689686,2017-12-19T01:50:39.89,BUY,4.25e-05,2740.19684819
82689687,2017-12-19T01:50:39.89,BUY,4.25e-05,376.44333639
82689688,2017-12-19T01:50:39.89,BUY,4.25e-05,6100.0
82689689,2017-12-19T01:50:39.89,BUY,4.25e-05,9096.62176248
82689690,2017-12-19T01:50:39.987,SELL,4.231e-05,608.32176032
82689691,2017-12-19T01:50:40,SELL,4.23e-05,1429.62227901
82689699,2017-12-19T01:50:42.36,SELL,4.23e-05,322.01450783
82689700,2017-12-19T01:50:42.36,SELL,4.23e-05,183.20480284
82689702,2017-12-19T01:50:42.597,BUY,4.24e-05,1000.0
82689705,2017-12-19T01:50:43.3,BUY,4.24e-05,235.8490566
82689709,2017-12-19T01:50:43.923,BUY,4.24e-05,25.0
82689717,2017-12-19T01:50:45.207,BUY,4.24e-05,235.8490566
82689720,2017-12-19T01:50:45.69,BUY,4.24e-05,235.8490566
82689722,2017-12-19T01:50:45.847,BUY,4.24e-05,27.23162095
82689728,2017-12-19T01:50:46.94,BUY,4.24e-05,235.8490566
82689730,2017-12-19T01:50:46.957,BUY,4.24e-05,235.8490566
82689732,2017-12-19T01:50:47.3,SELL,4.239e-05,34.67780682
82689736,2017-12-19T01:50:47.58,BUY,4.24e-05,84.2105263
82689741,2017-12-19T01:50:48.33,SELL,4.239e-05,1141.89685702
82689742,2017-12-19T01:50:48.33,SELL,4.239e-05,1914.2231777
82689745,2017-12-19T01:50:48.363,BUY,4.24e-05,833.85330248
82689746,2017-12-19T01:50:48.377,SELL,4.239e-05,14463.22239897
82689748,2017-12-19T01:50:48.597,BUY,4.24e-05,91.85832588
82689750,2017-12-19T01:50:48.63,BUY,4.24e-05,1381.38286359
82689752,2017-12-19T01:50:48.77,BUY,4.24e-05,1275.26950884
82689754,2017-12-19T01:50:48.863,SELL,4.239e-05,505.2193107
82689756,2017-12-19T01:50:48.957,BUY,4.24e-05,63.00421235
82689758,2017-12-19T01:50:50.223,SELL,4.239e-05,4953.813361
82689759,2017-12-19T01:50:50.253,SELL,4.239e-05,3148.414821
82689760,2017-12-19T01:50:50.27,SELL,4.239e-05,2281.009944
82689761,2017-12-19T01:50:50.283,SELL,4.239e-05,857.18543
82689762,2017-12-19T01:50:50.3,SELL,4.239e-05,4765.169611
82689763,2017-12-19T01:50:50.363,SELL,4.239e-05,3270.967302
82689765,2017-12-19T01:50:50.38,BUY,4.24e-05,378.02268559
82689766,2017-12-19T01:50:50.38,SELL,4.239e-05,481.58093521
82689767,2017-12-19T01:50:50.38,SELL,4.235e-05,3000.0
82689768,2017-12-19T01:50:50.38,SELL,4.231e-05,245.71974039
82689769,2017-12-19T01:50:50.38,SELL,4.231e-05,52.41045342
82689770,2017-12-19T01:50:50.38,SELL,4.231e-05,370.36790711
82689771,2017-12-19T01:50:50.38,SELL,4.231e-05,1061.15752186
82689772,2017-12-19T01:50:50.38,SELL,4.23e-05,130.02532937
82689773,2017-12-19T01:50:50.38,SELL,4.23e-05,529.23695489
82689774,2017-12-19T01:50:50.38,SELL,4.23e-05,1053.66227575
82689777,2017-12-19T01:50:50.77,BUY,4.24e-05,117.62971698
82689781,2017-12-19T01:50:51.067,BUY,4.238e-05,100.0
82689786,2017-12-19T01:50:52.427,BUY,4.237e-05,126.70846468
82689787,2017-12-19T01:50:52.643,SELL,4.23e-05,1435.49026148
82689788,2017-12-19T01:50:52.643,SELL,4.229e-05,132.26551463
82689790,2017-12-19T01:50:52.677,BUY,4.237e-05,89.41974875
82689791,2017-12-19T01:50:52.69,SELL,4.229e-05,16.64899278
82689792,2017-12-19T01:50:52.69,SELL,4.228e-05,278.46642217
82689793,2017-12-19T01:50:52.69,SELL,4.221e-05,328.78412935
82689794,2017-12-19T01:50:52.69,SELL,4.221e-05,101.02037018
82689795,2017-12-19T01:50:52.69,SELL,4.22e-05,1473.97582861
82689796,2017-12-19T01:50:52.69,SELL,4.22e-05,104.29650146
82689797,2017-12-19T01:50:52.787,SELL,4.22e-05,100.0
82689804,2017-12-19T01:50:54.41,BUY,4.237e-05,36.48738969
82689806,2017-12-19T01:50:54.643,BUY,4.237e-05,500.0
82689808,2017-12-19T01:50:55.083,BUY,4.237e-05,31.64875941
82689810,2017-12-19T01:50:55.503,SELL,4.23e-05,48.94762604
82689812,2017-12-19T01:50:55.66,BUY,4.237e-05,1288.60865756
82689813,2017-12-19T01:50:55.66,BUY,4.238e-05,1055.77375555
82689814,2017-12-19T01:50:55.677,BUY,4.239e-05,930.14507974
82689815,2017-12-19T01:50:55.677,BUY,4.239e-05,3793.32776068
82689817,2017-12-19T01:50:55.973,SELL,4.23e-05,1048.99810372
82689822,2017-12-19T01:50:56.287,BUY,4.238e-05,621.0
82689823,2017-12-19T01:50:56.287,BUY,4.238e-05,347.98360797
82689826,2017-12-19T01:50:57.177,SELL,4.231e-05,34.89519992
82689830,2017-12-19T01:50:58.863,SELL,4.231e-05,90.69643917
82689831,2017-12-19T01:50:58.863,SELL,4.23e-05,390.24811996
82689834,2017-12-19T01:50:59.21,SELL,4.23e-05,2481.38350681
82689835,2017-12-19T01:50:59.21,SELL,4.23e-05,9523.3500875
82689844,2017-12-19T01:51:00.227,BUY,4.238e-05,61.01639203
82689845,2017-12-19T01:51:00.227,BUY,4.238e-05,174.83266457
82689846,2017-12-19T01:51:00.43,SELL,4.23e-05,27.23162095
82689852,2017-12-19T01:51:01.413,SELL,4.23e-05,288.96599439
82689853,2017-12-19T01:51:01.43,SELL,4.23e-05,660.74352837
82689854,2017-12-19T01:51:01.43,SELL,4.23e-05,309.84684515
82689855,2017-12-19T01:51:01.43,SELL,4.22e-05,1799.23972908
82689859,2017-12-19T01:51:01.727,SELL,4.231e-05,23.63507445
82689861,2017-12-19T01:51:01.867,BUY,4.23e-05,306.36492555
82689862,2017-12-19T01:51:01.867,BUY,4.238e-05,4407.28507445
82689866,2017-12-19T01:51:02.913,SELL,4.231e-05,68.02587009
82689868,2017-12-19T01:51:03.103,BUY,4.231e-05,1027.425
82689869,2017-12-19T01:51:03.307,SELL,4.22e-05,202.08694957
82689871,2017-12-19T01:51:03.337,BUY,4.231e-05,23.36065574
82689872,2017-12-19T01:51:03.37,SELL,4.22e-05,243.9024353
82689874,2017-12-19T01:51:03.65,BUY,4.231e-05,235.8490566
82689878,2017-12-19T01:51:04.197,BUY,4.231e-05,345.17685229
82689879,2017-12-19T01:51:04.197,BUY,4.238e-05,3160.86170894
82689883,2017-12-19T01:51:04.883,BUY,4.238e-05,11.62018925
82689884,2017-12-19T01:51:04.9,BUY,4.238e-05,46.15165598
82689885,2017-12-19T01:51:05.023,SELL,4.238e-05,500.0
82689886,2017-12-19T01:51:05.087,SELL,4.238e-05,469.31492742
82689888,2017-12-19T01:51:05.227,BUY,4.235e-05,29.58678882
82689895,2017-12-19T01:51:06.12,SELL,4.23e-05,1940.51645567
82689896,2017-12-19T01:51:06.633,SELL,4.22e-05,2494.3735934
82689897,2017-12-19T01:51:06.743,SELL,4.22e-05,235.8490566
82689898,2017-12-19T01:51:06.76,SELL,4.22e-05,193.84049079
82689900,2017-12-19T01:51:06.963,BUY,4.23e-05,50.27820486
82689901,2017-12-19T01:51:07.12,SELL,4.22e-05,2597.09157
82689904,2017-12-19T01:51:07.243,SELL,4.22e-05,608.0
82689907,2017-12-19T01:51:07.447,BUY,4.23e-05,129.25281791
82689909,2017-12-19T01:51:08.213,SELL,4.22e-05,121.18274357
82689911,2017-12-19T01:51:08.65,SELL,4.22e-05,12274.81242312
82689912,2017-12-19T01:51:08.65,SELL,4.22e-05,270.0
82689913,2017-12-19T01:51:08.65,SELL,4.22e-05,27.04541962
82689914,2017-12-19T01:51:08.65,SELL,4.22e-05,5795.69206526
82689916,2017-12-19T01:51:09.103,BUY,4.229e-05,36.32621453
82689918,2017-12-19T01:51:09.37,SELL,4.22e-05,2262.474587
82689920,2017-12-19T01:51:09.417,BUY,4.229e-05,225.24411456
82689924,2017-12-19T01:51:10.697,SELL,4.22e-05,758.54830166
82689926,2017-12-19T01:51:10.713,BUY,4.229e-05,317.22580086
82689927,2017-12-19T01:51:10.79,SELL,4.22e-05,1183.28504608
82689930,2017-12-19T01:51:11.98,BUY,4.22e-05,235.8490566
82689932,2017-12-19T01:51:12.997,BUY,4.22e-05,235.8490566
82689933,2017-12-19T01:51:13.073,SELL,4.217e-05,797.0
82689937,2017-12-19T01:51:14.51,BUY,4.22e-05,808.59616213
82689941,2017-12-19T01:51:15.247,BUY,4.22e-05,235.8490566
82689942,2017-12-19T01:51:15.26,SELL,4.217e-05,374.8209811
82689943,2017-12-19T01:51:15.26,SELL,4.217e-05,25.0900249
82689944,2017-12-19T01:51:15.98,SELL,4.217e-05,1146.7309562
82689945,2017-12-19T01:51:15.98,SELL,4.217e-05,800.77329719
82689946,2017-12-19T01:51:15.98,SELL,4.216e-05,652.49574661
82689949,2017-12-19T01:51:17.183,BUY,4.22e-05,236.96682464
82689950,2017-12-19T01:51:17.277,SELL,4.216e-05,526.01927237
82689951,2017-12-19T01:51:17.277,SELL,4.216e-05,258.84103782
82689952,2017-12-19T01:51:17.277,SELL,4.213e-05,3198.42801096
82689953,2017-12-19T01:51:17.277,SELL,4.213e-05,547.52840188
82689954,2017-12-19T01:51:17.277,SELL,4.213e-05,160.24021837
82689955,2017-12-19T01:51:17.277,SELL,4.213e-05,24.23832661
82689956,2017-12-19T01:51:17.277,SELL,4.21e-05,140.25219497
82689957,2017-12-19T01:51:17.293,SELL,4.21e-05,432.41397665
82689958,2017-12-19T01:51:17.293,SELL,4.21e-05,50.0
82689959,2017-12-19T01:51:17.293,SELL,4.21e-05,400.0
82689960,2017-12-19T01:51:17.293,SELL,4.207e-05,49.23139393
82689961,2017-12-19T01:51:17.293,SELL,4.201e-05,319.29283307
82689962,2017-12-19T01:51:17.293,SELL,4.201e-05,490.67713445
82689963,2017-12-19T01:51:17.31,SELL,4.201e-05,60.46999737
82689964,2017-12-19T01:51:17.31,SELL,4.2e-05,38.001425
82689965,2017-12-19T01:51:17.31,SELL,4.2e-05,70.65155419
82689966,2017-12-19T01:51:17.31,SELL,4.2e-05,123.67054168
82689967,2017-12-19T01:51:17.31,SELL,4.2e-05,21.74067913
82689968,2017-12-19T01:51:17.31,SELL,4.2e-05,1111.27847049
82689969,2017-12-19T01:51:17.31,SELL,4.2e-05,911.2359625
82689970,2017-12-19T01:51:17.31,SELL,4.2e-05,2375.0
82689971,2017-12-19T01:51:17.31,SELL,4.2e-05,166.25
82689972,2017-12-19T01:51:17.31,SELL,4.2e-05,99.987975
82689973,2017-12-19T01:51:17.31,SELL,4.2e-05,151.2662841
82689974,2017-12-19T01:51:17.37,SELL,4.2e-05,193.91304348
82689975,2017-12-19T01:51:17.387,SELL,4.2e-05,120.56908609
82689977,2017-12-19T01:51:17.607,BUY,4.213e-05,274.11306249
82689981,2017-12-19T01:51:17.95,BUY,4.21e-05,236.96682464
82689985,2017-12-19T01:51:18.81,BUY,4.22e-05,382.8295827
82689986,2017-12-19T01:51:18.81,BUY,4.22e-05,110.02881386
82689987,2017-12-19T01:51:19.607,SELL,4.2e-05,50.0
82689988,2017-12-19T01:51:19.62,SELL,4.2e-05,3005.01566642
82689990,2017-12-19T01:51:19.73,BUY,4.22e-05,76.54011916
82689991,2017-12-19T01:51:20.23,SELL,4.2e-05,2399.6504843
82689992,2017-12-19T01:51:20.357,SELL,4.2e-05,2433.164724
82689993,2017-12-19T01:51:20.543,SELL,4.2e-05,4210.836192
82689996,2017-12-19T01:51:22.03,SELL,4.201e-05,57.04002559
82689997,2017-12-19T01:51:22.03,SELL,4.217e-05,739.56498577
82690000,2017-12-19T01:51:22.107,BUY,4.22e-05,236.96682464
82690002,2017-12-19T01:51:22.53,BUY,4.22e-05,1262.54024111
82690003,2017-12-19T01:51:22.577,SELL,4.217e-05,440.21376927
82690004,2017-12-19T01:51:22.607,SELL,4.215e-05,400.0
82690005,2017-12-19T01:51:22.607,SELL,4.2e-05,1466.011687
82690007,2017-12-19T01:51:23.2,SELL,4.2e-05,4285.164689
82690009,2017-12-19T01:51:23.23,BUY,4.217e-05,199.5077885
82690011,2017-12-19T01:51:23.293,BUY,4.217e-05,69.71503707
82690012,2017-12-19T01:51:23.293,BUY,4.219e-05,30.28496293
82690014,2017-12-19T01:51:23.747,BUY,4.21e-05,100.0
82690015,2017-12-19T01:51:23.747,BUY,4.219e-05,223.96247156
82690017,2017-12-19T01:51:24.013,BUY,4.217e-05,236.96682464
82690019,2017-12-19T01:51:24.23,BUY,4.217e-05,1221.76979856
82690021,2017-12-19T01:51:24.31,BUY,4.217e-05,220.67389572
82690022,2017-12-19T01:51:24.31,BUY,4.219e-05,1615.76675854
82690024,2017-12-19T01:51:24.543,BUY,4.219e-05,438.12943124
82690026,2017-12-19T01:51:24.763,BUY,4.216e-05,4942.60777251
82690028,2017-12-19T01:51:24.857,BUY,4.216e-05,80.94767904
82690030,2017-12-19T01:51:24.967,BUY,4.216e-05,236.54256581
82690032,2017-12-19T01:51:25.107,BUY,4.216e-05,100.0
82690034,2017-12-19T01:51:25.78,SELL,4.2e-05,440.21376927
82690036,2017-12-19T01:51:26.123,SELL,4.217e-05,50.0
82690038,2017-12-19T01:51:26.153,SELL,4.2e-05,180.89725036
82690040,2017-12-19T01:51:26.217,BUY,4.201e-05,24.63330036
82690042,2017-12-19T01:51:26.39,BUY,4.201e-05,56.59574468
82690043,2017-12-19T01:51:26.607,SELL,4.2e-05,4122.55102877
82690046,2017-12-19T01:51:26.983,BUY,4.201e-05,68.77095496
82690047,2017-12-19T01:51:26.983,BUY,4.219e-05,2817.14475222
82690050,2017-12-19T01:51:27.967,BUY,4.216e-05,236.96682464
82690052,2017-12-19T01:51:28,BUY,4.216e-05,236.96682464
82690053,2017-12-19T01:51:28.92,SELL,4.2e-05,241.02193299
82690054,2017-12-19T01:51:28.937,SELL,4.2e-05,241.25452352
82690056,2017-12-19T01:51:30.343,BUY,4.216e-05,29.26483496
82690057,2017-12-19T01:51:30.343,BUY,4.218e-05,4439.45564603
82690876,2017-12-19T01:51:57.253,BUY,4.171e-05,243.30900243
82690877,2017-12-19T01:51:57.253,BUY,4.171e-05,243.30900243
82690879,2017-12-19T01:51:58.05,SELL,4.164e-05,246.60912453
82690880,2017-12-19T01:51:58.067,SELL,4.164e-05,245.398773
82690882,2017-12-19T01:51:58.067,SELL,4.164e-05,216.06632719
82690883,2017-12-19T01:51:58.067,SELL,4.151e-05,29.33244581
82690884,2017-12-19T01:51:58.067,SELL,4.151e-05,245.398773
82690885,2017-12-19T01:51:58.083,SELL,4.151e-05,246.12355402
82690886,2017-12-19T01:51:58.083,SELL,4.151e-05,245.398773
82690887,2017-12-19T01:51:58.083,SELL,4.151e-05,248.13895781
82690888,2017-12-19T01:51:58.083,SELL,4.151e-05,245.7002457
82690889,2017-12-19T01:51:58.1,SELL,4.151e-05,245.76062914
82690890,2017-12-19T01:51:58.1,SELL,4.151e-05,243.54603019
82690891,2017-12-19T01:51:58.1,SELL,4.151e-05,245.398773
82690892,2017-12-19T01:51:58.1,SELL,4.151e-05,246.00246002
82690893,2017-12-19T01:51:58.113,SELL,4.151e-05,244.140625
82690894,2017-12-19T01:51:58.113,SELL,4.151e-05,246.36610002
82690895,2017-12-19T01:51:58.113,SELL,4.151e-05,246.12355402
82690896,2017-12-19T01:51:58.113,SELL,4.151e-05,246.30541871
82690897,2017-12-19T01:51:58.113,SELL,4.151e-05,246.30541871
82690898,2017-12-19T01:51:58.13,SELL,4.151e-05,246.60912453
82690899,2017-12-19T01:51:58.13,SELL,4.151e-05,245.398773
82690900,2017-12-19T01:51:58.13,SELL,4.151e-05,246.60912453
82690901,2017-12-19T01:51:58.13,SELL,4.151e-05,246.30541871
82690902,2017-12-19T01:51:58.147,SELL,4.151e-05,246.30541871
82690903,2017-12-19T01:51:58.147,SELL,4.151e-05,244.43901246
82690904,2017-12-19T01:51:58.147,SELL,4.151e-05,245.7002457
82690905,2017-12-19T01:51:58.147,SELL,4.151e-05,244.140625
82690906,2017-12-19T01:51:58.16,SELL,4.151e-05,246.36610002
82690907,2017-12-19T01:51:58.16,SELL,4.151e-05,248.13895781
82690908,2017-12-19T01:51:58.177,SELL,4.151e-05,245.27839097
82690909,2017-12-19T01:51:58.177,SELL,4.151e-05,245.398773
82690910,2017-12-19T01:51:58.193,SELL,4.151e-05,245.398773
82690911,2017-12-19T01:51:58.193,SELL,4.151e-05,244.2002442
82690912,2017-12-19T01:51:58.193,SELL,4.151e-05,246.12355402
82690913,2017-12-19T01:51:58.24,SELL,4.151e-05,244.43901246
82690914,2017-12-19T01:51:58.253,SELL,4.151e-05,245.7002457
82690915,2017-12-19T01:51:58.253,SELL,4.151e-05,246.30541871
82690916,2017-12-19T01:51:58.253,SELL,4.151e-05,246.60912453
82690917,2017-12-19T01:51:58.253,SELL,4.151e-05,246.36610002
82690918,2017-12-19T01:51:58.27,SELL,4.151e-05,246.30541871
82690919,2017-12-19T01:51:58.27,SELL,4.151e-05,246.30541871
82690920,2017-12-19T01:51:58.287,SELL,4.151e-05,245.76062914
82690921,2017-12-19T01:51:58.38,SELL,4.151e-05,246.36610002
82690923,2017-12-19T01:51:58.397,SELL,4.151e-05,246.36610002
82690925,2017-12-19T01:51:58.77,BUY,4.17e-05,40.11115069
82690926,2017-12-19T01:51:58.927,SELL,4.151e-05,244.02147388
82690927,2017-12-19T01:51:58.927,SELL,4.151e-05,244.02147388
82690928,2017-12-19T01:51:58.943,SELL,4.151e-05,244.02147388
82690930,2017-12-19T01:51:58.973,SELL,4.151e-05,246.30541871
82690932,2017-12-19T01:51:58.973,BUY,4.164e-05,242.77737314
82690933,2017-12-19T01:51:58.973,BUY,4.164e-05,242.30676035
82690934,2017-12-19T01:51:58.973,BUY,4.164e-05,243.07243558
82690935,2017-12-19T01:51:58.973,BUY,4.164e-05,147.09070186
82690936,2017-12-19T01:51:58.973,SELL,4.151e-05,246.36610002
82690937,2017-12-19T01:51:58.99,SELL,4.151e-05,245.76062914
82690938,2017-12-19T01:51:58.99,SELL,4.151e-05,247.21878862
82690939,2017-12-19T01:51:58.99,SELL,4.151e-05,245.27839097
82690940,2017-12-19T01:51:59.003,SELL,4.151e-05,244.2002442
82690941,2017-12-19T01:51:59.003,SELL,4.151e-05,245.398773
82690942,2017-12-19T01:51:59.02,SELL,4.151e-05,245.398773
82690943,2017-12-19T01:51:59.05,SELL,4.151e-05,248.13895781
82690944,2017-12-19T01:51:59.067,SELL,4.151e-05,246.66995559
82690945,2017-12-19T01:51:59.083,SELL,4.151e-05,245.7002457
82690946,2017-12-19T01:51:59.083,SELL,4.151e-05,246.66995559
82690947,2017-12-19T01:51:59.083,SELL,4.151e-05,244.140625
82690948,2017-12-19T01:51:59.1,SELL,4.151e-05,245.398773
82690949,2017-12-19T01:51:59.113,SELL,4.151e-05,246.36610002
82690950,2017-12-19T01:51:59.13,SELL,4.151e-05,246.30541871
82690951,2017-12-19T01:51:59.147,SELL,4.151e-05,246.97456162
82690952,2017-12-19T01:51:59.16,SELL,4.151e-05,245.7002457
82690953,2017-12-19T01:51:59.177,SELL,4.151e-05,246.36610002
82690954,2017-12-19T01:51:59.177,SELL,4.151e-05,245.7002457
82690955,2017-12-19T01:51:59.193,SELL,4.151e-05,248.13895781
82690957,2017-12-19T01:51:59.193,SELL,4.151e-05,246.36610002
82690958,2017-12-19T01:51:59.21,SELL,4.151e-05,244.43901246
82690959,2017-12-19T01:51:59.223,SELL,4.151e-05,246.36610002
82690960,2017-12-19T01:51:59.223,SELL,4.151e-05,246.36610002
82690961,2017-12-19T01:51:59.24,SELL,4.151e-05,246.36610002
82690962,2017-12-19T01:51:59.253,SELL,4.151e-05,244.43901246
82690963,2017-12-19T01:51:59.253,SELL,4.151e-05,246.36610002
82690964,2017-12-19T01:51:59.253,SELL,4.151e-05,246.36610002
82690965,2017-12-19T01:51:59.27,SELL,4.151e-05,246.30541871
82690966,2017-12-19T01:51:59.287,SELL,4.151e-05,246.36610002
82690967,2017-12-19T01:51:59.287,SELL,4.151e-05,247.09661477
82690968,2017-12-19T01:51:59.3,SELL,4.151e-05,246.30541871
82690971,2017-12-19T01:51:59.317,SELL,4.151e-05,243.90243902
82690972,2017-12-19T01:51:59.317,SELL,4.151e-05,244.2002442
82690973,2017-12-19T01:51:59.333,SELL,4.151e-05,244.02147388
82690974,2017-12-19T01:51:59.333,SELL,4.151e-05,245.76062914
82690975,2017-12-19T01:51:59.363,SELL,4.151e-05,243.90243902
82690981,2017-12-19T01:52:00.287,BUY,4.153e-05,15.0
82690983,2017-12-19T01:52:00.443,BUY,4.153e-05,237.81212841
82690987,2017-12-19T01:52:01.41,BUY,4.153e-05,98.15364013
82690988,2017-12-19T01:52:01.41,BUY,4.164e-05,59.84635987
82690989,2017-12-19T01:52:01.443,SELL,4.151e-05,476.9928825
82690991,2017-12-19T01:52:01.693,BUY,4.164e-05,23.87381257
82690994,2017-12-19T01:52:01.817,BUY,4.164e-05,11.96649884
82690995,2017-12-19T01:52:01.817,BUY,4.164e-05,242.7184466
82690996,2017-12-19T01:52:01.817,BUY,4.164e-05,242.30676035
82704314,2017-12-19T02:28:33.67,BUY,4.127e-05,1618.08941
82704317,2017-12-19T02:28:34.013,BUY,4.127e-05,510.140774
82704320,2017-12-19T02:28:34.077,BUY,4.127e-05,676.53663823
82704323,2017-12-19T02:28:34.217,BUY,4.127e-05,1338.925134
82704326,2017-12-19T02:28:34.343,BUY,4.127e-05,406.63985693
82704328,2017-12-19T02:28:34.36,BUY,4.127e-05,242.24806201
82704330,2017-12-19T02:28:34.39,BUY,4.127e-05,1027.066233
82704332,2017-12-19T02:28:34.403,BUY,4.127e-05,103.19481024
82704333,2017-12-19T02:28:34.403,BUY,4.128e-05,958.36235676
82704336,2017-12-19T02:28:34.78,BUY,4.128e-05,1618.08941
82704338,2017-12-19T02:28:34.797,BUY,4.128e-05,1721.050065
82704340,2017-12-19T02:28:34.81,BUY,4.128e-05,6363.00400226
82704341,2017-12-19T02:28:34.81,BUY,4.128e-05,93.81583698
82704342,2017-12-19T02:28:34.827,BUY,4.128e-05,757.74137397
82704343,2017-12-19T02:28:34.827,BUY,4.128e-05,628.66132999
82704344,2017-12-19T02:28:34.827,BUY,4.128e-05,41.80882163
82704345,2017-12-19T02:28:34.827,BUY,4.128e-05,288.83725891
82704346,2017-12-19T02:28:34.827,BUY,4.128e-05,51.7733167
82704347,2017-12-19T02:28:34.827,BUY,4.129e-05,665.97687563
82704348,2017-12-19T02:28:34.827,BUY,4.129e-05,1263.3508237
82704349,2017-12-19T02:28:34.827,BUY,4.129e-05,300.0
82704350,2017-12-19T02:28:34.827,BUY,4.129e-05,100.0
82704351,2017-12-19T02:28:34.827,BUY,4.129e-05,150.0
82704352,2017-12-19T02:28:34.827,BUY,4.129e-05,15.0
82704353,2017-12-19T02:28:34.827,BUY,4.129e-05,204.04192098
82704354,2017-12-19T02:28:34.827,BUY,4.129e-05,150.0
82704355,2017-12-19T02:28:34.827,BUY,4.13e-05,221.15755125
82704357,2017-12-19T02:28:34.873,BUY,4.13e-05,1338.925134
82704360,2017-12-19T02:28:35,BUY,4.13e-05,12953.34344
82704363,2017-12-19T02:28:35.14,SELL,4.12e-05,435.97801612
82704364,2017-12-19T02:28:35.14,SELL,4.119e-05,24.27380856
82704366,2017-12-19T02:28:35.217,BUY,4.111e-05,103.88771463
82704367,2017-12-19T02:28:35.217,BUY,4.127e-05,138.36034738
82704371,2017-12-19T02:28:36.657,BUY,4.125e-05,1618.089409
82704373,2017-12-19T02:28:36.67,BUY,4.125e-05,400.39443733
82704375,2017-12-19T02:28:36.67,BUY,4.125e-05,6812.00303788
82704376,2017-12-19T02:28:36.67,BUY,4.127e-05,2558.45724679
82704377,2017-12-19T02:28:36.67,BUY,4.13e-05,203.65876233
82704379,2017-12-19T02:28:36.687,BUY,4.13e-05,1721.050064
82704381,2017-12-19T02:28:36.78,BUY,4.13e-05,1338.925135
82704386,2017-12-19T02:28:37.373,BUY,4.128e-05,242.24806201
82704388,2017-12-19T02:28:37.39,BUY,4.128e-05,242.24806201
82704391,2017-12-19T02:28:37.623,BUY,4.128e-05,75.87230927
82704392,2017-12-19T02:28:37.623,BUY,4.13e-05,1645.17775573
82704397,2017-12-19T02:28:37.937,BUY,4.13e-05,678.42287756
82704401,2017-12-19T02:28:38.577,BUY,4.13e-05,194.81033745
82704402,2017-12-19T02:28:38.577,BUY,4.13e-05,25.81163768
82704403,2017-12-19T02:28:38.577,BUY,4.13e-05,1397.46743387
82704405,2017-12-19T02:28:38.937,BUY,4.13e-05,1338.925135
82704411,2017-12-19T02:28:39.483,BUY,4.13e-05,6967.3905521
82704412,2017-12-19T02:28:39.483,BUY,4.13e-05,30.0
82704413,2017-12-19T02:28:39.483,BUY,4.13e-05,14.77556109
82704414,2017-12-19T02:28:39.483,BUY,4.13e-05,1223.02779881
82704418,2017-12-19T02:28:39.657,BUY,4.13e-05,242.24806201
82704420,2017-12-19T02:28:39.843,BUY,4.13e-05,21.02511939
82704422,2017-12-19T02:28:39.907,BUY,4.13e-05,510.140774
82704424,2017-12-19T02:28:40.42,BUY,4.13e-05,397.04768009
82704429,2017-12-19T02:28:42.077,BUY,4.13e-05,681.08746441
82704432,2017-12-19T02:28:44.733,BUY,4.13e-05,370.37690367
82704433,2017-12-19T02:28:44.937,SELL,4.127e-05,1034.62478919
82704435,2017-12-19T02:28:45.157,BUY,4.127e-05,6.97423659
82704436,2017-12-19T02:28:45.157,BUY,4.13e-05,386.3980537
82704442,2017-12-19T02:28:45.673,BUY,4.13e-05,510.140774
82704444,2017-12-19T02:28:45.89,BUY,4.128e-05,683.82357735
82704451,2017-12-19T02:28:48.453,SELL,4.121e-05,170.4933487
82704455,2017-12-19T02:28:49.843,SELL,4.117e-05,24.28559864
82704456,2017-12-19T02:28:49.843,SELL,4.11e-05,273.19678
82704457,2017-12-19T02:28:49.843,SELL,4.11e-05,4268.0372281
82704458,2017-12-19T02:28:49.843,SELL,4.106e-05,233.19594463
82704459,2017-12-19T02:28:49.843,SELL,4.106e-05,65.0
82704460,2017-12-19T02:28:49.843,SELL,4.105e-05,1528.7821078
82704461,2017-12-19T02:28:49.843,SELL,4.103e-05,2924.24163173
82704462,2017-12-19T02:28:49.843,SELL,4.103e-05,47.16013709
82704463,2017-12-19T02:28:49.843,SELL,4.103e-05,1072.96874239
82704464,2017-12-19T02:28:49.843,SELL,4.103e-05,55.0
82704465,2017-12-19T02:28:49.843,SELL,4.103e-05,800.0
82704466,2017-12-19T02:28:49.843,SELL,4.102e-05,40.42160836
82704467,2017-12-19T02:28:49.843,SELL,4.101e-05,162.18300293
82704468,2017-12-19T02:28:49.843,SELL,4.101e-05,1502.69008961
82704469,2017-12-19T02:28:49.843,SELL,4.1e-05,877.07539714
82704470,2017-12-19T02:28:49.843,SELL,4.1e-05,38.32560976
82704471,2017-12-19T02:28:49.843,SELL,4.1e-05,129.18521532
82704476,2017-12-19T02:28:50.5,SELL,4.111e-05,700.0
82704478,2017-12-19T02:28:50.8,BUY,4.12e-05,1160.89558602
82704479,2017-12-19T02:28:50.8,BUY,4.128e-05,30.86068638
82704480,2017-12-19T02:28:50.987,SELL,4.111e-05,4787.84303269
82704481,2017-12-19T02:28:51.203,SELL,4.111e-05,18096.04760778
82704485,2017-12-19T02:28:52.173,BUY,4.128e-05,3394.93577722
82704486,2017-12-19T02:28:52.173,BUY,4.129e-05,418.97489076
82704487,2017-12-19T02:28:52.173,BUY,4.13e-05,738.50736992
82704488,2017-12-19T02:28:52.173,BUY,4.13e-05,162.2722167
82704489,2017-12-19T02:28:52.173,BUY,4.13e-05,491.60729184
82704490,2017-12-19T02:28:52.173,BUY,4.136e-05,1000.0
82704491,2017-12-19T02:28:52.173,BUY,4.136e-05,10000.0
82704492,2017-12-19T02:28:52.173,BUY,4.14e-05,1000.0
82704493,2017-12-19T02:28:52.173,BUY,4.14e-05,85.08940951
82704494,2017-12-19T02:28:52.173,BUY,4.14e-05,533.0
82704495,2017-12-19T02:28:52.173,BUY,4.142e-05,311.85890105
82704501,2017-12-19T02:28:53.847,SELL,4.142e-05,1863.754143
82704503,2017-12-19T02:28:53.847,BUY,4.127e-05,24.21307506
82704511,2017-12-19T02:28:54.487,BUY,4.127e-05,17.56972862
82704518,2017-12-19T02:28:55.55,BUY,4.127e-05,287.22935877
82704523,2017-12-19T02:28:56.457,SELL,4.104e-05,3895.43047727
82704532,2017-12-19T02:28:57.61,SELL,4.12e-05,27.19030091
82704537,2017-12-19T02:28:58.97,BUY,4.127e-05,100.0
82704551,2017-12-19T02:29:02.923,BUY,4.126e-05,20.0
82704554,2017-12-19T02:29:03.113,BUY,4.126e-05,183.227
82704558,2017-12-19T02:29:03.847,BUY,4.126e-05,3433.0
82704563,2017-12-19T02:29:05.16,BUY,4.126e-05,668.86419298
82704564,2017-12-19T02:29:05.16,BUY,4.127e-05,2778.4658361
82704568,2017-12-19T02:29:06.003,BUY,4.127e-05,1666.57381262
82704571,2017-12-19T02:29:06.69,BUY,4.127e-05,4885.47186379
82704572,2017-12-19T02:29:06.69,BUY,4.127e-05,492.38045723
82704573,2017-12-19T02:29:06.69,BUY,4.127e-05,74.22106825
82704574,2017-12-19T02:29:07.177,SELL,4.127e-05,931.17058492
82704575,2017-12-19T02:29:07.3,SELL,4.127e-05,2197.79599415
82704579,2017-12-19T02:29:08.067,BUY,4.129e-05,200.0
82704583,2017-12-19T02:29:09.677,SELL,4.127e-05,989.06480825
82704588,2017-12-19T02:29:11.207,SELL,4.127e-05,1826.81347955
82704589,2017-12-19T02:29:11.52,SELL,4.127e-05,9228.23134751
82704592,2017-12-19T02:29:11.94,BUY,4.129e-05,511.1892002
82704594,2017-12-19T02:29:11.94,BUY,4.129e-05,471.72406715
82704595,2017-12-19T02:29:11.957,BUY,4.149e-05,1447.15043158
82704596,2017-12-19T02:29:11.957,BUY,4.149e-05,201.0
82704597,2017-12-19T02:29:11.957,BUY,4.149e-05,72.89963276
82704598,2017-12-19T02:29:11.957,BUY,4.15e-05,316.29671465
82704599,2017-12-19T02:29:11.957,BUY,4.15e-05,150.0
82704600,2017-12-19T02:29:11.957,BUY,4.15e-05,255.9148
82704601,2017-12-19T02:29:11.957,BUY,4.15e-05,175.0
82704602,2017-12-19T02:29:11.957,BUY,4.15e-05,4901.76706711
82704604,2017-12-19T02:29:12.19,BUY,4.15e-05,4465.66314183
82704612,2017-12-19T02:29:13.223,SELL,4.15e-05,540.33685817
82704613,2017-12-19T02:29:13.63,SELL,4.127e-05,771.76865249
82704619,2017-12-19T02:29:14.38,BUY,4.129e-05,22.13445047
82704622,2017-12-19T02:29:15.693,BUY,4.129e-05,114.0
82704627,2017-12-19T02:29:17.537,SELL,4.127e-05,10597.28543794
82704630,2017-12-19T02:29:18.053,BUY,4.129e-05,472.83790523
82704635,2017-12-19T02:29:18.77,BUY,4.129e-05,1467.36288722
82704636,2017-12-19T02:29:18.77,BUY,4.129e-05,16.73738968
82704637,2017-12-19T02:29:19.427,SELL,4.129e-05,1197.96801143
82704638,2017-12-19T02:29:19.427,SELL,4.127e-05,1665.28804999
82704640,2017-12-19T02:29:19.943,BUY,4.145e-05,38.001425
82704641,2017-12-19T02:29:19.943,BUY,4.148e-05,204.7170216
82704645,2017-12-19T02:29:20.537,SELL,4.128e-05,1415.46571843
82704656,2017-12-19T02:29:22.71,SELL,4.128e-05,6775.20928157
82704657,2017-12-19T02:29:22.71,SELL,4.127e-05,4848.06853639
82704660,2017-12-19T02:29:23.1,BUY,4.129e-05,242.7184466
82704664,2017-12-19T02:29:24.163,BUY,4.129e-05,757.2815534
82704666,2017-12-19T02:29:24.57,SELL,4.127e-05,1202.9307569
82704672,2017-12-19T02:29:26.13,SELL,4.129e-05,146.82620163
82704673,2017-12-19T02:29:26.13,SELL,4.127e-05,16860.99797912
82704678,2017-12-19T02:29:28.617,BUY,4.148e-05,458.9348854
82704680,2017-12-19T02:29:29.38,BUY,4.148e-05,46.45956223
82704681,2017-12-19T02:29:29.38,BUY,4.148e-05,196.25888437
82704684,2017-12-19T02:29:31.18,SELL,4.129e-05,1608.73243885
82704685,2017-12-19T02:29:31.18,SELL,4.128e-05,533.15943596
82704687,2017-12-19T02:29:31.29,SELL,4.127e-05,38.14471218
82704691,2017-12-19T02:29:32.413,SELL,4.127e-05,1001.8625576
82704693,2017-12-19T02:29:32.443,BUY,4.148e-05,241.08003857
82704701,2017-12-19T02:29:33.837,BUY,4.129e-05,25.54983333
82704704,2017-12-19T02:29:33.883,BUY,4.129e-05,18.0
82704706,2017-12-19T02:29:34.04,BUY,4.129e-05,406.87891832
82704708,2017-12-19T02:29:34.383,BUY,4.147e-05,241.08003857
82704710,2017-12-19T02:29:34.727,SELL,4.129e-05,42.40129748
82704711,2017-12-19T02:29:34.727,SELL,4.127e-05,1166.47464274
82704713,2017-12-19T02:29:37.947,SELL,4.127e-05,500.0
82704714,2017-12-19T02:29:38.1,SELL,4.127e-05,2000.0
82704716,2017-12-19T02:29:38.337,SELL,4.127e-05,2106.23275932
82704719,2017-12-19T02:29:39.383,BUY,4.129e-05,241.08003857
82704723,2017-12-19T02:29:39.9,BUY,4.129e-05,521.07440618
82704725,2017-12-19T02:29:40.07,BUY,4.129e-05,45.89712127
82704727,2017-12-19T02:29:40.117,BUY,4.129e-05,191.94843398
82704728,2017-12-19T02:29:40.117,BUY,4.129e-05,49.13160459
82704732,2017-12-19T02:29:40.883,BUY,4.129e-05,50.0
82704734,2017-12-19T02:29:42.057,SELL,4.128e-05,107.24972222
82704737,2017-12-19T02:29:42.917,BUY,4.129e-05,184.2898602
82704738,2017-12-19T02:29:42.917,BUY,4.129e-05,83.27820991
82704739,2017-12-19T02:29:42.917,BUY,4.129e-05,604.89500164
82704740,2017-12-19T02:29:42.917,BUY,4.142e-05,70.0
82704742,2017-12-19T02:29:43.917,SELL,4.142e-05,57.53692825
82704743,2017-12-19T02:29:43.917,SELL,4.128e-05,6006.13949835
82704744,2017-12-19T02:29:43.917,SELL,4.127e-05,9126.094349
82704745,2017-12-19T02:29:43.917,SELL,4.127e-05,28.3669954
82704746,2017-12-19T02:29:43.917,SELL,4.127e-05,91.40584448
82704747,2017-12-19T02:29:43.917,SELL,4.127e-05,310.34165859
82704748,2017-12-19T02:29:43.917,SELL,4.127e-05,564.16552413
82704749,2017-12-19T02:29:43.917,SELL,4.127e-05,677.60752665
82704750,2017-12-19T02:29:43.917,SELL,4.127e-05,135.135
82704751,2017-12-19T02:29:43.917,SELL,4.127e-05,7500.80852015
82704752,2017-12-19T02:29:44.887,SELL,4.127e-05,297.69760671
82704766,2017-12-19T02:29:47.07,BUY,4.147e-05,1585.3333719
82704767,2017-12-19T02:29:47.07,BUY,4.147e-05,2918.13073272
82704768,2017-12-19T02:29:47.07,BUY,4.148e-05,562.66107706
82704769,2017-12-19T02:29:47.07,BUY,4.148e-05,1804.67319256
82704770,2017-12-19T02:29:47.07,BUY,4.15e-05,1205.75441872
82704771,2017-12-19T02:29:47.07,BUY,4.15e-05,500.0
82704772,2017-12-19T02:29:47.07,BUY,4.15e-05,542.47823009
82704775,2017-12-19T02:29:47.4,SELL,4.15e-05,9.5e-07
82704777,2017-12-19T02:29:47.557,BUY,4.142e-05,91.79323955
82704779,2017-12-19T02:29:47.57,BUY,4.142e-05,433.03767302
82704784,2017-12-19T02:29:48.667,SELL,4.129e-05,96.35284694
82704785,2017-12-19T02:29:48.667,SELL,4.127e-05,3185.52346586
82704787,2017-12-19T02:29:48.807,BUY,4.142e-05,181.82248077
82704789,2017-12-19T02:29:48.963,BUY,4.142e-05,2011.65992483
82704790,2017-12-19T02:29:48.963,BUY,4.142e-05,300.0
82704793,2017-12-19T02:29:49.4,BUY,4.151e-05,214.60591448
82704794,2017-12-19T02:29:49.4,BUY,4.154e-05,26.47412409
82704802,2017-12-19T02:29:52.01,SELL,4.127e-05,784.0413123
82704803,2017-12-19T02:29:52.01,SELL,4.127e-05,3600.0
82704804,2017-12-19T02:29:52.01,SELL,4.126e-05,878.72908204
82704806,2017-12-19T02:29:52.057,BUY,4.126e-05,1904.16699669
82704808,2017-12-19T02:29:52.103,BUY,4.126e-05,1688.40920716
82704811,2017-12-19T02:29:53.12,BUY,4.126e-05,1930.26749789
82704813,2017-12-19T02:29:53.26,BUY,4.126e-05,45.0
82704821,2017-12-19T02:29:54.59,BUY,4.126e-05,24.4789142
82704825,2017-12-19T02:29:55.4,BUY,4.126e-05,480.60708263
82704828,2017-12-19T02:29:55.557,BUY,4.126e-05,1000.0
82704843,2017-12-19T02:29:57.747,BUY,4.126e-05,38.91090133
82704850,2017-12-19T02:29:58.48,BUY,4.126e-05,332.67471159
82704856,2017-12-19T02:29:59.387,BUY,4.126e-05,43.43523472
82704860,2017-12-19T02:30:00.073,BUY,4.126e-05,515.4695482
82704865,2017-12-19T02:30:00.963,BUY,4.126e-05,3741.633692
82704878,2017-12-19T02:30:03.497,SELL,4.129e-05,22.54999951
82704879,2017-12-19T02:30:03.607,SELL,4.129e-05,3778.03214469
82704881,2017-12-19T02:30:03.857,SELL,4.129e-05,199.72742839
82704886,2017-12-19T02:30:04.543,BUY,4.147e-05,503.720895
82704892,2017-12-19T02:30:05.37,SELL,4.131e-05,526.85650494
82704893,2017-12-19T02:30:05.84,SELL,4.131e-05,5756.36993581
82704896,2017-12-19T02:30:06.433,SELL,4.131e-05,431.78683032
82704912,2017-12-19T02:30:09.153,SELL,4.13e-05,2316.35175
82704913,2017-12-19T02:30:09.153,SELL,4.129e-05,286.10101343
82704930,2017-12-19T02:30:12.293,BUY,4.147e-05,2414.40983772
82704931,2017-12-19T02:30:12.293,BUY,4.148e-05,1076.95820819
82704933,2017-12-19T02:30:12.39,BUY,4.148e-05,5006.0
82704946,2017-12-19T02:30:14.92,BUY,4.14e-05,71.92340707
82704947,2017-12-19T02:30:14.92,BUY,4.149e-05,28.07659293
82704951,2017-12-19T02:30:16.263,SELL,4.135e-05,35.0
82704973,2017-12-19T02:30:19.327,BUY,4.149e-05,250.0
82704981,2017-12-19T02:30:20.937,BUY,4.149e-05,21.92340707
82704982,2017-12-19T02:30:20.937,BUY,4.149e-05,2260.29240096
82704984,2017-12-19T02:30:23.623,SELL,4.135e-05,469.57218056
82704985,2017-12-19T02:30:23.64,SELL,4.135e-05,245.42781944
82704986,2017-12-19T02:30:23.64,SELL,4.135e-05,181.57218056
82704989,2017-12-19T02:30:24.093,BUY,4.148e-05,68.91436591
82704993,2017-12-19T02:30:25.157,SELL,4.135e-05,2234.26700568
82704994,2017-12-19T02:30:25.157,SELL,4.135e-05,1540.45167352
82704995,2017-12-19T02:30:25.157,SELL,4.135e-05,238.63311911
82704999,2017-12-19T02:30:25.547,BUY,4.135e-05,1377.12653149
82705004,2017-12-19T02:30:27.42,BUY,4.135e-05,14.0
82705009,2017-12-19T02:30:29.063,BUY,4.135e-05,23.64190764
82705014,2017-12-19T02:30:30.797,BUY,4.135e-05,510.0
82705018,2017-12-19T02:30:31.58,BUY,4.135e-05,5671.0413492
82705019,2017-12-19T02:30:31.58,BUY,4.135e-05,30.0
82705020,2017-12-19T02:30:31.58,BUY,4.135e-05,603.783204
82705023,2017-12-19T02:30:31.767,BUY,4.135e-05,706.88494861
82705026,2017-12-19T02:30:31.953,BUY,4.135e-05,1689.33184739
82705027,2017-12-19T02:30:31.953,BUY,4.135e-05,1600.0
82705029,2017-12-19T02:30:32.94,BUY,4.147e-05,200.0
82705030,2017-12-19T02:30:32.94,BUY,4.148e-05,254.45970174
82705036,2017-12-19T02:30:34.923,BUY,4.148e-05,241.02193299
82705050,2017-12-19T02:30:41.033,BUY,4.142e-05,241.02193299
82705052,2017-12-19T02:30:41.55,BUY,4.142e-05,655.0
82705054,2017-12-19T02:30:41.847,SELL,4.135e-05,303.66172845
82705056,2017-12-19T02:30:42.47,BUY,4.142e-05,216.97717153
82705064,2017-12-19T02:30:44.97,BUY,4.142e-05,241.08003857
82705067,2017-12-19T02:30:45.47,BUY,4.142e-05,120.06499759
82705073,2017-12-19T02:30:47.143,BUY,4.142e-05,14.0
82705077,2017-12-19T02:30:47.69,BUY,4.142e-05,670.51382473
82705080,2017-12-19T02:30:49.377,BUY,4.142e-05,11.85050732
82705081,2017-12-19T02:30:49.377,BUY,4.148e-05,614.14543108
82705084,2017-12-19T02:30:49.957,BUY,4.148e-05,241.08003857
82705092,2017-12-19T02:30:53.003,BUY,4.147e-05,17.34831395
82705093,2017-12-19T02:30:53.003,BUY,4.148e-05,80.37852971
82705094,2017-12-19T02:30:53.003,BUY,4.148e-05,120.18209662
82705099,2017-12-19T02:30:54.143,SELL,4.145e-05,40.0
82705101,2017-12-19T02:30:54.223,BUY,4.148e-05,340.19399754
82705105,2017-12-19T02:30:54.787,BUY,4.148e-05,1817.48567346
82705108,2017-12-19T02:30:56.097,BUY,4.148e-05,37.99286689
82705111,2017-12-19T02:30:56.833,BUY,4.148e-05,438.09569323
82705113,2017-12-19T02:30:57.55,BUY,4.148e-05,241.08003857
82705118,2017-12-19T02:30:58.35,BUY,4.147e-05,447.62097252
82705120,2017-12-19T02:30:59.083,SELL,4.145e-05,581.27452533
82705121,2017-12-19T02:30:59.083,SELL,4.142e-05,207.70358026
82705122,2017-12-19T02:30:59.083,SELL,4.142e-05,1211.53578751
82705126,2017-12-19T02:30:59.863,SELL,4.142e-05,2411.34556842
82705127,2017-12-19T02:30:59.863,SELL,4.142e-05,2823.33151376
82705128,2017-12-19T02:30:59.863,SELL,4.136e-05,378.05804703
82705129,2017-12-19T02:30:59.863,SELL,4.135e-05,228.48882133
82705137,2017-12-19T02:31:01.787,BUY,4.147e-05,552.37902748
82705138,2017-12-19T02:31:01.787,BUY,4.148e-05,2956.79339757
82705139,2017-12-19T02:31:01.787,BUY,4.148e-05,1732.03902968
82705140,2017-12-19T02:31:01.787,BUY,4.148e-05,15.0
82705141,2017-12-19T02:31:01.787,BUY,4.148e-05,458.95283238
82705142,2017-12-19T02:31:01.863,SELL,4.148e-05,2848.46381065
82705143,2017-12-19T02:31:01.99,SELL,4.148e-05,1000.0
82705146,2017-12-19T02:31:02.567,BUY,4.149e-05,241.08003857
82705151,2017-12-19T02:31:03.757,SELL,4.148e-05,32.09852968
82705152,2017-12-19T02:31:04.007,SELL,4.148e-05,2578.72816764
82705153,2017-12-19T02:31:04.007,SELL,4.148e-05,73.75993069
82705154,2017-12-19T02:31:04.007,SELL,4.147e-05,722.187477
82705157,2017-12-19T02:31:05.1,BUY,4.147e-05,241.08003857
82705160,2017-12-19T02:31:07.07,BUY,4.147e-05,485.39986609
82705162,2017-12-19T02:31:07.57,BUY,4.147e-05,241.08003857
82705164,2017-12-19T02:31:07.723,BUY,4.147e-05,500.0
82705168,2017-12-19T02:31:09.147,BUY,4.147e-05,57.82963035
82705170,2017-12-19T02:31:09.473,BUY,4.147e-05,241.08003857
82705172,2017-12-19T02:31:09.473,BUY,4.147e-05,241.08003857
82705174,2017-12-19T02:31:09.583,BUY,4.145e-05,91.41751229
82705178,2017-12-19T02:31:10.74,BUY,4.145e-05,3295.87402712
82705179,2017-12-19T02:31:10.74,BUY,4.147e-05,1710.12597288
82705181,2017-12-19T02:31:11.21,BUY,4.147e-05,70.5891972
82705183,2017-12-19T02:31:12.537,BUY,4.147e-05,241.08003857
82705185,2017-12-19T02:31:12.553,BUY,4.147e-05,241.08003857
82705190,2017-12-19T02:31:14.1,BUY,4.145e-05,1000.0
82705192,2017-12-19T02:31:14.49,BUY,4.145e-05,241.08003857
82705198,2017-12-19T02:31:16.63,BUY,4.145e-05,200.0
82705202,2017-12-19T02:31:17.553,BUY,4.145e-05,241.25452352
82705214,2017-12-19T02:31:21.117,BUY,4.145e-05,810.675
82705221,2017-12-19T02:31:23.46,SELL,4.142e-05,50.0
82705225,2017-12-19T02:31:25.04,BUY,4.145e-05,241.25452352
82705228,2017-12-19T02:31:27.557,BUY,4.145e-05,241.25452352
82705233,2017-12-19T02:31:29.493,BUY,4.145e-05,241.25452352
82705239,2017-12-19T02:31:32.837,BUY,4.145e-05,25.09737231
82705242,2017-12-19T02:31:32.963,BUY,4.145e-05,488.840411
82705244,2017-12-19T02:31:35.633,SELL,4.142e-05,50.0
82705245,2017-12-19T02:31:35.743,SELL,4.142e-05,270.86761608
82705246,2017-12-19T02:31:35.743,SELL,4.142e-05,361.47724908
82705249,2017-12-19T02:31:36.73,SELL,4.142e-05,580.56420734
82705250,2017-12-19T02:31:36.73,SELL,4.142e-05,148.68144495
82705251,2017-12-19T02:31:36.73,SELL,4.142e-05,1581.40910399
82705252,2017-12-19T02:31:36.73,SELL,4.142e-05,284.64165861
82705253,2017-12-19T02:31:36.73,SELL,4.142e-05,120.9159289
82705254,2017-12-19T02:31:36.73,SELL,4.142e-05,831.17542431
82705255,2017-12-19T02:31:36.73,SELL,4.142e-05,1204.12844037
82705256,2017-12-19T02:31:36.73,SELL,4.142e-05,200.0
82705257,2017-12-19T02:31:36.73,SELL,4.142e-05,500.38227315
82705258,2017-12-19T02:31:36.73,SELL,4.142e-05,120.64018349
82705261,2017-12-19T02:31:37.493,BUY,4.145e-05,100.0
82705265,2017-12-19T02:31:38.4,BUY,4.145e-05,1188.15700857
82705266,2017-12-19T02:31:38.4,BUY,4.145e-05,592.59828094
82705268,2017-12-19T02:31:38.743,BUY,4.145e-05,89.46744753
82705270,2017-12-19T02:31:38.87,BUY,4.145e-05,100.301003
82705272,2017-12-19T02:31:39.527,BUY,4.145e-05,230.35046028
82705273,2017-12-19T02:31:39.527,BUY,4.145e-05,10.90406324
82705275,2017-12-19T02:31:40.01,BUY,4.145e-05,4.7438116
82705276,2017-12-19T02:31:40.01,BUY,4.145e-05,83.47260723
82705277,2017-12-19T02:31:40.01,BUY,4.145e-05,82.55604946
82705278,2017-12-19T02:31:40.01,BUY,4.145e-05,59.80165133
82705279,2017-12-19T02:31:40.01,BUY,4.145e-05,10.6804039
82705287,2017-12-19T02:31:41.323,BUY,4.145e-05,9.3195961
82705288,2017-12-19T02:31:41.323,BUY,4.147e-05,288.87923545
82705289,2017-12-19T02:31:41.323,BUY,4.147e-05,15.09090909
82705290,2017-12-19T02:31:41.323,BUY,4.147e-05,260.37061316
82705292,2017-12-19T02:31:42.463,SELL,4.143e-05,2279.77094368
82705298,2017-12-19T02:31:44.823,BUY,4.147e-05,241.25452352
82705300,2017-12-19T02:31:45.823,SELL,4.145e-05,1500.0
82705305,2017-12-19T02:31:46.45,BUY,4.145e-05,223.22856945
82705308,2017-12-19T02:31:46.73,BUY,4.145e-05,228.52915411
82705311,2017-12-19T02:31:47.497,BUY,4.145e-05,926.74242018
82705314,2017-12-19T02:31:48.357,BUY,4.145e-05,24.12545235
82705323,2017-12-19T02:31:52.293,SELL,4.143e-05,1220.66770947
82705324,2017-12-19T02:31:52.293,SELL,4.143e-05,65.93436755
82705325,2017-12-19T02:31:52.293,SELL,4.142e-05,405.85087561
82705326,2017-12-19T02:31:52.31,SELL,4.142e-05,77.65376147
82705327,2017-12-19T02:31:52.31,SELL,4.142e-05,12474.25571935
82705329,2017-12-19T02:31:52.827,BUY,4.145e-05,440.58463518
82705331,2017-12-19T02:31:53.39,BUY,4.145e-05,44.10911047
82705334,2017-12-19T02:31:54.78,SELL,4.142e-05,20.66863018
82705342,2017-12-19T02:31:58.17,SELL,4.142e-05,30.3940216
82705352,2017-12-19T02:32:01.36,BUY,4.143e-05,30.0
82705357,2017-12-19T02:32:02.063,BUY,4.143e-05,31.99484258
82705360,2017-12-19T02:32:02.86,BUY,4.143e-05,398.18453662
82705361,2017-12-19T02:32:02.86,BUY,4.145e-05,306.03024866
82705362,2017-12-19T02:32:03.08,SELL,4.142e-05,1371.82440356
82705365,2017-12-19T02:32:03.657,SELL,4.143e-05,15.95574513
82705367,2017-12-19T02:32:04.063,SELL,4.143e-05,272.64928796
82705371,2017-12-19T02:32:04.97,SELL,4.143e-05,0.14775691
82705372,2017-12-19T02:32:04.97,SELL,4.142e-05,14392.59420925
82705373,2017-12-19T02:32:04.97,SELL,4.142e-05,481.27424312
82705374,2017-12-19T02:32:04.97,SELL,4.14e-05,357.47677355
82705375,2017-12-19T02:32:04.97,SELL,4.137e-05,2561.37649717
82705377,2017-12-19T02:32:05.047,BUY,4.145e-05,241.25452352
82705380,2017-12-19T02:32:06.75,SELL,4.137e-05,2.9e-07
82705381,2017-12-19T02:32:06.75,SELL,4.136e-05,1026.30932423
82705382,2017-12-19T02:32:06.75,SELL,4.136e-05,2414.08518877
82705383,2017-12-19T02:32:06.75,SELL,4.136e-05,23.67090724
82705384,2017-12-19T02:32:06.75,SELL,4.136e-05,38.88413291
82705386,2017-12-19T02:32:07.127,BUY,4.142e-05,130.096903
82705387,2017-12-19T02:32:07.127,BUY,4.142e-05,127.68130745
82705389,2017-12-19T02:32:07.407,SELL,4.144e-05,30.88705955
82705390,2017-12-19T02:32:07.407,SELL,4.136e-05,11996.19737764
82705391,2017-12-19T02:32:07.407,SELL,4.136e-05,45.67976003
82705392,2017-12-19T02:32:07.407,SELL,4.135e-05,2608.46652967
82705393,2017-12-19T02:32:07.407,SELL,4.135e-05,171.35323722
82705394,2017-12-19T02:32:07.407,SELL,4.135e-05,692.24272671
82705399,2017-12-19T02:32:08.267,BUY,4.145e-05,5006.0
82705402,2017-12-19T02:32:09.547,BUY,4.145e-05,91.41442955
82705405,2017-12-19T02:32:09.987,SELL,4.144e-05,150.0
82705410,2017-12-19T02:32:11.36,BUY,4.144e-05,24.32498176
82705411,2017-12-19T02:32:12.55,SELL,4.144e-05,1304.69474257
82705414,2017-12-19T02:32:12.877,BUY,4.145e-05,167.54434781
82705416,2017-12-19T02:32:13.143,BUY,4.145e-05,80.35855187
82705423,2017-12-19T02:32:15.97,SELL,4.144e-05,4405.74169939
82705425,2017-12-19T02:32:16.517,BUY,4.145e-05,97.60354462
82705427,2017-12-19T02:32:17.313,SELL,4.144e-05,1218.001204
82705429,2017-12-19T02:32:18.16,BUY,4.145e-05,228.51186854
82705431,2017-12-19T02:32:18.22,BUY,4.145e-05,8104.0
82705437,2017-12-19T02:32:19.86,BUY,4.145e-05,241.25452352
82705439,2017-12-19T02:32:20.253,BUY,4.145e-05,921.60545093
82705443,2017-12-19T02:32:21.317,SELL,4.144e-05,500.0
82705444,2017-12-19T02:32:21.72,SELL,4.144e-05,227.30640522
82705445,2017-12-19T02:32:21.72,SELL,4.144e-05,641.02564103
82705448,2017-12-19T02:32:25.253,SELL,4.143e-05,199.20361513
82705449,2017-12-19T02:32:25.253,SELL,4.143e-05,480.0
82705450,2017-12-19T02:32:25.253,SELL,4.143e-05,28.98383961
82705452,2017-12-19T02:32:25.77,BUY,4.144e-05,131.66795375
82705453,2017-12-19T02:32:25.77,BUY,4.144e-05,121.64929594
82705458,2017-12-19T02:32:27.223,SELL,4.136e-05,50.0
82705461,2017-12-19T02:32:29.753,SELL,4.136e-05,515.2031244
82705462,2017-12-19T02:32:29.893,SELL,4.136e-05,430.48452464
82705465,2017-12-19T02:32:30.097,BUY,4.143e-05,50.0
82705466,2017-12-19T02:32:30.097,BUY,4.144e-05,3.17833686
82705467,2017-12-19T02:32:30.097,BUY,4.144e-05,188.13440445
82705474,2017-12-19T02:32:32.643,BUY,4.144e-05,241.31274131
82705486,2017-12-19T02:32:37.21,BUY,4.144e-05,991.0
82705492,2017-12-19T02:32:39.163,BUY,4.144e-05,3154.2353094
82705494,2017-12-19T02:32:39.287,BUY,4.144e-05,150.0
82705497,2017-12-19T02:32:39.85,BUY,4.144e-05,241.31274131
82705498,2017-12-19T02:32:40.1,SELL,4.136e-05,143.91148366
82705509,2017-12-19T02:32:42.647,BUY,4.141e-05,24.14681262
82705510,2017-12-19T02:32:42.647,BUY,4.143e-05,200.0
82705511,2017-12-19T02:32:42.647,BUY,4.144e-05,17.16592869
82705514,2017-12-19T02:32:42.71,BUY,4.144e-05,274.21404165
82705519,2017-12-19T02:32:45.053,BUY,4.143e-05,241.31274131
82705521,2017-12-19T02:32:45.053,BUY,4.143e-05,241.31274131
82705524,2017-12-19T02:32:47.71,BUY,4.143e-05,241.31274131
82705526,2017-12-19T02:32:49.367,BUY,4.143e-05,145.97603481
82705528,2017-12-19T02:32:49.6,BUY,4.143e-05,241.31274131
82705531,2017-12-19T02:32:50.04,BUY,4.143e-05,483.47362061
82705534,2017-12-19T02:32:50.053,BUY,4.143e-05,241.31274131
82705535,2017-12-19T02:32:50.053,BUY,4.143e-05,241.31274131
82705537,2017-12-19T02:32:50.773,BUY,4.143e-05,294.5422719
82705538,2017-12-19T02:32:51.007,SELL,4.136e-05,515.2031244
82705545,2017-12-19T02:32:52.6,BUY,4.143e-05,45.71788287
82705550,2017-12-19T02:32:53.96,BUY,4.143e-05,320.34936385
82705551,2017-12-19T02:32:53.96,BUY,4.143e-05,1740.36131691
82705557,2017-12-19T02:32:56.82,SELL,4.143e-05,313.54175275
82705558,2017-12-19T02:32:56.82,SELL,4.143e-05,201.15973105
82705561,2017-12-19T02:32:57.65,BUY,4.144e-05,241.31274131
82705564,2017-12-19T02:32:58.71,BUY,4.144e-05,100.301003
82705571,2017-12-19T02:33:00.07,BUY,4.144e-05,241.31274131
82705578,2017-12-19T02:33:01.603,BUY,4.144e-05,292.100829
82705589,2017-12-19T02:33:04.587,BUY,4.144e-05,503.873619
82705592,2017-12-19T02:33:05.057,BUY,4.144e-05,241.31274131
82705593,2017-12-19T02:33:05.087,SELL,4.143e-05,57.17008098
82705598,2017-12-19T02:33:06.34,SELL,4.143e-05,241.31274131
82705600,2017-12-19T02:33:06.37,SELL,4.143e-05,236.12360705
82705601,2017-12-19T02:33:06.37,SELL,4.143e-05,1453.92667451
82705602,2017-12-19T02:33:06.37,SELL,4.143e-05,7925.39197705
82705603,2017-12-19T02:33:06.51,SELL,4.143e-05,1868.74728435
82705606,2017-12-19T02:33:06.9,BUY,4.143e-05,500.0
82705608,2017-12-19T02:33:07.777,BUY,4.144e-05,77.0
82705613,2017-12-19T02:33:09.48,BUY,4.143e-05,481.53511948
82705615,2017-12-19T02:33:09.603,BUY,4.143e-05,241.31274131
82705618,2017-12-19T02:33:10.09,BUY,4.143e-05,241.31274131
82705621,2017-12-19T02:33:11.29,SELL,4.139e-05,13.48337388
82705622,2017-12-19T02:33:11.29,SELL,4.137e-05,80.28343909
82705623,2017-12-19T02:33:11.29,SELL,4.137e-05,424.07879103
82705625,2017-12-19T02:33:11.497,BUY,4.143e-05,780.47039736
82705629,2017-12-19T02:33:12.04,BUY,4.143e-05,6718.1829603
82705631,2017-12-19T02:33:12.667,BUY,4.143e-05,241.31274131
82705634,2017-12-19T02:33:14.23,BUY,4.143e-05,315.74487118
82705636,2017-12-19T02:33:14.307,BUY,4.143e-05,178.0
82705638,2017-12-19T02:33:14.603,BUY,4.143e-05,241.31274131
82705641,2017-12-19T02:33:15.027,BUY,4.143e-05,200.0
82705652,2017-12-19T02:33:19.09,BUY,4.142e-05,24.14292612
82705653,2017-12-19T02:33:19.09,BUY,4.143e-05,11370.49816986
82705654,2017-12-19T02:33:19.09,BUY,4.143e-05,640.83187699
82705656,2017-12-19T02:33:19.51,BUY,4.143e-05,164.0
82705657,2017-12-19T02:33:19.903,SELL,4.139e-05,150.0
82705659,2017-12-19T02:33:19.963,BUY,4.143e-05,1076.81431181
82705660,2017-12-19T02:33:19.963,BUY,4.143e-05,70.0
82705661,2017-12-19T02:33:19.963,BUY,4.143e-05,508.40978593
82705662,2017-12-19T02:33:19.963,BUY,4.143e-05,595.31094028
82705665,2017-12-19T02:33:20.403,BUY,4.143e-05,49.22388091
82705668,2017-12-19T02:33:20.92,BUY,4.143e-05,62.68633707
82705670,2017-12-19T02:33:21.84,BUY,4.143e-05,396.77795619
82705672,2017-12-19T02:33:22.67,BUY,4.143e-05,241.31274131
82705673,2017-12-19T02:33:22.717,SELL,4.142e-05,24.14681262
82705674,2017-12-19T02:33:23.12,SELL,4.142e-05,230.66843967
82705675,2017-12-19T02:33:23.12,SELL,4.139e-05,923.43065168
82705677,2017-12-19T02:33:23.17,BUY,4.143e-05,228.53269485
82705681,2017-12-19T02:33:23.403,BUY,4.143e-05,241.31274131
82705684,2017-12-19T02:33:24.607,BUY,4.141e-05,241.31274131
82705686,2017-12-19T02:33:24.62,BUY,4.141e-05,241.31274131
82705690,2017-12-19T02:33:27.077,BUY,4.141e-05,1003.98087792
82705692,2017-12-19T02:33:28.39,SELL,4.139e-05,50.0
82705694,2017-12-19T02:33:28.467,BUY,4.141e-05,241.31274131
82705696,2017-12-19T02:33:29.437,BUY,4.141e-05,262.42501853
82705699,2017-12-19T02:33:30.247,BUY,4.141e-05,665.07090014
82705702,2017-12-19T02:33:30.403,BUY,4.141e-05,43.89961238
82705707,2017-12-19T02:33:32.687,BUY,4.141e-05,241.31274131
82705709,2017-12-19T02:33:32.747,BUY,4.141e-05,241.31274131
82705713,2017-12-19T02:33:34.81,BUY,4.141e-05,280.5409331
82705714,2017-12-19T02:33:35.717,SELL,4.14e-05,999.07333116
82705715,2017-12-19T02:33:35.717,SELL,4.139e-05,1045.58453677
82705716,2017-12-19T02:33:35.717,SELL,4.139e-05,150.0
82705717,2017-12-19T02:33:35.717,SELL,4.139e-05,30.30950048
82705718,2017-12-19T02:33:35.733,SELL,4.137e-05,70.21375187
82705719,2017-12-19T02:33:35.733,SELL,4.137e-05,197.71573604
82705720,2017-12-19T02:33:35.733,SELL,4.137e-05,2989.85171778
82705722,2017-12-19T02:33:36.593,BUY,4.141e-05,1560.92365114
82705723,2017-12-19T02:33:36.593,BUY,4.143e-05,159.84270808
82705724,2017-12-19T02:33:36.593,BUY,4.143e-05,1271.5673909
82705725,2017-12-19T02:33:36.593,BUY,4.144e-05,4949.55527603
82705726,2017-12-19T02:33:36.593,BUY,4.144e-05,800.0
82705727,2017-12-19T02:33:36.593,BUY,4.144e-05,4672.71430169
82705728,2017-12-19T02:33:36.593,BUY,4.144e-05,20000.83093214
82705729,2017-12-19T02:33:36.593,BUY,4.144e-05,1000.0
82705730,2017-12-19T02:33:36.593,BUY,4.144e-05,1772.74426837
82705732,2017-12-19T02:33:36.67,BUY,4.144e-05,1735.64015625
82705734,2017-12-19T02:33:37.047,SELL,4.141e-05,1015.17034806
82705738,2017-12-19T02:33:38.717,BUY,4.144e-05,129.06732625
82705740,2017-12-19T02:33:40.157,BUY,4.142e-05,267.93817886
82705744,2017-12-19T02:33:41.61,SELL,4.141e-05,910.97012985
82705748,2017-12-19T02:33:44.843,BUY,4.141e-05,241.31274131
82705750,2017-12-19T02:33:47.39,SELL,4.137e-05,867.36905808
82705752,2017-12-19T02:33:48.047,BUY,4.141e-05,474.2851141
82705753,2017-12-19T02:33:48.093,SELL,4.137e-05,100.0
82705754,2017-12-19T02:33:48.233,SELL,4.137e-05,1428.56117845
82705755,2017-12-19T02:33:48.233,SELL,4.137e-05,70.0
82705756,2017-12-19T02:33:48.233,SELL,4.136e-05,1522.55907527
82705757,2017-12-19T02:33:48.233,SELL,4.136e-05,2486.63031128
82705759,2017-12-19T02:33:49.64,BUY,4.136e-05,241.31274131
82705761,2017-12-19T02:33:49.923,BUY,4.136e-05,306.20527788
82705762,2017-12-19T02:33:49.923,BUY,4.141e-05,152.1070133
82705764,2017-12-19T02:33:51.53,BUY,4.141e-05,2.08029095
82705765,2017-12-19T02:33:51.53,BUY,4.141e-05,14.9615136
82705771,2017-12-19T02:33:54.737,BUY,4.143e-05,241.31274131
82705773,2017-12-19T02:33:54.75,BUY,4.143e-05,241.31274131
82705776,2017-12-19T02:33:55.343,BUY,4.143e-05,241.31274131
82705780,2017-12-19T02:33:57.58,SELL,4.141e-05,6585.91149296
82705781,2017-12-19T02:33:57.58,SELL,4.141e-05,2408.83844482
82705782,2017-12-19T02:33:57.58,SELL,4.141e-05,100.0
82705783,2017-12-19T02:33:57.58,SELL,4.14e-05,201.98754321
82705784,2017-12-19T02:33:57.58,SELL,4.137e-05,1671.83218274
82705785,2017-12-19T02:33:57.58,SELL,4.135e-05,120.50569244
82705786,2017-12-19T02:33:57.58,SELL,4.135e-05,122.10517582
82705787,2017-12-19T02:33:57.58,SELL,4.131e-05,15.77428976
82705788,2017-12-19T02:33:57.58,SELL,4.131e-05,20.0
82705789,2017-12-19T02:33:57.58,SELL,4.131e-05,7262.94044844
82705790,2017-12-19T02:33:57.58,SELL,4.13e-05,1908.22402119
82705791,2017-12-19T02:33:57.58,SELL,4.13e-05,500.0
82705792,2017-12-19T02:33:57.58,SELL,4.13e-05,257.35789831
82705793,2017-12-19T02:33:57.58,SELL,4.13e-05,128.53983051
82705794,2017-12-19T02:33:57.58,SELL,4.13e-05,15.0
82705795,2017-12-19T02:33:57.58,SELL,4.13e-05,450.0
82705796,2017-12-19T02:33:57.58,SELL,4.129e-05,15713.58941398
82705797,2017-12-19T02:33:57.58,SELL,4.129e-05,28.09693449
82705798,2017-12-19T02:33:57.58,SELL,4.126e-05,727.09646146
82705799,2017-12-19T02:33:57.597,SELL,4.126e-05,727.09646146
82705800,2017-12-19T02:33:57.597,SELL,4.125e-05,100.0
82705801,2017-12-19T02:33:57.597,SELL,4.125e-05,435.0
82705802,2017-12-19T02:33:57.597,SELL,4.121e-05,127.87340027
82705803,2017-12-19T02:33:57.597,SELL,4.12e-05,370.23524703
82705804,2017-12-19T02:33:57.597,SELL,4.12e-05,223.20127791
82705805,2017-12-19T02:33:57.597,SELL,4.12e-05,1210.55825243
82705806,2017-12-19T02:33:57.597,SELL,4.12e-05,634.91297772
82705807,2017-12-19T02:33:57.597,SELL,4.12e-05,17.0
82705808,2017-12-19T02:33:57.597,SELL,4.12e-05,405.85087561
82705809,2017-12-19T02:33:57.597,SELL,4.111e-05,1000.0
82705810,2017-12-19T02:33:57.597,SELL,4.111e-05,2318.64956337
82705811,2017-12-19T02:33:57.597,SELL,4.108e-05,7284.56669912
82705812,2017-12-19T02:33:57.597,SELL,4.105e-05,507.46616626
82705813,2017-12-19T02:33:57.597,SELL,4.104e-05,6127.17850694
82705814,2017-12-19T02:33:57.597,SELL,4.103e-05,18004.50279125
82705815,2017-12-19T02:33:57.597,SELL,4.1e-05,53831.66966883
82705816,2017-12-19T02:33:57.597,SELL,4.1e-05,243.90243902
82705817,2017-12-19T02:33:57.597,SELL,4.1e-05,105.2194628
82705818,2017-12-19T02:33:57.597,SELL,4.1e-05,5000.0
82705819,2017-12-19T02:33:57.597,SELL,4.1e-05,1000.0
82705820,2017-12-19T02:33:57.597,SELL,4.1e-05,38.0
82705821,2017-12-19T02:33:57.597,SELL,4.1e-05,50.0
82705822,2017-12-19T02:33:57.597,SELL,4.1e-05,2830.47010522
82705823,2017-12-19T02:33:57.597,SELL,4.1e-05,23.05514451
82705824,2017-12-19T02:33:57.597,SELL,4.1e-05,19597.22706951
82705825,2017-12-19T02:33:57.597,SELL,4.1e-05,14.0
82705826,2017-12-19T02:33:57.597,SELL,4.1e-05,600.74140122
82705827,2017-12-19T02:33:57.597,SELL,4.1e-05,69.16567683
82705828,2017-12-19T02:33:57.597,SELL,4.1e-05,300.0
82705829,2017-12-19T02:33:57.597,SELL,4.1e-05,130.65498293
82705830,2017-12-19T02:33:57.597,SELL,4.1e-05,58.39073049
82705831,2017-12-19T02:33:57.597,SELL,4.1e-05,58.3902439
82705832,2017-12-19T02:33:57.597,SELL,4.1e-05,1500.0
82705833,2017-12-19T02:33:57.61,SELL,4.1e-05,50.125
82705834,2017-12-19T02:33:57.61,SELL,4.1e-05,56.47309756
82705835,2017-12-19T02:33:57.61,SELL,4.1e-05,52.9224743
82705836,2017-12-19T02:33:57.61,SELL,4.1e-05,2000.0
82705837,2017-12-19T02:33:57.61,SELL,4.1e-05,14.0
82705838,2017-12-19T02:33:57.61,SELL,4.1e-05,1917.32296755
82705840,2017-12-19T02:33:57.907,BUY,4.143e-05,241.31274131
82705844,2017-12-19T02:33:58.533,BUY,4.135e-05,1499.9973063
82705850,2017-12-19T02:34:00.36,BUY,4.135e-05,1000.0
82705852,2017-12-19T02:34:00.47,BUY,4.135e-05,241.77949709
82705855,2017-12-19T02:34:00.957,SELL,4.104e-05,241.31274131
82705858,2017-12-19T02:34:01.893,BUY,4.135e-05,63.72184431
82705860,2017-12-19T02:34:02.737,BUY,4.143e-05,241.31274131
82705863,2017-12-19T02:34:03.597,BUY,4.141e-05,621.36739865
82705866,2017-12-19T02:34:03.813,BUY,4.141e-05,608.51450495
82705872,2017-12-19T02:34:06.643,SELL,4.135e-05,636.27815569
82705876,2017-12-19T02:34:09.72,BUY,4.141e-05,241.31274131
82705878,2017-12-19T02:34:10.13,BUY,4.141e-05,241.31274131
82705880,2017-12-19T02:34:10.143,BUY,4.141e-05,241.31274131
82705883,2017-12-19T02:34:10.567,BUY,4.141e-05,241.31274131
82705886,2017-12-19T02:34:12.753,SELL,4.135e-05,497.48743717
82705890,2017-12-19T02:34:13.223,BUY,4.141e-05,154.86713116
82705891,2017-12-19T02:34:13.643,SELL,4.141e-05,845.13286884
82705892,2017-12-19T02:34:13.643,SELL,4.135e-05,2647.54475027
82705895,2017-12-19T02:34:14.833,SELL,4.135e-05,347.64543167
82705897,2017-12-19T02:34:14.927,BUY,4.11e-05,149.84200363
82705899,2017-12-19T02:34:15.16,BUY,4.11e-05,1.87e-06
82705900,2017-12-19T02:34:15.16,BUY,4.142e-05,241.31273944
82705901,2017-12-19T02:34:15.707,SELL,4.104e-05,241.31274131
82705903,2017-12-19T02:34:16.927,SELL,4.104e-05,497.48743717
82705905,2017-12-19T02:34:18.207,BUY,4.139e-05,250.90216417
82705907,2017-12-19T02:34:19.38,SELL,4.104e-05,23210.48108021
82705908,2017-12-19T02:34:19.38,SELL,4.1e-05,521.70142269
82705909,2017-12-19T02:34:19.38,SELL,4.1e-05,55.42304634
82705910,2017-12-19T02:34:19.38,SELL,4.1e-05,485.56299743
82705911,2017-12-19T02:34:21.6,SELL,4.1e-05,497.48743717
82705913,2017-12-19T02:34:21.74,BUY,4.136e-05,2505.40753688
82705914,2017-12-19T02:34:21.74,BUY,4.139e-05,749.09783583
82705915,2017-12-19T02:34:21.74,BUY,4.14e-05,193.71980676
82705916,2017-12-19T02:34:21.74,BUY,4.142e-05,1758.68726056
82705917,2017-12-19T02:34:21.74,BUY,4.143e-05,846.88800987
82705918,2017-12-19T02:34:21.753,BUY,4.143e-05,1000.0
82705919,2017-12-19T02:34:21.753,BUY,4.143e-05,2053.45171642
82705920,2017-12-19T02:34:21.753,BUY,4.143e-05,275.82299515
82705921,2017-12-19T02:34:21.753,BUY,4.144e-05,120.78058613
82705922,2017-12-19T02:34:21.753,BUY,4.144e-05,1666.57381262
82705923,2017-12-19T02:34:21.753,BUY,4.144e-05,767.75032914
82705924,2017-12-19T02:34:21.753,BUY,4.144e-05,45.56230973
82705925,2017-12-19T02:34:21.753,BUY,4.144e-05,471.15552577
82705926,2017-12-19T02:34:21.753,BUY,4.144e-05,30.0
82705927,2017-12-19T02:34:21.753,BUY,4.144e-05,13.57810771
82705928,2017-12-19T02:34:21.753,BUY,4.144e-05,1055.50923822
82705929,2017-12-19T02:34:21.753,BUY,4.144e-05,5841.22395054
82705930,2017-12-19T02:34:21.753,BUY,4.145e-05,4753.54731772
82705935,2017-12-19T02:34:22.74,BUY,4.145e-05,241.42926122
82705940,2017-12-19T02:34:24.723,BUY,4.143e-05,241.42926122
82705943,2017-12-19T02:34:25.66,SELL,4.141e-05,327.72078423
82705944,2017-12-19T02:34:25.66,SELL,4.1e-05,169.76665294
82705946,2017-12-19T02:34:26.57,SELL,4.1e-05,497.48743717
82705949,2017-12-19T02:34:26.803,BUY,4.142e-05,23.144683
82705950,2017-12-19T02:34:26.833,SELL,4.101e-05,451.12505085
82705952,2017-12-19T02:34:28.35,SELL,4.101e-05,146.06001731
82705953,2017-12-19T02:34:29.71,SELL,4.101e-05,497.48743717
82705956,2017-12-19T02:34:30.49,BUY,4.135e-05,18.0
82705957,2017-12-19T02:34:30.49,BUY,4.142e-05,189.67727621
82705963,2017-12-19T02:34:33.333,BUY,4.142e-05,25.64545143
82705964,2017-12-19T02:34:33.583,SELL,4.141e-05,300.0
82705965,2017-12-19T02:34:33.727,SELL,4.101e-05,497.48743717
82705967,2017-12-19T02:34:34.083,BUY,4.104e-05,700.0
82705970,2017-12-19T02:34:34.68,BUY,4.142e-05,24.89338979
82705971,2017-12-19T02:34:34.68,BUY,4.143e-05,216.53587143
82705973,2017-12-19T02:34:34.71,BUY,4.143e-05,241.42926122
82705976,2017-12-19T02:34:35.18,BUY,4.143e-05,91.45635583
82705978,2017-12-19T02:34:35.193,BUY,4.143e-05,548.9979296
82705980,2017-12-19T02:34:35.21,BUY,4.143e-05,91.41226344
82705982,2017-12-19T02:34:35.303,BUY,4.143e-05,182.86752229
82705989,2017-12-19T02:34:37.633,BUY,4.141e-05,31.66399269
82705990,2017-12-19T02:34:37.633,BUY,4.143e-05,21.63690771
82705993,2017-12-19T02:34:37.757,BUY,4.143e-05,241.42926122
82705994,2017-12-19T02:34:37.773,SELL,4.104e-05,451.27574805
82705995,2017-12-19T02:34:37.93,SELL,4.104e-05,456.68906169
82705998,2017-12-19T02:34:38.227,BUY,4.143e-05,442.51615529
82706003,2017-12-19T02:34:39.68,BUY,4.143e-05,241.42926122
82706004,2017-12-19T02:34:39.773,SELL,4.104e-05,432.82021139
82706005,2017-12-19T02:34:39.93,SELL,4.104e-05,88.27106848
82706008,2017-12-19T02:34:40.15,BUY,4.141e-05,47.7852758
82706009,2017-12-19T02:34:40.15,BUY,4.143e-05,193.64398542
82706014,2017-12-19T02:34:40.96,SELL,4.139e-05,865.61007483
82706026,2017-12-19T02:34:43.197,BUY,4.136e-05,685.36173165
82706032,2017-12-19T02:34:44.697,SELL,4.104e-05,87.37993056
82706033,2017-12-19T02:34:44.697,SELL,4.104e-05,12.62006944
82706035,2017-12-19T02:34:44.71,BUY,4.136e-05,241.42926122
82706037,2017-12-19T02:34:44.727,BUY,4.136e-05,458.16258283
82706041,2017-12-19T02:34:47.243,SELL,4.104e-05,87.23416165
82706042,2017-12-19T02:34:47.243,SELL,4.104e-05,97.13559491
82706043,2017-12-19T02:34:47.243,SELL,4.103e-05,18381.208
82706044,2017-12-19T02:34:47.243,SELL,4.102e-05,334.72107082
82706045,2017-12-19T02:34:47.243,SELL,4.101e-05,24.32333577
82706046,2017-12-19T02:34:47.243,SELL,4.101e-05,3094.28975494
82706049,2017-12-19T02:34:47.307,BUY,4.101e-05,2477.21328098
82706051,2017-12-19T02:34:47.743,BUY,4.101e-05,1332.611324
82706053,2017-12-19T02:34:47.76,BUY,4.101e-05,241.42926122
82706055,2017-12-19T02:34:47.773,BUY,4.101e-05,936.513561
82706057,2017-12-19T02:34:47.82,BUY,4.101e-05,1634.9776691
82706059,2017-12-19T02:34:47.837,BUY,4.136e-05,254.84388635
82706060,2017-12-19T02:34:47.837,BUY,4.139e-05,30.11727512
82706066,2017-12-19T02:34:48.743,BUY,4.143e-05,241.42926122
82706069,2017-12-19T02:34:49.273,SELL,4.142e-05,50.0
82706070,2017-12-19T02:34:49.273,SELL,4.141e-05,62.94232513
82706074,2017-12-19T02:34:49.917,SELL,4.141e-05,1189.72537066
82706077,2017-12-19T02:34:50.18,BUY,4.143e-05,241.42926122
82706080,2017-12-19T02:34:50.557,BUY,4.143e-05,100.0
82706084,2017-12-19T02:34:51.447,SELL,4.142e-05,77.16440428
82706085,2017-12-19T02:34:51.447,SELL,4.141e-05,397.57472657
82706088,2017-12-19T02:34:51.713,BUY,4.143e-05,14.44256757
82706091,2017-12-19T02:34:53.65,SELL,4.141e-05,77.79786516
82706096,2017-12-19T02:34:55.48,BUY,4.142e-05,24.32333577
82706097,2017-12-19T02:34:55.48,BUY,4.142e-05,217.04765143
82706098,2017-12-19T02:34:56.4,SELL,4.141e-05,31.87000814
82706100,2017-12-19T02:34:56.447,BUY,4.143e-05,74.22300299
82706101,2017-12-19T02:34:56.963,SELL,4.141e-05,488.43142925
82706102,2017-12-19T02:34:56.963,SELL,4.141e-05,60.0
82706108,2017-12-19T02:34:59.103,BUY,4.141e-05,503.17792683
82706112,2017-12-19T02:34:59.87,SELL,4.136e-05,225.79269426
82706113,2017-12-19T02:34:59.87,SELL,4.104e-05,211.53732639
82706114,2017-12-19T02:34:59.87,SELL,4.101e-05,36.42
82706115,2017-12-19T02:34:59.87,SELL,4.101e-05,471.55058379
82706118,2017-12-19T02:35:00.23,BUY,4.101e-05,241.3709872
82706120,2017-12-19T02:35:00.433,BUY,4.101e-05,241.3709872
82706124,2017-12-19T02:35:01.26,BUY,4.101e-05,517.6155298
82706126,2017-12-19T02:35:01.54,BUY,4.101e-05,977.81640152
82706128,2017-12-19T02:35:01.637,BUY,4.101e-05,2260.14574828
82706132,2017-12-19T02:35:02.37,BUY,4.101e-05,2260.14574828
82706134,2017-12-19T02:35:02.777,BUY,4.101e-05,241.3709872
82706136,2017-12-19T02:35:03.183,BUY,4.101e-05,1643.87656128
82706142,2017-12-19T02:35:04.76,BUY,4.101e-05,241.3709872
82706145,2017-12-19T02:35:04.887,BUY,4.101e-05,4000.0
82706147,2017-12-19T02:35:04.887,BUY,4.101e-05,565.23479791
82706155,2017-12-19T02:35:05.9,BUY,4.101e-05,24.62813947
82706159,2017-12-19T02:35:06.06,BUY,4.101e-05,977.81640152
82706161,2017-12-19T02:35:06.293,BUY,4.101e-05,500.0
82706168,2017-12-19T02:35:06.857,BUY,4.101e-05,335.49748616
82706169,2017-12-19T02:35:06.857,BUY,4.101e-05,2778.11536484
82706173,2017-12-19T02:35:07.26,BUY,4.101e-05,36.46
82706175,2017-12-19T02:35:07.607,BUY,4.101e-05,24.38429651
82706179,2017-12-19T02:35:08.073,BUY,4.101e-05,161.04033865
82706180,2017-12-19T02:35:08.073,BUY,4.134e-05,35.84374094
82706181,2017-12-19T02:35:08.073,BUY,4.141e-05,44.48690761
82706184,2017-12-19T02:35:08.45,SELL,4.1e-05,797.07790909
82706192,2017-12-19T02:35:10.963,SELL,4.135e-05,1547.47132346
82706193,2017-12-19T02:35:10.963,SELL,4.101e-05,509.51307608
82706194,2017-12-19T02:35:10.963,SELL,4.1e-05,2418.47122474
82706195,2017-12-19T02:35:10.963,SELL,4.1e-05,608.23170732
82706196,2017-12-19T02:35:10.963,SELL,4.1e-05,787.60842373
82706199,2017-12-19T02:35:12.67,SELL,4.101e-05,13.92738587
