57181796,2017-12-25T12:54:11.64,SELL,0.00159449,19.86521445
57181805,2017-12-25T12:54:14.063,BUY,0.00160977,62.7
57181806,2017-12-25T12:54:14.077,BUY,0.00160978,273.674991
57181830,2017-12-25T12:54:19.33,SELL,0.00159453,0.68179124
57181831,2017-12-25T12:54:19.33,SELL,0.00159453,198.664
57181832,2017-12-25T12:54:19.33,SELL,0.00159453,62.07324643
57181833,2017-12-25T12:54:19.33,SELL,0.00159453,62.38315088
57181834,2017-12-25T12:54:19.33,SELL,0.00159452,198.22
57181835,2017-12-25T12:54:19.33,SELL,0.00159451,4.95614861
57181836,2017-12-25T12:54:19.33,SELL,0.00159449,8.98149543
57181837,2017-12-25T12:54:19.343,SELL,0.00159449,6.07586096
57181838,2017-12-25T12:54:19.343,SELL,0.00159445,0.94076327
57181839,2017-12-25T12:54:19.343,SELL,0.00159443,436.688784
57181840,2017-12-25T12:54:19.343,SELL,0.00159433,8.46606411
57181841,2017-12-25T12:54:19.343,SELL,0.00159422,5.75
57181842,2017-12-25T12:54:19.343,SELL,0.00159395,62.58038207
57181843,2017-12-25T12:54:19.343,SELL,0.00159329,6.04461832
57181844,2017-12-25T12:54:19.343,SELL,0.0015922,1.07937036
57181845,2017-12-25T12:54:19.343,SELL,0.0015902,4.78524617
57181846,2017-12-25T12:54:19.343,SELL,0.00159001,0.92967528
57181847,2017-12-25T12:54:19.343,SELL,0.00159,0.73
57181848,2017-12-25T12:54:19.343,SELL,0.00158814,154.64843368
57181892,2017-12-25T12:54:40.22,BUY,0.00159454,7.16941316
57181899,2017-12-25T12:54:41.393,BUY,0.00159454,1.79235329
57181901,2017-12-25T12:54:41.66,SELL,0.00159453,4.65629995
57181903,2017-12-25T12:54:41.673,BUY,0.00159454,5.79441064
57181924,2017-12-25T12:54:49.673,SELL,0.00159454,1.37776243
57181932,2017-12-25T12:54:51.363,SELL,0.00159454,7.52782693
57181933,2017-12-25T12:54:51.363,SELL,0.00159454,75.0
57181934,2017-12-25T12:54:51.363,SELL,0.00159454,75.0
57181935,2017-12-25T12:54:51.363,SELL,0.00159453,31.18217307
57181952,2017-12-25T12:54:58.363,SELL,0.00159453,151.83438356
57181960,2017-12-25T12:55:02.787,BUY,0.00159444,8.98149543
57181961,2017-12-25T12:55:02.787,BUY,0.00159445,1.01850457
57181975,2017-12-25T12:55:08.177,BUY,0.00159437,200.24
57181987,2017-12-25T12:55:15.91,SELL,0.00159437,120.09867941
57181992,2017-12-25T12:55:22.66,SELL,0.00158814,3.64180491
57182004,2017-12-25T12:55:27.053,BUY,0.00159421,1.0
57182006,2017-12-25T12:55:27.473,BUY,0.00159421,8.49945313
57182007,2017-12-25T12:55:27.473,BUY,0.00159437,4.77530041
57182033,2017-12-25T12:55:35.773,BUY,0.00159454,30.0
57182050,2017-12-25T12:55:44.883,BUY,0.00159454,3.0
57182052,2017-12-25T12:55:45.74,SELL,0.00159437,49.44644491
57182058,2017-12-25T12:55:49.087,BUY,0.00159437,40.55355509
57182062,2017-12-25T12:55:50.71,SELL,0.00159438,2.0
57182085,2017-12-25T12:56:00.103,SELL,0.00159438,32.0
57182113,2017-12-25T12:56:15.43,SELL,0.00159438,20.00679593
57182123,2017-12-25T12:56:18.557,SELL,0.00159438,27.87837807
57182124,2017-12-25T12:56:18.557,SELL,0.00159438,16.50915279
57182126,2017-12-25T12:56:20.777,SELL,0.00159438,34.03640975
57182128,2017-12-25T12:56:21.057,BUY,0.00159454,0.62713618
57182134,2017-12-25T12:56:25.933,SELL,0.00159438,7.01763026
57182136,2017-12-25T12:56:27.73,SELL,0.00159438,25.0
57182138,2017-12-25T12:56:29.45,SELL,0.00159438,22.2684903
57182139,2017-12-25T12:56:29.463,SELL,0.00159438,25.58847326
57182140,2017-12-25T12:56:29.463,SELL,0.00159438,4.67500574
57182143,2017-12-25T12:56:29.9,BUY,0.00159438,7.4680307
57182149,2017-12-25T12:56:33.5,BUY,0.00159454,0.62713618
57182156,2017-12-25T12:56:39.2,SELL,0.00159439,5.844725
57182160,2017-12-25T12:56:42.013,SELL,0.00159439,61.6872443
57182161,2017-12-25T12:56:42.013,SELL,0.00159439,74.9999993
57182162,2017-12-25T12:56:42.013,SELL,0.00159439,63.3127564
57182169,2017-12-25T12:56:57.953,BUY,0.00159454,5.74572764
57182172,2017-12-25T12:56:58.343,BUY,0.00159454,1.23797037
57182188,2017-12-25T12:57:11.267,BUY,0.00159453,0.44204048
57182189,2017-12-25T12:57:11.267,BUY,0.00159454,0.85660578
57182190,2017-12-25T12:57:11.267,BUY,0.00159454,40.4011355
57182191,2017-12-25T12:57:11.267,BUY,0.00159454,7.0
57182192,2017-12-25T12:57:11.267,BUY,0.00159512,188.08
57182193,2017-12-25T12:57:11.267,BUY,0.00160265,5.06540415
57182194,2017-12-25T12:57:11.267,BUY,0.00160926,351.78654288
57182228,2017-12-25T12:57:34.08,BUY,0.00159453,3.7786686
57182229,2017-12-25T12:57:34.097,BUY,0.00160915,2.43571521
57182280,2017-12-25T12:57:53.38,BUY,0.00160909,3.10730776
57182316,2017-12-25T12:58:17.257,SELL,0.00159441,75.0
57182317,2017-12-25T12:58:17.257,SELL,0.00159441,75.0
57182318,2017-12-25T12:58:17.257,SELL,0.00159441,40.8263082
57182340,2017-12-25T12:58:29.35,SELL,0.00159441,34.1736918
57182341,2017-12-25T12:58:29.35,SELL,0.00159441,75.0
57182342,2017-12-25T12:58:29.35,SELL,0.00159441,40.82631
57182351,2017-12-25T12:58:32.493,BUY,0.00159441,75.0
57182364,2017-12-25T12:58:38.353,SELL,0.0015944,69.19679522
57182365,2017-12-25T12:58:38.353,SELL,0.00159439,40.17773914
57182367,2017-12-25T12:58:39.413,BUY,0.00159441,7.02217529
57182400,2017-12-25T12:59:09.043,BUY,0.00160879,0.46134619
57182401,2017-12-25T12:59:09.043,BUY,0.00160879,3.84589225
57182418,2017-12-25T12:59:25.387,SELL,0.00159442,0.46350954
57182419,2017-12-25T12:59:25.387,SELL,0.00159441,49.53649046
57182434,2017-12-25T12:59:34.48,SELL,0.00159441,13.47111234
57182437,2017-12-25T12:59:36.107,BUY,0.00159442,39.3219316
57182514,2017-12-25T13:00:08.72,SELL,0.00159443,20.0
57182549,2017-12-25T13:00:29.44,SELL,0.00159443,55.0
57182550,2017-12-25T13:00:29.44,SELL,0.00159443,56.1152
57182591,2017-12-25T13:00:47.69,SELL,0.00159443,18.8848
57182592,2017-12-25T13:00:47.69,SELL,0.00159443,17.2998951
57182603,2017-12-25T13:00:52.58,BUY,0.00160699,12.55054252
57182618,2017-12-25T13:01:02.05,SELL,0.00159443,57.7001049
57182619,2017-12-25T13:01:02.05,SELL,0.00159443,53.4109951
57182637,2017-12-25T13:01:09.88,BUY,0.00160677,0.49664546
57182657,2017-12-25T13:01:17.223,SELL,0.00159443,0.68556542
57182689,2017-12-25T13:01:37.18,SELL,0.00159443,0.86392846
57182710,2017-12-25T13:01:46.93,SELL,0.00159443,20.03951102
57182711,2017-12-25T13:01:46.93,SELL,0.00159443,20.0
57182712,2017-12-25T13:01:46.93,SELL,0.00159443,75.0
57182713,2017-12-25T13:01:46.93,SELL,0.00159443,36.1152
57182714,2017-12-25T13:01:46.93,SELL,0.00159443,12.20576317
57182720,2017-12-25T13:01:52.227,SELL,0.00159442,16.31565169
57182723,2017-12-25T13:01:53.4,BUY,0.00159443,15.0
57182744,2017-12-25T13:02:02.227,SELL,0.00159442,16.3156517
57182746,2017-12-25T13:02:04.213,SELL,0.00159442,0.43901507
57182757,2017-12-25T13:02:15.073,BUY,0.00159443,9.96
57182760,2017-12-25T13:02:20.947,SELL,0.00159442,136.88072666
57182762,2017-12-25T13:02:22.197,BUY,0.00159443,3.75569802
57182763,2017-12-25T13:02:22.197,BUY,0.00159443,1.65041627
57182796,2017-12-25T13:02:32.76,BUY,0.00159443,24.50513249
57182813,2017-12-25T13:02:44.387,SELL,0.00159452,5.0
57182815,2017-12-25T13:02:46.56,SELL,0.00159452,3.96540781
57182823,2017-12-25T13:02:54.23,BUY,0.0016,9.375
57182826,2017-12-25T13:02:54.81,SELL,0.00159452,3.7760447
57181842,2017-12-25T12:54:19.343,SELL,0.00159395,62.58038207
57181843,2017-12-25T12:54:19.343,SELL,0.00159329,6.04461832
57181844,2017-12-25T12:54:19.343,SELL,0.0015922,1.07937036
57181845,2017-12-25T12:54:19.343,SELL,0.0015902,4.78524617
57181846,2017-12-25T12:54:19.343,SELL,0.00159001,0.92967528
57181847,2017-12-25T12:54:19.343,SELL,0.00159,0.73
57181848,2017-12-25T12:54:19.343,SELL,0.00158814,154.64843368
57181892,2017-12-25T12:54:40.22,BUY,0.00159454,7.16941316
57181899,2017-12-25T12:54:41.393,BUY,0.00159454,1.79235329
57181901,2017-12-25T12:54:41.66,SELL,0.00159453,4.65629995
57181903,2017-12-25T12:54:41.673,BUY,0.00159454,5.79441064
57181924,2017-12-25T12:54:49.673,SELL,0.00159454,1.37776243
57181932,2017-12-25T12:54:51.363,SELL,0.00159454,7.52782693
57181933,2017-12-25T12:54:51.363,SELL,0.00159454,75.0
57181934,2017-12-25T12:54:51.363,SELL,0.00159454,75.0
57181935,2017-12-25T12:54:51.363,SELL,0.00159453,31.18217307
57181952,2017-12-25T12:54:58.363,SELL,0.00159453,151.83438356
57181960,2017-12-25T12:55:02.787,BUY,0.00159444,8.98149543
57181961,2017-12-25T12:55:02.787,BUY,0.00159445,1.01850457
57181975,2017-12-25T12:55:08.177,BUY,0.00159437,200.24
57181987,2017-12-25T12:55:15.91,SELL,0.00159437,120.09867941
57181992,2017-12-25T12:55:22.66,SELL,0.00158814,3.64180491
57182004,2017-12-25T12:55:27.053,BUY,0.00159421,1.0
57182006,2017-12-25T12:55:27.473,BUY,0.00159421,8.49945313
57182007,2017-12-25T12:55:27.473,BUY,0.00159437,4.77530041
57182033,2017-12-25T12:55:35.773,BUY,0.00159454,30.0
57182050,2017-12-25T12:55:44.883,BUY,0.00159454,3.0
57182052,2017-12-25T12:55:45.74,SELL,0.00159437,49.44644491
57182058,2017-12-25T12:55:49.087,BUY,0.00159437,40.55355509
57182062,2017-12-25T12:55:50.71,SELL,0.00159438,2.0
57182085,2017-12-25T12:56:00.103,SELL,0.00159438,32.0
57182113,2017-12-25T12:56:15.43,SELL,0.00159438,20.00679593
57182123,2017-12-25T12:56:18.557,SELL,0.00159438,27.87837807
57182124,2017-12-25T12:56:18.557,SELL,0.00159438,16.50915279
57182126,2017-12-25T12:56:20.777,SELL,0.00159438,34.03640975
57182128,2017-12-25T12:56:21.057,BUY,0.00159454,0.62713618
57182134,2017-12-25T12:56:25.933,SELL,0.00159438,7.01763026
57182136,2017-12-25T12:56:27.73,SELL,0.00159438,25.0
57182138,2017-12-25T12:56:29.45,SELL,0.00159438,22.2684903
57182139,2017-12-25T12:56:29.463,SELL,0.00159438,25.58847326
57182140,2017-12-25T12:56:29.463,SELL,0.00159438,4.67500574
57182143,2017-12-25T12:56:29.9,BUY,0.00159438,7.4680307
57182149,2017-12-25T12:56:33.5,BUY,0.00159454,0.62713618
57182156,2017-12-25T12:56:39.2,SELL,0.00159439,5.844725
57182160,2017-12-25T12:56:42.013,SELL,0.00159439,61.6872443
57182161,2017-12-25T12:56:42.013,SELL,0.00159439,74.9999993
57182162,2017-12-25T12:56:42.013,SELL,0.00159439,63.3127564
57182169,2017-12-25T12:56:57.953,BUY,0.00159454,5.74572764
57182172,2017-12-25T12:56:58.343,BUY,0.00159454,1.23797037
57182188,2017-12-25T12:57:11.267,BUY,0.00159453,0.44204048
57182189,2017-12-25T12:57:11.267,BUY,0.00159454,0.85660578
57182190,2017-12-25T12:57:11.267,BUY,0.00159454,40.4011355
57182191,2017-12-25T12:57:11.267,BUY,0.00159454,7.0
57182192,2017-12-25T12:57:11.267,BUY,0.00159512,188.08
57182193,2017-12-25T12:57:11.267,BUY,0.00160265,5.06540415
57182194,2017-12-25T12:57:11.267,BUY,0.00160926,351.78654288
57182228,2017-12-25T12:57:34.08,BUY,0.00159453,3.7786686
57182229,2017-12-25T12:57:34.097,BUY,0.00160915,2.43571521
57182280,2017-12-25T12:57:53.38,BUY,0.00160909,3.10730776
57182316,2017-12-25T12:58:17.257,SELL,0.00159441,75.0
57182317,2017-12-25T12:58:17.257,SELL,0.00159441,75.0
57182318,2017-12-25T12:58:17.257,SELL,0.00159441,40.8263082
57182340,2017-12-25T12:58:29.35,SELL,0.00159441,34.1736918
57182341,2017-12-25T12:58:29.35,SELL,0.00159441,75.0
57182342,2017-12-25T12:58:29.35,SELL,0.00159441,40.82631
57182351,2017-12-25T12:58:32.493,BUY,0.00159441,75.0
57182364,2017-12-25T12:58:38.353,SELL,0.0015944,69.19679522
57182365,2017-12-25T12:58:38.353,SELL,0.00159439,40.17773914
57182367,2017-12-25T12:58:39.413,BUY,0.00159441,7.02217529
57182400,2017-12-25T12:59:09.043,BUY,0.00160879,0.46134619
57182401,2017-12-25T12:59:09.043,BUY,0.00160879,3.84589225
57182418,2017-12-25T12:59:25.387,SELL,0.00159442,0.46350954
57182419,2017-12-25T12:59:25.387,SELL,0.00159441,49.53649046
57182434,2017-12-25T12:59:34.48,SELL,0.00159441,13.47111234
57182437,2017-12-25T12:59:36.107,BUY,0.00159442,39.3219316
57182514,2017-12-25T13:00:08.72,SELL,0.00159443,20.0
57182549,2017-12-25T13:00:29.44,SELL,0.00159443,55.0
57182550,2017-12-25T13:00:29.44,SELL,0.00159443,56.1152
57182591,2017-12-25T13:00:47.69,SELL,0.00159443,18.8848
57182592,2017-12-25T13:00:47.69,SELL,0.00159443,17.2998951
57182603,2017-12-25T13:00:52.58,BUY,0.00160699,12.55054252
57182618,2017-12-25T13:01:02.05,SELL,0.00159443,57.7001049
57182619,2017-12-25T13:01:02.05,SELL,0.00159443,53.4109951
57182637,2017-12-25T13:01:09.88,BUY,0.00160677,0.49664546
57182657,2017-12-25T13:01:17.223,SELL,0.00159443,0.68556542
57182689,2017-12-25T13:01:37.18,SELL,0.00159443,0.86392846
57182710,2017-12-25T13:01:46.93,SELL,0.00159443,20.03951102
57182711,2017-12-25T13:01:46.93,SELL,0.00159443,20.0
57182712,2017-12-25T13:01:46.93,SELL,0.00159443,75.0
57182713,2017-12-25T13:01:46.93,SELL,0.00159443,36.1152
57182714,2017-12-25T13:01:46.93,SELL,0.00159443,12.20576317
57182720,2017-12-25T13:01:52.227,SELL,0.00159442,16.31565169
57182723,2017-12-25T13:01:53.4,BUY,0.00159443,15.0
57182744,2017-12-25T13:02:02.227,SELL,0.00159442,16.3156517
57182746,2017-12-25T13:02:04.213,SELL,0.00159442,0.43901507
57182757,2017-12-25T13:02:15.073,BUY,0.00159443,9.96
57182760,2017-12-25T13:02:20.947,SELL,0.00159442,136.88072666
57182762,2017-12-25T13:02:22.197,BUY,0.00159443,3.75569802
57182763,2017-12-25T13:02:22.197,BUY,0.00159443,1.65041627
57182796,2017-12-25T13:02:32.76,BUY,0.00159443,24.50513249
57182813,2017-12-25T13:02:44.387,SELL,0.00159452,5.0
57182815,2017-12-25T13:02:46.56,SELL,0.00159452,3.96540781
57182823,2017-12-25T13:02:54.23,BUY,0.0016,9.375
57182826,2017-12-25T13:02:54.81,SELL,0.00159452,3.7760447
57182830,2017-12-25T13:02:57.403,BUY,0.0016,11.0691552
57182831,2017-12-25T13:02:57.403,BUY,0.0016,8.0
57182832,2017-12-25T13:02:57.403,BUY,0.0016,18.13639148
57182881,2017-12-25T13:03:49.69,SELL,0.001601,34.5644778
57182882,2017-12-25T13:03:49.69,SELL,0.0016,38.78486479
57182883,2017-12-25T13:03:49.69,SELL,0.0016,6.234375
57182888,2017-12-25T13:03:54.487,BUY,0.0016,15.0
57182917,2017-12-25T13:04:19.27,BUY,0.00159992,0.46618206
57182918,2017-12-25T13:04:19.27,BUY,0.00159998,8.89576691
57182928,2017-12-25T13:04:26.507,BUY,0.00159991,20.0
57182956,2017-12-25T13:04:39.693,SELL,0.00159452,12.05854749
57182988,2017-12-25T13:04:48.43,SELL,0.00159451,18.5
57182989,2017-12-25T13:04:48.43,SELL,0.00159451,4.94989153
57182992,2017-12-25T13:04:51.79,SELL,0.00159451,3.55876107
57183000,2017-12-25T13:04:56.197,BUY,0.00159452,133.19272083
57183029,2017-12-25T13:05:06.307,BUY,0.00159984,31.30794072
57183034,2017-12-25T13:05:14.667,SELL,0.00159452,22.61234756
57183039,2017-12-25T13:05:18.353,BUY,0.00159452,7.41065735
57183043,2017-12-25T13:05:25.777,SELL,0.00159451,9.9913474
57183044,2017-12-25T13:05:25.79,SELL,0.00159443,28.84308571
57183045,2017-12-25T13:05:25.79,SELL,0.00159442,15.90099612
57183046,2017-12-25T13:05:25.79,SELL,0.00159442,0.36134122
57183047,2017-12-25T13:05:25.79,SELL,0.00159442,10.0
57183078,2017-12-25T13:05:37.637,BUY,0.00159442,9.90322955
57183092,2017-12-25T13:05:44.65,SELL,0.00159443,0.46598538
57183093,2017-12-25T13:05:44.65,SELL,0.00159442,6.85242988
57183097,2017-12-25T13:05:45.417,BUY,0.00159452,33.27699509
57183098,2017-12-25T13:05:45.417,BUY,0.00159452,81.22300491
57183100,2017-12-25T13:05:46.323,BUY,0.00159452,2.3585
57183126,2017-12-25T13:06:00.967,SELL,0.00159444,0.4657887
57183127,2017-12-25T13:06:00.967,SELL,0.00159442,27.18711374
57183128,2017-12-25T13:06:01.577,SELL,0.00159442,5.99970209
57183147,2017-12-25T13:06:13.263,BUY,0.00159444,1.0
57183148,2017-12-25T13:06:13.263,BUY,0.00159452,16.41849509
57183149,2017-12-25T13:06:13.263,BUY,0.00159452,6.0
57183150,2017-12-25T13:06:13.263,BUY,0.00159976,21.58150491
57183155,2017-12-25T13:06:15.687,SELL,0.00159442,100.0
57183160,2017-12-25T13:06:16.75,SELL,0.00159452,22.4
57183161,2017-12-25T13:06:16.75,SELL,0.00159442,177.5
57183173,2017-12-25T13:06:44.203,BUY,0.00159976,48.66016137
57183174,2017-12-25T13:06:44.203,BUY,0.00159977,41.33983863
57183176,2017-12-25T13:06:49.237,BUY,0.00159977,11.16
57183178,2017-12-25T13:06:53.547,BUY,0.00159977,218.91179276
57183182,2017-12-25T13:06:59.33,BUY,0.00159977,5.41117062
57183190,2017-12-25T13:07:13.987,SELL,0.00159452,10.0
57183191,2017-12-25T13:07:13.987,SELL,0.00159443,15.0
57183192,2017-12-25T13:07:13.987,SELL,0.00159443,9.50902
57183193,2017-12-25T13:07:13.987,SELL,0.00159442,965.49098
57183206,2017-12-25T13:07:27.677,BUY,0.00159976,0.43451106
57183231,2017-12-25T13:07:54.333,BUY,0.00159988,50.07522124
57183255,2017-12-25T13:08:09.71,SELL,0.00159988,13.92477876
57183256,2017-12-25T13:08:09.71,SELL,0.00159976,9.96028467
57183261,2017-12-25T13:08:11.82,BUY,0.00159976,18.5
57183316,2017-12-25T13:09:07.933,SELL,0.00159442,34.5644778
57183326,2017-12-25T13:09:12.057,SELL,0.00159442,47.38568028
57183333,2017-12-25T13:09:15.963,BUY,0.00159443,0.38436142
57183363,2017-12-25T13:09:42.73,BUY,0.00159973,6.06577008
57183364,2017-12-25T13:09:42.73,BUY,0.00159975,5.0
57183365,2017-12-25T13:09:42.73,BUY,0.00159976,16.03392112
57183373,2017-12-25T13:09:53.95,BUY,0.00159972,16.68611994
57183374,2017-12-25T13:09:54.763,SELL,0.00159444,35.00000001
57183388,2017-12-25T13:10:20.97,BUY,0.00159972,13.84942786
57183395,2017-12-25T13:10:26.39,BUY,0.00159976,41.58101545
57183396,2017-12-25T13:10:26.39,BUY,0.00159976,0.73991768
57183397,2017-12-25T13:10:26.39,BUY,0.00159995,28.17906687
57183414,2017-12-25T13:10:44.22,SELL,0.00159973,14.23378928
57183415,2017-12-25T13:10:44.377,SELL,0.00159973,4.26621072
57183416,2017-12-25T13:10:44.377,SELL,0.00159973,12.83613952
57183434,2017-12-25T13:10:52.237,BUY,0.00159995,10.02894349
57183435,2017-12-25T13:10:52.237,BUY,0.0016,7.97105651
57183452,2017-12-25T13:11:07.707,BUY,0.0016,4.02894349
57183453,2017-12-25T13:11:07.707,BUY,0.0016,16.68611994
57183463,2017-12-25T13:11:17.38,SELL,0.00160149,9.0
57183489,2017-12-25T13:11:34.473,SELL,0.0016015,18.5
57183490,2017-12-25T13:11:34.473,SELL,0.00160149,2.48493657
57183491,2017-12-25T13:11:34.473,SELL,0.00160149,6.26285515
57183492,2017-12-25T13:11:35.41,SELL,0.00160149,5.41117062
57183514,2017-12-25T13:12:10.82,BUY,0.0016035,18.2
57183517,2017-12-25T13:12:13.413,BUY,0.0016035,9.8
57183525,2017-12-25T13:12:17.43,SELL,0.00160631,164.843493
57183526,2017-12-25T13:12:18.523,SELL,0.00160631,12.126507
57183555,2017-12-25T13:12:45.09,SELL,0.0016035,10.73196496
57183556,2017-12-25T13:12:45.09,SELL,0.00160149,31.54849134
57183557,2017-12-25T13:12:45.09,SELL,0.00160149,3.95387427
57183558,2017-12-25T13:12:45.09,SELL,0.001601,20.0
57183559,2017-12-25T13:12:45.09,SELL,0.00159445,244.16115141
57183560,2017-12-25T13:12:45.09,SELL,0.00159444,150.28067213
57183561,2017-12-25T13:12:45.09,SELL,0.00159444,15.13368056
57183562,2017-12-25T13:12:45.09,SELL,0.00159443,250.24765844
57183563,2017-12-25T13:12:45.09,SELL,0.00159442,273.94250689
57183571,2017-12-25T13:12:48.137,BUY,0.0016035,15.59
57183574,2017-12-25T13:12:51.387,BUY,0.0016035,47.0044823
57183575,2017-12-25T13:12:51.387,BUY,0.0016063,0.62426855
57183576,2017-12-25T13:12:51.4,BUY,0.00160693,0.43148314
57183577,2017-12-25T13:12:51.4,BUY,0.00160696,5.88780601
57183621,2017-12-25T13:13:16.28,BUY,0.00160687,0.46062067
57183634,2017-12-25T13:13:21.683,BUY,0.00160689,0.93196496
57183635,2017-12-25T13:13:21.683,BUY,0.0016069,38.98802504
57183675,2017-12-25T13:13:43.483,BUY,0.00160687,1.54765924
57183686,2017-12-25T13:13:50.22,BUY,0.00160687,4.41850044
57183713,2017-12-25T13:14:03.61,SELL,0.00159447,6.89216991
57183716,2017-12-25T13:14:04.377,BUY,0.00159447,6.89216991
57183721,2017-12-25T13:14:08.22,BUY,0.00159447,1.17054129
57183733,2017-12-25T13:14:13.657,BUY,0.00159447,1e-06
57183743,2017-12-25T13:14:28.267,SELL,0.00159448,30.38640532
57183746,2017-12-25T13:14:30.19,SELL,0.0015945,15.13368056
57183766,2017-12-25T13:14:36.707,SELL,0.0015945,7.48959442
57183770,2017-12-25T13:14:37.8,BUY,0.0015945,92.51040558
57183802,2017-12-25T13:14:50.283,BUY,0.00160685,5.0
57183820,2017-12-25T13:15:08.707,SELL,0.0015985,18.26257195
57183838,2017-12-25T13:15:18.49,BUY,0.0016,5.85795544
57183839,2017-12-25T13:15:18.49,BUY,0.0016,1.57204456
57183850,2017-12-25T13:15:33.193,SELL,0.0015985,0.23742805
57183851,2017-12-25T13:15:33.193,SELL,0.0015985,36.76256805
57183852,2017-12-25T13:15:33.193,SELL,0.00159849,6.25591869
57183853,2017-12-25T13:15:33.193,SELL,0.00159849,22.46492634
57183854,2017-12-25T13:15:33.193,SELL,0.00159475,90.64057884
57183856,2017-12-25T13:15:33.647,SELL,0.00159475,1.93389277
57183857,2017-12-25T13:15:33.693,SELL,0.00159475,15.93590561
57183869,2017-12-25T13:15:42.117,BUY,0.00159475,6.66773031
57183870,2017-12-25T13:15:42.117,BUY,0.0016,100.46015375
57183873,2017-12-25T13:15:45.053,SELL,0.00159449,108.07060041
57183880,2017-12-25T13:15:51.773,SELL,0.00159849,25.43093114
57183881,2017-12-25T13:15:52.133,SELL,0.00159849,37.34980286
57183882,2017-12-25T13:15:52.133,SELL,0.0015945,13.90741545
57183902,2017-12-25T13:16:00.337,SELL,0.00159524,56.99878874
57183919,2017-12-25T13:16:10.837,SELL,0.00159525,87.83745882
57183925,2017-12-25T13:16:12.65,SELL,0.00159526,7.46928733
57183930,2017-12-25T13:16:16.917,SELL,0.00159526,0.42083845
57183944,2017-12-25T13:16:25.48,BUY,0.0016,9.69453493
57183945,2017-12-25T13:16:25.48,BUY,0.0016,0.30546507
57183947,2017-12-25T13:16:26.353,SELL,0.00159849,1.82069077
57183951,2017-12-25T13:16:27.947,BUY,0.0016,8.0
57183961,2017-12-25T13:16:35.243,BUY,0.0016,20.2
57183966,2017-12-25T13:16:39.37,BUY,0.0016,20.6452486
57183967,2017-12-25T13:16:39.37,BUY,0.0016,2.0
57183968,2017-12-25T13:16:39.37,BUY,0.0016,5.3547514
57183973,2017-12-25T13:16:42.7,SELL,0.0015985,0.87841123
57183986,2017-12-25T13:16:50.137,SELL,0.0015985,17.29758144
57183990,2017-12-25T13:16:51.637,BUY,0.0016,0.47225135
57183991,2017-12-25T13:16:51.637,BUY,0.0016,0.02650488
57183999,2017-12-25T13:17:01.433,BUY,0.0016,2.60889803
57184000,2017-12-25T13:17:01.433,BUY,0.0016,0.39110197
57184008,2017-12-25T13:17:11.073,BUY,0.00159999,0.42954661
57184009,2017-12-25T13:17:11.073,BUY,0.0016,3.60889803
57184010,2017-12-25T13:17:11.073,BUY,0.0016,10.0
57184011,2017-12-25T13:17:11.073,BUY,0.0016,1.96155536
57184021,2017-12-25T13:17:32.983,BUY,0.00159999,13.0
57184026,2017-12-25T13:17:34.483,BUY,0.00159999,0.93709176
57184027,2017-12-25T13:17:34.483,BUY,0.0016,1.03844464
57184028,2017-12-25T13:17:34.483,BUY,0.0016,14.6244636
57184029,2017-12-25T13:17:37.81,SELL,0.0015985,0.32400733
57184030,2017-12-25T13:17:37.81,SELL,0.0015985,4.67599267
57184032,2017-12-25T13:17:43.483,SELL,0.0015985,11.32813411
57184043,2017-12-25T13:17:48.953,BUY,0.00159999,292.6808453
57184049,2017-12-25T13:17:52.593,SELL,0.0015985,2.49587322
57184050,2017-12-25T13:17:52.593,SELL,0.0015985,135.85038303
57184051,2017-12-25T13:17:52.593,SELL,0.0015985,11.65374375
57184063,2017-12-25T13:18:00.86,BUY,0.00159999,45.0
57184072,2017-12-25T13:18:10.94,SELL,0.0015985,5.4509813
57184075,2017-12-25T13:18:15.093,SELL,0.0015985,1.07126228
57184076,2017-12-25T13:18:15.093,SELL,0.0015985,3.92873772
57184079,2017-12-25T13:18:18.173,SELL,0.0015985,12.39939283
57184080,2017-12-25T13:18:18.173,SELL,0.0015985,91.84794041
57184081,2017-12-25T13:18:18.173,SELL,0.0015985,2.40976281
57184082,2017-12-25T13:18:18.173,SELL,0.0015985,14.14962413
57184083,2017-12-25T13:18:18.173,SELL,0.00159849,44.45158003
57184084,2017-12-25T13:18:18.173,SELL,0.00159849,12.87341625
57184089,2017-12-25T13:18:33.033,BUY,0.00159998,23.79386675
57184090,2017-12-25T13:18:33.033,BUY,0.00159999,5.40718877
57184091,2017-12-25T13:18:33.033,BUY,0.00159999,45.79894448
57184104,2017-12-25T13:18:38.957,SELL,0.00159849,5.0
57184109,2017-12-25T13:18:44.817,BUY,0.00159999,8.252006
57184115,2017-12-25T13:18:51.41,SELL,0.00159849,45.45499646
57184116,2017-12-25T13:18:52.19,SELL,0.00159849,45.45499646
57184120,2017-12-25T13:18:55.973,SELL,0.00159849,66.3290914
57184123,2017-12-25T13:18:56.253,BUY,0.00159849,83.6709086
57184125,2017-12-25T13:18:57.893,SELL,0.00159849,27.5044973
57184132,2017-12-25T13:19:02.583,BUY,0.00159849,9.34442452
57184138,2017-12-25T13:19:10.957,SELL,0.00159849,74.549
57184143,2017-12-25T13:19:20.443,BUY,0.00159999,7.41026692
57184146,2017-12-25T13:19:21.77,BUY,0.00159999,51.35351756
57184147,2017-12-25T13:19:22.24,SELL,0.00159849,21.44410223
57184149,2017-12-25T13:19:22.363,BUY,0.00159999,12.49854825
57184150,2017-12-25T13:19:22.363,BUY,0.00159999,3.48877285
57184160,2017-12-25T13:19:26.177,SELL,0.00160329,32.15201072
57184162,2017-12-25T13:19:26.38,BUY,0.00160684,108.800182
57184172,2017-12-25T13:19:27.973,BUY,0.00160684,87.784638
57184176,2017-12-25T13:19:28.77,BUY,0.00160684,53.420032
57184181,2017-12-25T13:19:29.16,BUY,0.00160684,25.123069
57184184,2017-12-25T13:19:29.583,BUY,0.00160684,32.29932228
57184185,2017-12-25T13:19:29.583,BUY,0.00160685,154.02140172
57184189,2017-12-25T13:19:31.507,BUY,0.00160685,144.395256
57184191,2017-12-25T13:19:33.07,BUY,0.00160685,14.96111199
57184196,2017-12-25T13:19:34.24,BUY,0.00160685,186.56
57184200,2017-12-25T13:19:34.927,BUY,0.00160685,0.06223029
57184201,2017-12-25T13:19:34.927,BUY,0.00160687,5.00977778
57184202,2017-12-25T13:19:34.943,BUY,0.00160689,1.0
57184203,2017-12-25T13:19:34.943,BUY,0.00160692,5.95703093
57184213,2017-12-25T13:19:42.443,BUY,0.00160692,15.16617837
57184214,2017-12-25T13:19:42.443,BUY,0.00160692,27.04080646
57184219,2017-12-25T13:19:44.273,SELL,0.00160692,94.26433674
57184221,2017-12-25T13:19:44.413,BUY,0.00160696,30.0
57184227,2017-12-25T13:19:45.023,BUY,0.00160696,39.04158169
57184234,2017-12-25T13:19:47.93,BUY,0.00160696,42.629445
57184235,2017-12-25T13:19:48.63,SELL,0.00160692,36.48960524
57184238,2017-12-25T13:19:48.93,BUY,0.00160696,0.62073731
57184240,2017-12-25T13:19:49.727,BUY,0.00160696,4.83515639
57184256,2017-12-25T13:19:58.697,BUY,0.00160696,21.56458764
57184286,2017-12-25T13:20:24.417,BUY,0.00160695,8.4636465
57184301,2017-12-25T13:20:32.603,BUY,0.00160695,68.25356318
57184302,2017-12-25T13:20:32.603,BUY,0.00160695,4.0
57184303,2017-12-25T13:20:32.603,BUY,0.00160696,32.11559682
57184310,2017-12-25T13:20:35.557,BUY,0.00160695,15.0596779
57184314,2017-12-25T13:20:38.34,SELL,0.00160692,21.51264456
57184315,2017-12-25T13:20:38.34,SELL,0.00160692,15.26092067
57184316,2017-12-25T13:20:38.34,SELL,0.00160692,92.95965188
57184333,2017-12-25T13:20:48.573,BUY,0.00160695,5.93223493
57184340,2017-12-25T13:20:51.09,BUY,0.00160696,180.64223837
57184341,2017-12-25T13:20:51.09,BUY,0.00160696,4.0
57184342,2017-12-25T13:20:51.09,BUY,0.00160696,3.95387427
57184343,2017-12-25T13:20:51.09,BUY,0.00160795,56.80542236
57184346,2017-12-25T13:20:52.34,BUY,0.00160795,340.92185037
57184347,2017-12-25T13:20:52.34,BUY,0.00160796,0.52296601
57184348,2017-12-25T13:20:52.34,BUY,0.00160986,20.39867941
57184349,2017-12-25T13:20:52.34,BUY,0.00160986,99.7
57184353,2017-12-25T13:20:54.777,SELL,0.00160986,131.33674349
57184376,2017-12-25T13:21:03.293,BUY,0.00161,25.0
57184440,2017-12-25T13:21:26.467,BUY,0.00161053,23.65087297
57184443,2017-12-25T13:21:28.39,BUY,0.00161054,0.57419214
57184444,2017-12-25T13:21:28.39,BUY,0.00161425,0.66580786
57184447,2017-12-25T13:21:28.81,SELL,0.00161053,15.83993661
57184451,2017-12-25T13:21:29.763,BUY,0.00161425,0.25099452
57184458,2017-12-25T13:21:32.793,SELL,0.00161537,0.49450274
57184471,2017-12-25T13:21:40.937,SELL,0.00161537,0.49450274
57184472,2017-12-25T13:21:40.937,SELL,0.00161425,11.79056385
57184473,2017-12-25T13:21:40.937,SELL,0.00161,3.55487002
57184475,2017-12-25T13:21:41.437,SELL,0.00161,12.28506659
57184479,2017-12-25T13:21:42.28,SELL,0.00161,20.59191759
57184493,2017-12-25T13:21:49.297,SELL,0.00161537,7.56391643
57184498,2017-12-25T13:21:52.217,SELL,0.00161,6.25591869
57184519,2017-12-25T13:22:06.267,SELL,0.00161483,102.28435049
57184524,2017-12-25T13:22:08.64,SELL,0.00161483,83.49564951
57184525,2017-12-25T13:22:08.953,SELL,0.00161,1.0
57184528,2017-12-25T13:22:09.953,SELL,0.00161,4.09490581
57184529,2017-12-25T13:22:09.953,SELL,0.00161,1.64613522
57184530,2017-12-25T13:22:09.953,SELL,0.00161,77.75460848
57184532,2017-12-25T13:22:10.437,SELL,0.00161,1.26566814
57184536,2017-12-25T13:22:10.907,BUY,0.00161536,0.42554995
57184537,2017-12-25T13:22:10.907,BUY,0.00161537,0.7
57184538,2017-12-25T13:22:10.907,BUY,0.00161796,0.10445005
57184544,2017-12-25T13:22:12.453,BUY,0.00161795,1.23
57184554,2017-12-25T13:22:17.36,SELL,0.00161,120.97972338
57184555,2017-12-25T13:22:17.36,SELL,0.00161,21.94968479
57184574,2017-12-25T13:22:27.173,BUY,0.00161535,1.23
57184583,2017-12-25T13:22:28.75,BUY,0.00161535,1.23
57184585,2017-12-25T13:22:29.5,BUY,0.00161535,1.59363989
57184592,2017-12-25T13:22:30.923,BUY,0.00161535,1.23
57184598,2017-12-25T13:22:32.33,BUY,0.00161535,1.23
57184602,2017-12-25T13:22:33.75,BUY,0.00161534,1.23
57184604,2017-12-25T13:22:33.783,BUY,0.00161534,12.05364405
57184612,2017-12-25T13:22:36.58,BUY,0.00161534,1.23
57184618,2017-12-25T13:22:38.377,BUY,0.00161534,1.23
57184620,2017-12-25T13:22:38.767,SELL,0.00161,90.36078652
57184623,2017-12-25T13:22:39.377,BUY,0.00161534,1.23
57184628,2017-12-25T13:22:40.83,BUY,0.00161534,1.23
57184632,2017-12-25T13:22:42.36,BUY,0.00161534,5.4459013
57184634,2017-12-25T13:22:42.5,BUY,0.00161537,1.23
57184639,2017-12-25T13:22:43.75,BUY,0.00161537,1.23
57184646,2017-12-25T13:22:45.16,BUY,0.00161537,1.23
57184649,2017-12-25T13:22:45.41,SELL,0.00161535,56.73897439
57184654,2017-12-25T13:22:46.55,BUY,0.00161537,1.23
57184655,2017-12-25T13:22:46.91,SELL,0.00161535,1.78711776
57184656,2017-12-25T13:22:46.91,SELL,0.00161535,15.43783081
57184658,2017-12-25T13:22:47.957,BUY,0.00161537,1.23
57184665,2017-12-25T13:22:50.457,BUY,0.00161535,1.23
57184668,2017-12-25T13:22:51.61,BUY,0.00161535,0.55711776
57184669,2017-12-25T13:22:51.61,BUY,0.00161537,74.85
57184671,2017-12-25T13:22:51.783,BUY,0.00161794,1.23
57184674,2017-12-25T13:22:53.597,BUY,0.00161798,1.23
57184677,2017-12-25T13:22:54.283,SELL,0.00161537,29.87885514
57184683,2017-12-25T13:22:55.61,SELL,0.00161537,3.21442928
57184688,2017-12-25T13:22:57.44,SELL,0.00161537,201.61611696
57184689,2017-12-25T13:22:57.47,SELL,0.00161537,4.41535264
57184695,2017-12-25T13:22:58.58,SELL,0.00161537,253.56577
57184704,2017-12-25T13:22:59.783,SELL,0.00161537,15.9833546
57184710,2017-12-25T13:23:01.97,SELL,0.00161537,0.62713618
57184717,2017-12-25T13:23:02.94,SELL,0.00161537,0.62713618
57184725,2017-12-25T13:23:04.817,BUY,0.00161798,7.06842933
57184733,2017-12-25T13:23:08.283,BUY,0.00161798,74.62895684
57184744,2017-12-25T13:23:11.893,BUY,0.00161798,4.05820517
57184753,2017-12-25T13:23:14.317,SELL,0.00161537,1495.89961496
57184754,2017-12-25T13:23:14.317,SELL,0.00161537,19.30838082
57184768,2017-12-25T13:23:17.817,BUY,0.00161797,29.67292156
57184769,2017-12-25T13:23:17.817,BUY,0.00161799,97.82925597
57184770,2017-12-25T13:23:17.817,BUY,0.001618,7.02009965
57184771,2017-12-25T13:23:17.817,BUY,0.001618,92.95965188
57184772,2017-12-25T13:23:17.817,BUY,0.001618,97.0
57184773,2017-12-25T13:23:17.817,BUY,0.00161833,4.51
57184774,2017-12-25T13:23:17.817,BUY,0.00161836,0.94076327
57184775,2017-12-25T13:23:17.817,BUY,0.0016185,230.14520954
57184778,2017-12-25T13:23:18.503,SELL,0.00161,12.19500937
57184821,2017-12-25T13:23:28.3,BUY,0.00161798,1.01318071
57184864,2017-12-25T13:23:38.96,SELL,0.00161798,58.98681929
57184930,2017-12-25T13:23:59.147,SELL,0.00160695,1.0
57184931,2017-12-25T13:23:59.147,SELL,0.00160695,4.7652672
57184935,2017-12-25T13:24:00.147,BUY,0.0016069,12.204243
57184946,2017-12-25T13:24:02.913,BUY,0.0016069,1.24
57184949,2017-12-25T13:24:03.82,BUY,0.0016069,2.194649
57184954,2017-12-25T13:24:04.273,BUY,0.0016069,4.58066534
57184956,2017-12-25T13:24:04.507,BUY,0.0016069,3.4469392
57184960,2017-12-25T13:24:05.96,BUY,0.0016069,1.24
57184966,2017-12-25T13:24:07.38,BUY,0.0016069,1.24
57184968,2017-12-25T13:24:07.43,BUY,0.0016069,4.44097952
57184972,2017-12-25T13:24:09.087,BUY,0.0016069,0.70099674
57184976,2017-12-25T13:24:09.49,BUY,0.00160695,1.24
57184984,2017-12-25T13:24:11.57,BUY,0.00160695,0.76
57185036,2017-12-25T13:24:23.477,BUY,0.00161798,62.72119845
57185037,2017-12-25T13:24:23.477,BUY,0.00161798,40.60145656
57185038,2017-12-25T13:24:23.477,BUY,0.00161846,25.0
57185039,2017-12-25T13:24:23.477,BUY,0.0016185,56.69734499
57185047,2017-12-25T13:24:24.96,SELL,0.00161661,185.58
57185083,2017-12-25T13:24:32.383,SELL,0.00161177,0.48
57185084,2017-12-25T13:24:32.383,SELL,0.00161177,1.24
57185085,2017-12-25T13:24:32.383,SELL,0.00161177,1.24
57185086,2017-12-25T13:24:32.383,SELL,0.00161177,1.24
57185088,2017-12-25T13:24:32.46,BUY,0.0016185,3.0
57185127,2017-12-25T13:24:42.167,BUY,0.0016185,154.34398671
57185151,2017-12-25T13:24:48.01,BUY,0.00161661,4.63699879
57185188,2017-12-25T13:24:59.307,SELL,0.00160696,18.5
57185189,2017-12-25T13:24:59.307,SELL,0.00160696,0.80838082
57185203,2017-12-25T13:25:02.463,BUY,0.00161661,6.16311399
57185371,2017-12-25T13:25:42.247,BUY,0.00161661,3.83110811
57185388,2017-12-25T13:25:53.153,BUY,0.00161661,0.5
57185410,2017-12-25T13:26:03.263,BUY,0.00161661,1.39533134
57185419,2017-12-25T13:26:06.03,BUY,0.00161661,6.16311399
57185427,2017-12-25T13:26:08.513,BUY,0.00161661,2.177471
57185493,2017-12-25T13:26:35.657,SELL,0.00160709,10.53715628
57185501,2017-12-25T13:26:37.36,SELL,0.0016071,50.85197739
57185527,2017-12-25T13:26:49.203,BUY,0.00160705,3.0
57185528,2017-12-25T13:26:49.203,BUY,0.00161661,2.79041424
57185529,2017-12-25T13:26:49.203,BUY,0.00161661,4.65166493
57185530,2017-12-25T13:26:49.203,BUY,0.00161797,150.8088386
57185544,2017-12-25T13:26:53.657,BUY,0.00161797,0.43064286
57185545,2017-12-25T13:26:53.657,BUY,0.0016185,443.2716001
57185547,2017-12-25T13:26:55.843,SELL,0.00160703,0.4
57185593,2017-12-25T13:27:09.487,SELL,0.00160712,0.93343373
57185594,2017-12-25T13:27:09.487,SELL,0.0016071,83.39099452
57185595,2017-12-25T13:27:09.487,SELL,0.00160709,15.67557175
57185601,2017-12-25T13:27:11.83,BUY,0.00161796,0.4
57185603,2017-12-25T13:27:12.75,SELL,0.00161796,9.85698398
57185604,2017-12-25T13:27:12.767,SELL,0.00160711,30.71174717
57185605,2017-12-25T13:27:12.767,SELL,0.0016071,34.06022569
57185636,2017-12-25T13:27:20.36,BUY,0.00161794,36.35208653
57185715,2017-12-25T13:28:14.27,SELL,0.00161794,0.14404465
57185716,2017-12-25T13:28:14.27,SELL,0.00161794,4.92797767
57185717,2017-12-25T13:28:14.38,SELL,0.00161794,1.90380999
57185718,2017-12-25T13:28:14.38,SELL,0.00161794,3.16821234
57185719,2017-12-25T13:28:14.38,SELL,0.00160717,0.39883852
57185722,2017-12-25T13:28:14.91,BUY,0.00160716,0.39883852
57185731,2017-12-25T13:28:18.63,SELL,0.00161794,30.90349457
57185735,2017-12-25T13:28:19.507,SELL,0.00161794,67.56574931
57185739,2017-12-25T13:28:21.663,BUY,0.00161794,2.0
57185748,2017-12-25T13:28:23.833,SELL,0.00160716,6.17815527
57185797,2017-12-25T13:28:45.773,BUY,0.00160718,128.482076
57185803,2017-12-25T13:28:49.82,BUY,0.00160718,1.24
57185806,2017-12-25T13:28:51.21,BUY,0.00160718,1.24
57185811,2017-12-25T13:28:53.29,BUY,0.00160718,1.24
57185813,2017-12-25T13:28:55.273,BUY,0.00160718,18.61875875
57185817,2017-12-25T13:28:59.26,BUY,0.00160718,1.24
57185820,2017-12-25T13:29:00.477,BUY,0.00160718,1.24
57185825,2017-12-25T13:29:01.837,BUY,0.00160718,1.24
57185830,2017-12-25T13:29:04.807,BUY,0.00160718,1.24
57185834,2017-12-25T13:29:06.383,BUY,0.00160718,1.24
57185841,2017-12-25T13:29:08.337,BUY,0.00160718,1.24
57185844,2017-12-25T13:29:09.18,BUY,0.00160718,1.55740637
57185845,2017-12-25T13:29:09.18,BUY,0.00160718,1.75111609
57185847,2017-12-25T13:29:09.71,BUY,0.00160718,1.24
57185851,2017-12-25T13:29:11.68,BUY,0.00160718,1.24
57185855,2017-12-25T13:29:13.43,BUY,0.00160718,1.24
57185857,2017-12-25T13:29:13.837,BUY,0.00160718,6.66737179
57185860,2017-12-25T13:29:15.087,BUY,0.00160718,1.24
57185863,2017-12-25T13:29:15.43,BUY,0.00160718,11.62151212
57185894,2017-12-25T13:29:27.087,SELL,0.00160718,2.180355
57185895,2017-12-25T13:29:27.087,SELL,0.00160718,2.13996614
57185907,2017-12-25T13:29:31.277,BUY,0.00161788,36.51068784
57185908,2017-12-25T13:29:31.277,BUY,0.00161788,4.47643941
57185909,2017-12-25T13:29:31.277,BUY,0.00161794,28.90349457
57185910,2017-12-25T13:29:31.277,BUY,0.00161795,0.60592964
57185911,2017-12-25T13:29:31.277,BUY,0.00161796,9.85698398
57185912,2017-12-25T13:29:31.277,BUY,0.00161797,2.69646456
57185925,2017-12-25T13:29:40.307,SELL,0.00160718,0.04038886
57185926,2017-12-25T13:29:40.307,SELL,0.00160718,2.179075
57185927,2017-12-25T13:29:40.307,SELL,0.00160718,50.0
57185929,2017-12-25T13:29:40.387,BUY,0.00160718,11.4038859
57185936,2017-12-25T13:29:42.963,BUY,0.00161796,12.75103603
57185937,2017-12-25T13:29:42.963,BUY,0.00161797,32.24896397
57185966,2017-12-25T13:29:56.48,SELL,0.00160719,7.0961141
57185967,2017-12-25T13:29:56.48,SELL,0.00160719,8.70167421
57185982,2017-12-25T13:30:03.933,BUY,0.00161787,12.28113853
57186008,2017-12-25T13:30:19.747,BUY,0.00161786,3.61395052
57186009,2017-12-25T13:30:19.747,BUY,0.00161787,34.42951459
57186018,2017-12-25T13:30:24.403,BUY,0.00161787,37.32
57186055,2017-12-25T13:30:40.78,SELL,0.00160721,10.59354985
57186061,2017-12-25T13:30:42.42,BUY,0.00161787,1.85185
57186129,2017-12-25T13:31:07.623,BUY,0.00161787,43.38965445
57186130,2017-12-25T13:31:07.623,BUY,0.00161787,2.0
57186131,2017-12-25T13:31:07.623,BUY,0.00161797,2.42033555
57186159,2017-12-25T13:31:19.343,SELL,0.00160721,7.90645015
57186161,2017-12-25T13:31:19.343,SELL,0.00160721,3.83172794
57186184,2017-12-25T13:31:34.517,SELL,0.00160721,2.08474116
57186193,2017-12-25T13:31:40.97,SELL,0.00160721,10.0
57186197,2017-12-25T13:31:42.203,BUY,0.00161786,8.5
57186207,2017-12-25T13:31:47.893,BUY,0.0016078,7.52109319
57186211,2017-12-25T13:31:49.11,BUY,0.0016078,1e-06
57186237,2017-12-25T13:31:59.487,BUY,0.00161786,9.3830415
57186238,2017-12-25T13:31:59.487,BUY,0.00161789,15.91524492
57186239,2017-12-25T13:31:59.487,BUY,0.0016179,31.89576098
57186240,2017-12-25T13:31:59.487,BUY,0.00161797,4.1759526
57186288,2017-12-25T13:32:17.22,SELL,0.00161261,18.5
57186289,2017-12-25T13:32:17.22,SELL,0.0016126,0.79826226
57186305,2017-12-25T13:32:23.723,SELL,0.0016126,0.44173674
57186306,2017-12-25T13:32:23.723,SELL,0.0016126,1.24
57186410,2017-12-25T13:32:59.053,BUY,0.00161775,24.18044511
57186435,2017-12-25T13:33:10.1,BUY,0.0016126,8.97343166
57186436,2017-12-25T13:33:10.1,BUY,0.0016177,4.74888486
57186437,2017-12-25T13:33:10.117,BUY,0.00161772,10.0
57186438,2017-12-25T13:33:10.117,BUY,0.00161775,7.84125362
57186439,2017-12-25T13:33:10.117,BUY,0.00161776,86.24576953
57186440,2017-12-25T13:33:10.117,BUY,0.00161778,24.73799233
57186458,2017-12-25T13:33:14.46,BUY,0.00161,2.60694432
57186466,2017-12-25T13:33:20.02,SELL,0.0016089,15.13581335
57186487,2017-12-25T13:33:29.443,SELL,0.0016089,15.13581335
57186503,2017-12-25T13:33:38.007,BUY,0.00161,1.01e-06
57186504,2017-12-25T13:33:38.007,BUY,0.00161,8.99999999
57186506,2017-12-25T13:33:38.337,BUY,0.00161,1e-08
57186510,2017-12-25T13:33:40.367,BUY,0.00161771,36.69705798
57186511,2017-12-25T13:33:41.477,SELL,0.00161771,15.13581335
57186513,2017-12-25T13:33:42.29,SELL,0.00161771,140.79378139
57186514,2017-12-25T13:33:42.29,SELL,0.00161,9.0
57186515,2017-12-25T13:33:42.29,SELL,0.0016089,6.13581335
57186529,2017-12-25T13:33:43.4,SELL,0.0016089,1.89658491
57186532,2017-12-25T13:33:44.43,SELL,0.0016089,42.96674649
57186533,2017-12-25T13:33:44.43,SELL,0.00160883,97.8270349
57186544,2017-12-25T13:33:51.257,SELL,0.00160883,6.56266432
57186558,2017-12-25T13:33:57.883,SELL,0.00160883,6.55938299
57186567,2017-12-25T13:34:01.29,BUY,0.00161,4.99270668
57186594,2017-12-25T13:34:09.307,BUY,0.00161763,19.08536804
57186598,2017-12-25T13:34:10.883,SELL,0.00161,4.99270568
57186623,2017-12-25T13:34:30.323,SELL,0.00160884,0.5
57186635,2017-12-25T13:34:33.667,BUY,0.00161754,36.80087401
57186649,2017-12-25T13:34:38.103,SELL,0.00161754,26.22152306
57186667,2017-12-25T13:34:51.043,SELL,0.00161754,0.4
57186668,2017-12-25T13:34:51.043,SELL,0.00161754,7.63781817
57186676,2017-12-25T13:34:55.23,BUY,0.00161756,12.239964
57186705,2017-12-25T13:35:28.997,BUY,0.00161754,23.7227163
57186706,2017-12-25T13:35:28.997,BUY,0.00161754,9.97245062
57186708,2017-12-25T13:35:30.17,BUY,0.00161754,90.02754938
57186718,2017-12-25T13:35:32.217,SELL,0.00161754,3.0
57186725,2017-12-25T13:35:35.793,SELL,0.00161754,271.01
57186743,2017-12-25T13:35:45.857,SELL,0.00161754,16.1650696
57186798,2017-12-25T13:36:24.89,BUY,0.00161754,28.57310628
57186802,2017-12-25T13:36:28.423,SELL,0.00161754,3.39957028
57186828,2017-12-25T13:36:53.69,SELL,0.00161,0.64085967
57186829,2017-12-25T13:36:53.69,SELL,0.00161,59.5384404
57186838,2017-12-25T13:36:58.033,SELL,0.00161,30.69365637
57186839,2017-12-25T13:36:58.033,SELL,0.00161,6.09513483
57186841,2017-12-25T13:36:59.097,BUY,0.00161,16.20995489
57186873,2017-12-25T13:37:15.283,SELL,0.00160934,604.431
57186900,2017-12-25T13:37:24.783,SELL,0.00160936,62.95578942
57186901,2017-12-25T13:37:25.143,SELL,0.00160936,4.86735851
57186903,2017-12-25T13:37:26.783,SELL,0.00160936,20.0
57186936,2017-12-25T13:37:36.207,BUY,0.00160936,5.84983489
57186953,2017-12-25T13:37:41.19,BUY,0.00160936,94.15016511
57186954,2017-12-25T13:37:41.207,BUY,0.00161741,16.54115059
57186955,2017-12-25T13:37:41.207,BUY,0.00161741,24.9
57186956,2017-12-25T13:37:41.207,BUY,0.00161752,0.42109137
57186957,2017-12-25T13:37:41.207,BUY,0.00161753,220.52350121
57186978,2017-12-25T13:38:04.317,BUY,0.00160936,17.52147757
57186986,2017-12-25T13:38:06.693,BUY,0.00161753,42.07932595
57186987,2017-12-25T13:38:07.613,SELL,0.00160936,2.75358999
57186988,2017-12-25T13:38:07.613,SELL,0.00160934,4.74641001
57186994,2017-12-25T13:38:12.303,SELL,0.00160934,285.9
57187012,2017-12-25T13:38:22.88,BUY,0.00161753,17.26834878
57187013,2017-12-25T13:38:22.943,SELL,0.00160937,74.79422728
57187021,2017-12-25T13:38:32.977,SELL,0.00160937,10.76414732
57187025,2017-12-25T13:38:36.083,BUY,0.00161753,57.01046732
57187026,2017-12-25T13:38:36.083,BUY,0.00161775,9.9
57187027,2017-12-25T13:38:36.083,BUY,0.00161779,0.42123852
57187028,2017-12-25T13:38:36.083,BUY,0.00161796,2.5
57187029,2017-12-25T13:38:36.083,BUY,0.00161797,221.45413316
57187032,2017-12-25T13:38:39.773,BUY,0.00161753,34.05099442
57187039,2017-12-25T13:38:52.04,BUY,0.00161753,3.09782609
57187048,2017-12-25T13:38:56.1,BUY,0.00161753,7.94743958
57187061,2017-12-25T13:39:01.1,BUY,0.00161753,54.95373991
57187083,2017-12-25T13:39:08.07,BUY,0.00161797,22.94415226
57187090,2017-12-25T13:39:10.603,BUY,0.00161797,214.51121285
57187091,2017-12-25T13:39:10.603,BUY,0.0016185,1358.14436639
57187092,2017-12-25T13:39:10.603,BUY,0.0016185,0.5544569
57187093,2017-12-25T13:39:10.603,BUY,0.0016185,10.77533015
57187118,2017-12-25T13:39:26.12,BUY,0.00161797,2.0
57187129,2017-12-25T13:39:36.277,SELL,0.00161797,20.01128495
57187132,2017-12-25T13:39:38.573,SELL,0.00161797,12.19500937
57187134,2017-12-25T13:39:41.09,SELL,0.00161797,12.81026157
57187156,2017-12-25T13:40:20.2,SELL,0.00161797,28.55009364
57187163,2017-12-25T13:40:25.7,BUY,0.001618,2.1548466
57187168,2017-12-25T13:40:28.527,SELL,0.00161797,204.78925365
57187173,2017-12-25T13:40:32.12,SELL,0.00161797,182.90532336
57187174,2017-12-25T13:40:32.12,SELL,0.00161797,1.48486303
57187175,2017-12-25T13:40:32.12,SELL,0.00161797,68.69428361
57187177,2017-12-25T13:40:32.42,SELL,0.00161797,92.13290458
57187178,2017-12-25T13:40:32.42,SELL,0.00161753,18.59159542
57187182,2017-12-25T13:40:33.857,SELL,0.00161797,40.39919669
57187189,2017-12-25T13:40:36.683,SELL,0.00161753,177.64556964
57187199,2017-12-25T13:40:40.34,SELL,0.00161753,154.72559817
57187201,2017-12-25T13:40:40.403,SELL,0.00161753,98.4829546
57187207,2017-12-25T13:40:42.45,SELL,0.00161753,62.8282
57187208,2017-12-25T13:40:42.577,SELL,0.00161753,38.13610331
57187211,2017-12-25T13:40:43.23,SELL,0.00161753,990.0601849
57187212,2017-12-25T13:40:43.23,SELL,0.00161753,11.55892662
57187219,2017-12-25T13:40:44.48,BUY,0.00161753,52.57586098
57187232,2017-12-25T13:40:47.84,BUY,0.00161753,33.54966192
57187233,2017-12-25T13:40:47.84,BUY,0.00161797,9.0
57187234,2017-12-25T13:40:47.84,BUY,0.001618,2.8451534
57187235,2017-12-25T13:40:47.84,BUY,0.001618,5.0
57187236,2017-12-25T13:40:47.84,BUY,0.001618,13.00666768
57187251,2017-12-25T13:40:49.327,BUY,0.001618,34.516049
57187255,2017-12-25T13:40:49.53,BUY,0.001618,8.03361257
57187256,2017-12-25T13:40:49.53,BUY,0.00161807,34.51604867
57187257,2017-12-25T13:40:49.53,BUY,0.00161879,11.26099611
57187258,2017-12-25T13:40:49.53,BUY,0.00161896,6.16665412
57187259,2017-12-25T13:40:49.53,BUY,0.00161998,1.99631408
57187260,2017-12-25T13:40:49.53,BUY,0.00162,1.02400259
57187261,2017-12-25T13:40:49.53,BUY,0.00162218,29.47927286
57187321,2017-12-25T13:41:07.343,BUY,0.00161879,118.0
57187354,2017-12-25T13:41:15.56,BUY,0.00161879,6.181815
57187383,2017-12-25T13:41:25.077,BUY,0.00161879,29.818185
57187387,2017-12-25T13:41:26.53,SELL,0.00161879,50.0
57187409,2017-12-25T13:41:33.22,SELL,0.00161879,20.181815
57187410,2017-12-25T13:41:33.22,SELL,0.001618,23.11881953
57187411,2017-12-25T13:41:33.22,SELL,0.00161753,6.43929295
57187412,2017-12-25T13:41:33.22,SELL,0.00161753,132.92513082
57187413,2017-12-25T13:41:33.22,SELL,0.00161039,17.34105128
57187438,2017-12-25T13:41:42.03,SELL,0.0016189,11.0
57187450,2017-12-25T13:41:45.047,BUY,0.001618,3.21981924
57187451,2017-12-25T13:41:45.047,BUY,0.00161879,1.20228278
57187525,2017-12-25T13:42:02.237,SELL,0.00161076,2.0
57187565,2017-12-25T13:42:14.347,BUY,0.00161878,0.41816448
57187566,2017-12-25T13:42:14.347,BUY,0.00161879,9.69504099
57187575,2017-12-25T13:42:15.5,BUY,0.00161879,3.10267623
57187576,2017-12-25T13:42:15.5,BUY,0.00161879,100.0
57187577,2017-12-25T13:42:15.5,BUY,0.00162,10.11320577
57187585,2017-12-25T13:42:16.237,BUY,0.00162,342.08723762
57187586,2017-12-25T13:42:16.237,BUY,0.00162218,10.11320538
57187613,2017-12-25T13:42:24.05,BUY,0.00162218,32.43645574
57187614,2017-12-25T13:42:24.05,BUY,0.00162218,238.66529309
57187621,2017-12-25T13:42:26.097,BUY,0.00162218,146.493991
57187626,2017-12-25T13:42:27.127,SELL,0.00161775,49.68230194
57187657,2017-12-25T13:42:34.127,SELL,0.00161771,499.7899
57187658,2017-12-25T13:42:34.127,SELL,0.0016177,33.54613626
57187659,2017-12-25T13:42:34.127,SELL,0.00161002,99.0350126
57187690,2017-12-25T13:42:39.957,BUY,0.00161879,11.60520285
57187704,2017-12-25T13:42:40.987,BUY,0.00161879,4.92960792
57187713,2017-12-25T13:42:41.97,BUY,0.00161879,3.92196695
57187714,2017-12-25T13:42:41.97,BUY,0.00162218,469.03533628
57187774,2017-12-25T13:42:53.987,BUY,0.00161879,4.67500574
57187823,2017-12-25T13:43:08.083,BUY,0.00162218,10.03100299
57187826,2017-12-25T13:43:08.473,BUY,0.00162218,22.73555
57187865,2017-12-25T13:43:17.77,BUY,0.00162218,2.00700299
57187907,2017-12-25T13:43:28.863,BUY,0.00162,100.43643963
57187908,2017-12-25T13:43:28.863,BUY,0.00162218,450.45733537
57187925,2017-12-25T13:43:37.66,SELL,0.00162,5.0
57187951,2017-12-25T13:43:48.507,BUY,0.00162218,200.0
57187959,2017-12-25T13:43:49.663,BUY,0.00162218,256.20554828
57187960,2017-12-25T13:43:49.663,BUY,0.00162218,60.0
57187961,2017-12-25T13:43:49.663,BUY,0.00162218,3.69421574
57187962,2017-12-25T13:43:49.663,BUY,0.00162218,21.94968479
57187963,2017-12-25T13:43:49.663,BUY,0.00162218,4.15880619
57187991,2017-12-25T13:43:55.57,BUY,0.00162218,2.8e-07
57188026,2017-12-25T13:44:01.647,BUY,0.001624,34.15980983
57188039,2017-12-25T13:44:05.57,BUY,0.001624,12.844512
57188041,2017-12-25T13:44:06.757,BUY,0.001624,29.65430379
57188159,2017-12-25T13:44:42.93,BUY,0.001624,15.0
57188164,2017-12-25T13:44:46.413,BUY,0.001624,32.34137438
57188165,2017-12-25T13:44:46.413,BUY,0.001624,47.74484162
57188182,2017-12-25T13:44:53.133,BUY,0.001624,61.238862
57188194,2017-12-25T13:44:56.947,BUY,0.001624,32.9364126
57188195,2017-12-25T13:44:56.947,BUY,0.001624,15.24501097
57188196,2017-12-25T13:44:56.947,BUY,0.001624,8.92446794
57188225,2017-12-25T13:45:03.447,SELL,0.001624,20.0
57188302,2017-12-25T13:45:35.9,SELL,0.00162401,18.5
57188303,2017-12-25T13:45:35.9,SELL,0.001624,7.60127546
57188304,2017-12-25T13:45:36.917,SELL,0.001624,5.34403101
57188308,2017-12-25T13:45:45.45,SELL,0.001624,8.0148881
57188315,2017-12-25T13:45:50.917,SELL,0.001624,1.24455507
57188326,2017-12-25T13:45:55.933,SELL,0.001624,7.79525036
57188327,2017-12-25T13:45:55.933,SELL,0.001624,14.34772783
57188328,2017-12-25T13:45:55.933,SELL,0.001624,54.74638108
57188341,2017-12-25T13:45:58.84,SELL,0.001624,28.32491236
57188342,2017-12-25T13:45:58.84,SELL,0.001624,81.49798764
57188347,2017-12-25T13:46:00.213,SELL,0.001624,403.70325977
57188351,2017-12-25T13:46:01.183,BUY,0.001624,31.53467263
57188355,2017-12-25T13:46:01.463,BUY,0.001624,5.0
57188365,2017-12-25T13:46:05.153,BUY,0.001624,189.7620676
57188385,2017-12-25T13:46:09.903,BUY,0.001624,1.82618203
57188393,2017-12-25T13:46:11.247,BUY,0.00162434,1.89656531
57188394,2017-12-25T13:46:11.81,SELL,0.00162434,13.04796695
57188398,2017-12-25T13:46:12.763,SELL,0.00162434,0.43451106
57188426,2017-12-25T13:46:22.387,BUY,0.001625,1.0
57188427,2017-12-25T13:46:22.387,BUY,0.001625,323.25691986
57188434,2017-12-25T13:46:26.183,SELL,0.00162434,0.556974
57188480,2017-12-25T13:46:43.28,BUY,0.001625,15.109023
57188496,2017-12-25T13:46:45.873,BUY,0.001625,2.15384615
57188515,2017-12-25T13:46:51.843,BUY,0.001625,4.63721749
57188530,2017-12-25T13:46:54.873,BUY,0.001625,274.8429935
57188531,2017-12-25T13:46:54.873,BUY,0.00162559,11.30409985
57188532,2017-12-25T13:46:54.873,BUY,0.00162797,80.15041342
57188533,2017-12-25T13:46:54.873,BUY,0.0016289,0.43777681
57188534,2017-12-25T13:46:54.873,BUY,0.00162969,2.0
57188535,2017-12-25T13:46:54.873,BUY,0.0016297,27.93296089
57188536,2017-12-25T13:46:54.873,BUY,0.00162995,4.78524617
57188537,2017-12-25T13:46:54.873,BUY,0.00163,3.40204498
57188538,2017-12-25T13:46:54.873,BUY,0.00163,162.10144199
57188539,2017-12-25T13:46:54.873,BUY,0.00163,90.86202239
57188558,2017-12-25T13:46:59.623,BUY,0.00162661,2.82631237
57188560,2017-12-25T13:46:59.797,BUY,0.00162661,5.38817809
57188563,2017-12-25T13:47:00.61,BUY,0.00162661,2.17833756
57188576,2017-12-25T13:47:03.06,BUY,0.00162661,4.87157195
57188577,2017-12-25T13:47:03.06,BUY,0.00163,5.08042805
57188579,2017-12-25T13:47:03.123,SELL,0.001625,38.48352716
57188580,2017-12-25T13:47:03.123,SELL,0.00162437,30.78116439
57188581,2017-12-25T13:47:03.123,SELL,0.00162436,9.15199
57188582,2017-12-25T13:47:03.123,SELL,0.00162434,84.06398268
57188583,2017-12-25T13:47:03.123,SELL,0.00162434,7.60290351
57188584,2017-12-25T13:47:03.123,SELL,0.00162434,3.83630971
57188585,2017-12-25T13:47:03.123,SELL,0.00162434,784.45021255
57188591,2017-12-25T13:47:05.39,BUY,0.00163,2.36575691
57188598,2017-12-25T13:47:08.17,BUY,0.00162999,0.41381855
57188599,2017-12-25T13:47:08.17,BUY,0.00163,2.12823228
57188600,2017-12-25T13:47:08.17,BUY,0.00163,1.0
57188605,2017-12-25T13:47:11.39,SELL,0.00163,24.0
57188625,2017-12-25T13:47:20.907,SELL,0.00163,9.48417003
57188645,2017-12-25T13:47:27.687,SELL,0.00162661,2.97448324
57188651,2017-12-25T13:47:29.047,BUY,0.00162658,2.9745
57188661,2017-12-25T13:47:32.453,SELL,0.00162661,0.7501172
57188666,2017-12-25T13:47:34.58,SELL,0.00162661,1.20078638
57188683,2017-12-25T13:47:39.267,BUY,0.0016266,3.04
57188702,2017-12-25T13:47:45.297,BUY,0.0016266,9.1
57188706,2017-12-25T13:47:46.907,BUY,0.0016266,112.86
57188707,2017-12-25T13:47:46.907,BUY,0.0016266,1.0
57188713,2017-12-25T13:47:49.83,SELL,0.0016266,0.80543732
57188714,2017-12-25T13:47:51.407,SELL,0.0016266,5.0
57188716,2017-12-25T13:47:52.017,SELL,0.0016266,1.26982514
57188720,2017-12-25T13:47:53.86,BUY,0.00162661,0.60774135
57188724,2017-12-25T13:47:55.173,SELL,0.0016266,1.02473754
57188737,2017-12-25T13:48:00.673,BUY,0.00162661,14.33633443
57188743,2017-12-25T13:48:02.877,BUY,0.00162788,1.694539
57188745,2017-12-25T13:48:04.36,SELL,0.00162661,50.0
57188747,2017-12-25T13:48:04.83,BUY,0.00162788,72.26295542
57188748,2017-12-25T13:48:04.83,BUY,0.00163001,1.5917408
57188749,2017-12-25T13:48:04.83,BUY,0.00163022,2.76122856
57188750,2017-12-25T13:48:04.83,BUY,0.00163122,0.93343373
57188751,2017-12-25T13:48:04.83,BUY,0.00163196,209.88970549
57188755,2017-12-25T13:48:07.267,BUY,0.00162787,10.202796
57188805,2017-12-25T13:48:23.923,SELL,0.00163195,8.78051516
57188812,2017-12-25T13:48:25.83,SELL,0.00163195,0.63491257
57188819,2017-12-25T13:48:26.94,BUY,0.00163197,27.92138522
57188820,2017-12-25T13:48:26.94,BUY,0.00163201,2.11640771
57188821,2017-12-25T13:48:26.94,BUY,0.00163201,92.00817466
57188854,2017-12-25T13:48:34.597,BUY,0.00163201,400.08728
57188857,2017-12-25T13:48:34.707,BUY,0.00163201,7.90454534
57188858,2017-12-25T13:48:34.707,BUY,0.00163208,4.17654766
57188861,2017-12-25T13:48:34.987,BUY,0.00163208,7.023627
57188868,2017-12-25T13:48:36.16,BUY,0.00163208,0.88091807
57188890,2017-12-25T13:48:41.3,SELL,0.00163209,32.5863755
57188891,2017-12-25T13:48:41.393,SELL,0.00163209,8.39186252
57188894,2017-12-25T13:48:42.003,SELL,0.00163209,15.6025601
57188901,2017-12-25T13:48:43.533,SELL,0.00163208,15.59282371
57188915,2017-12-25T13:48:47.753,SELL,0.00163208,9.40061668
57188923,2017-12-25T13:48:49.457,SELL,0.00163208,4.92540358
57188932,2017-12-25T13:48:52.533,BUY,0.00163348,1.16025296
57188934,2017-12-25T13:48:52.533,BUY,0.00163348,3.83974704
57188939,2017-12-25T13:48:53.363,SELL,0.00163348,2.76934081
57188940,2017-12-25T13:48:53.363,SELL,0.00163208,16.07474516
57188941,2017-12-25T13:48:53.363,SELL,0.00163195,30.23879334
57188948,2017-12-25T13:48:54.58,SELL,0.00163195,100.0
57188949,2017-12-25T13:48:54.8,SELL,0.00163195,100.0
57188951,2017-12-25T13:48:55.05,BUY,0.00163208,11.0
57188952,2017-12-25T13:48:55.05,SELL,0.00163208,75.6027021
57188953,2017-12-25T13:48:55.05,SELL,0.00163195,24.3972979
57188960,2017-12-25T13:48:56.347,SELL,0.00163195,35.94848103
57188965,2017-12-25T13:48:56.863,BUY,0.00163383,29.90642161
57188970,2017-12-25T13:48:57.677,SELL,0.00162788,5.0
57188972,2017-12-25T13:48:57.957,SELL,0.00162661,35.66366557
57188975,2017-12-25T13:48:58.597,BUY,0.0016263,40.6637
57188980,2017-12-25T13:48:59.097,SELL,0.001625,100.0
57188982,2017-12-25T13:48:59.52,SELL,0.001625,100.0
57188984,2017-12-25T13:48:59.99,SELL,0.001625,23.32750655
57188985,2017-12-25T13:48:59.99,SELL,0.001625,15.34615385
57188986,2017-12-25T13:48:59.99,SELL,0.001625,61.3263396
57188989,2017-12-25T13:49:00.817,BUY,0.00163384,1.29549606
57189013,2017-12-25T13:49:07.49,BUY,0.00163383,1.01265603
57189017,2017-12-25T13:49:09.24,BUY,0.00163383,2.895384
57189020,2017-12-25T13:49:09.817,SELL,0.0016266,7.0
57189021,2017-12-25T13:49:09.817,SELL,0.00162502,28.27217269
57189026,2017-12-25T13:49:10.817,BUY,0.00163383,26.09195997
57189027,2017-12-25T13:49:10.817,BUY,0.00163383,3.83304003
57189045,2017-12-25T13:49:14.723,BUY,0.00163383,30.0
57189046,2017-12-25T13:49:14.723,BUY,0.00163384,0.26595363
57189052,2017-12-25T13:49:16.317,BUY,0.0016335,21.41665096
57189066,2017-12-25T13:49:18.897,BUY,0.00163384,41.67139384
57189067,2017-12-25T13:49:18.897,BUY,0.001634,270.82878216
57189091,2017-12-25T13:49:23.443,BUY,0.001634,63.26518587
57189106,2017-12-25T13:49:26.753,SELL,0.001634,13.0
57189114,2017-12-25T13:49:28.083,BUY,0.00163462,38.12156606
57189120,2017-12-25T13:49:29.02,BUY,0.00163462,41.56721529
57189156,2017-12-25T13:49:41.443,SELL,0.00163462,3.10559006
57189186,2017-12-25T13:49:49.6,BUY,0.00163463,4.88591607
57189187,2017-12-25T13:49:49.6,BUY,0.00163463,80.0
57189188,2017-12-25T13:49:49.6,BUY,0.00163492,6.09801462
57189189,2017-12-25T13:49:49.6,BUY,0.00163499,142.07163234
57189190,2017-12-25T13:49:49.6,BUY,0.001635,261.35371179
57189191,2017-12-25T13:49:49.6,BUY,0.001635,261.35371179
57189192,2017-12-25T13:49:49.6,BUY,0.00163501,5.0
57189193,2017-12-25T13:49:49.6,BUY,0.0016352,1.0
57189194,2017-12-25T13:49:49.617,BUY,0.00163698,0.92319607
57189195,2017-12-25T13:49:49.617,BUY,0.00163743,0.68837769
57189196,2017-12-25T13:49:49.617,BUY,0.00163778,3.55
57189197,2017-12-25T13:49:49.617,BUY,0.001638,15.72893969
57189198,2017-12-25T13:49:49.617,BUY,0.00163846,1.10843209
57189199,2017-12-25T13:49:49.617,BUY,0.00163891,1.0
57189200,2017-12-25T13:49:49.617,BUY,0.00163899,30.50659247
57189201,2017-12-25T13:49:49.617,BUY,0.001639,500.0
57189202,2017-12-25T13:49:49.617,BUY,0.001639,9.94084359
57189203,2017-12-25T13:49:49.617,BUY,0.00163901,37.33875147
57189204,2017-12-25T13:49:49.617,BUY,0.00163902,0.7
57189205,2017-12-25T13:49:49.617,BUY,0.00163902,1.0
57189206,2017-12-25T13:49:49.617,BUY,0.00163903,86.06088032
57189212,2017-12-25T13:49:50.52,BUY,0.00163903,0.60859167
57189238,2017-12-25T13:49:55.083,SELL,0.00163462,4.71790541
57189249,2017-12-25T13:49:56.63,BUY,0.00163903,467.95
57189251,2017-12-25T13:49:57.07,SELL,0.00163462,12.97152118
57189252,2017-12-25T13:49:57.07,SELL,0.00163462,7.56123175
57189253,2017-12-25T13:49:57.07,SELL,0.00163384,0.9050115
57189254,2017-12-25T13:49:57.07,SELL,0.00163195,5.3478816
57189257,2017-12-25T13:49:57.35,SELL,0.00163195,1.87113931
57189266,2017-12-25T13:49:58.163,BUY,0.00163903,2.09812
57189273,2017-12-25T13:49:59.38,BUY,0.00163903,300.0
57189285,2017-12-25T13:50:01.477,SELL,0.00163195,3.12519532
57189288,2017-12-25T13:50:01.74,BUY,0.00163903,884.747605
57189302,2017-12-25T13:50:03.303,BUY,0.00163903,6.580671
57189310,2017-12-25T13:50:04.163,SELL,0.00163195,76.26518587
57189318,2017-12-25T13:50:05.647,BUY,0.00163902,18.223121
57189342,2017-12-25T13:50:09.773,SELL,0.00163195,29.90642161
57189345,2017-12-25T13:50:10.007,SELL,0.00163195,3.93485144
57189377,2017-12-25T13:50:13.897,BUY,0.00163901,2.771328
57189392,2017-12-25T13:50:16.85,SELL,0.00163195,1.7957172
57189404,2017-12-25T13:50:18.99,BUY,0.00163195,35.569756
57189410,2017-12-25T13:50:20.303,BUY,0.00163195,22.17274382
57189411,2017-12-25T13:50:20.32,BUY,0.00163656,12.58782456
57189412,2017-12-25T13:50:20.32,BUY,0.00163902,11.776879
57189413,2017-12-25T13:50:20.32,BUY,0.00163903,144.11416862
57189460,2017-12-25T13:50:28.133,BUY,0.00163903,1.0
57189482,2017-12-25T13:50:34.633,BUY,0.00163903,194.341502
57189494,2017-12-25T13:50:38.133,BUY,0.00163903,4.14033431
57189604,2017-12-25T13:51:04.54,BUY,0.001639,500.0
57189605,2017-12-25T13:51:04.54,BUY,0.00163902,443.44112759
57189606,2017-12-25T13:51:04.54,BUY,0.00163903,5138.02305731
57189619,2017-12-25T13:51:06.947,SELL,0.00163902,4.0
57189625,2017-12-25T13:51:08.18,BUY,0.00163902,5.429143
57189629,2017-12-25T13:51:08.54,BUY,0.001639,28.04896141
57189633,2017-12-25T13:51:09.383,BUY,0.001639,47.67103859
57189634,2017-12-25T13:51:09.383,BUY,0.00163902,2.32896141
57189647,2017-12-25T13:51:12.51,BUY,0.00163902,8.34370611
57189670,2017-12-25T13:51:16.977,BUY,0.00163902,5.99716678
57189677,2017-12-25T13:51:18.337,BUY,0.00163902,39.50219772
57189679,2017-12-25T13:51:18.54,SELL,0.001639,13.6766987
57189694,2017-12-25T13:51:20.07,BUY,0.00163901,85.54222733
57189695,2017-12-25T13:51:20.07,BUY,0.00163902,9.99968661
57189696,2017-12-25T13:51:20.07,BUY,0.00163903,199.47598406
57189708,2017-12-25T13:51:20.853,SELL,0.00163902,0.8640952
57189709,2017-12-25T13:51:20.853,SELL,0.001639,261.0727416
57189710,2017-12-25T13:51:20.853,SELL,0.00163492,13.6766987
57189711,2017-12-25T13:51:20.853,SELL,0.00162831,12.81260349
57189725,2017-12-25T13:51:22.057,BUY,0.00163902,20.0
57189726,2017-12-25T13:51:22.057,BUY,0.00163903,398.927396
57189737,2017-12-25T13:51:23.12,SELL,0.00162832,1.78084364
57189738,2017-12-25T13:51:23.12,SELL,0.00162831,92.77847134
57189755,2017-12-25T13:51:24.587,BUY,0.00163903,218.49925201
57189766,2017-12-25T13:51:26.26,SELL,0.00162834,6.10219091
57189820,2017-12-25T13:51:33.59,BUY,0.00163902,44.7552652
57189834,2017-12-25T13:51:35.557,BUY,0.00163902,48.68763041
57189858,2017-12-25T13:51:39.823,BUY,0.00163902,22.79983307
57189868,2017-12-25T13:51:43.493,SELL,0.00162846,0.94022076
57189875,2017-12-25T13:51:46.29,SELL,0.00162847,30.42909471
57189876,2017-12-25T13:51:46.29,SELL,0.00162846,1.61807872
57189935,2017-12-25T13:52:08.917,SELL,0.00162901,61.8692
57189937,2017-12-25T13:52:09.527,SELL,0.00162901,1.86822476
57189954,2017-12-25T13:52:17.463,SELL,0.00162901,134.9
57189987,2017-12-25T13:52:32.263,BUY,0.00163749,0.41007986
57189993,2017-12-25T13:52:35.17,SELL,0.00163749,14.90864169
57189994,2017-12-25T13:52:35.497,SELL,0.00162907,14.90864169
57189995,2017-12-25T13:52:35.747,SELL,0.00162907,1.86938949
57190035,2017-12-25T13:52:49.873,SELL,0.00162909,14.90118737
57190042,2017-12-25T13:52:53.543,SELL,0.00162909,10.0
57190047,2017-12-25T13:52:56.903,BUY,0.0016374,81.27077145
57190048,2017-12-25T13:52:56.903,BUY,0.0016374,20.0
57190049,2017-12-25T13:52:56.903,BUY,0.00163749,14.90864169
57190050,2017-12-25T13:52:56.903,BUY,0.00163749,1.25338773
57190051,2017-12-25T13:52:56.903,BUY,0.00163749,19.59538567
57190052,2017-12-25T13:52:56.903,BUY,0.00163897,30.50696474
57190053,2017-12-25T13:52:56.903,BUY,0.00163898,72.59313328
57190054,2017-12-25T13:52:56.903,BUY,0.001639,46.40874984
57190055,2017-12-25T13:52:56.903,BUY,0.00163902,761.35371179
57190056,2017-12-25T13:52:56.903,BUY,0.00163903,576.28667129
57190057,2017-12-25T13:52:56.903,BUY,0.00163903,10.5073736
57190058,2017-12-25T13:52:56.903,BUY,0.00163903,1.60395213
57190059,2017-12-25T13:52:56.903,BUY,0.00163903,34.26657506
57190060,2017-12-25T13:52:56.903,BUY,0.00163903,96.9427956
57190061,2017-12-25T13:52:56.903,BUY,0.00163909,5.0
57190064,2017-12-25T13:52:57.543,BUY,0.00163935,9.87607939
57190065,2017-12-25T13:52:57.543,BUY,0.00163953,2.2148297
57190067,2017-12-25T13:52:58.263,SELL,0.00163909,533.0
57190073,2017-12-25T13:52:59.043,SELL,0.00163909,85.82844545
57190075,2017-12-25T13:52:59.543,SELL,0.00163909,1.8699724
57190077,2017-12-25T13:52:59.937,SELL,0.00163909,77.4088
57190078,2017-12-25T13:53:00.153,SELL,0.00163909,148.06730001
57190085,2017-12-25T13:53:00.857,SELL,0.00163909,315.11046563
57190107,2017-12-25T13:53:05.84,SELL,0.00163914,1.86822476
57190129,2017-12-25T13:53:11.763,SELL,0.00163914,7.34610044
57190130,2017-12-25T13:53:11.763,SELL,0.00163909,56.62589301
57190131,2017-12-25T13:53:11.873,SELL,0.00163909,18.93277679
57190177,2017-12-25T13:53:23.17,BUY,0.00163935,28.36152038
57190178,2017-12-25T13:53:23.17,BUY,0.00163953,0.30983043
57190179,2017-12-25T13:53:23.17,BUY,0.00163956,10.99477139
57190180,2017-12-25T13:53:23.17,BUY,0.00163987,20.0
57190181,2017-12-25T13:53:23.17,BUY,0.00164,4.75606784
57190182,2017-12-25T13:53:23.17,BUY,0.00164,20.0
57190183,2017-12-25T13:53:23.17,BUY,0.00164,300.0
57190184,2017-12-25T13:53:23.17,BUY,0.00164,49.9183
57190185,2017-12-25T13:53:23.17,BUY,0.00164,5.0
57190186,2017-12-25T13:53:23.17,BUY,0.00164,10.3904692
57190187,2017-12-25T13:53:23.17,BUY,0.00164,1.03149533
57190188,2017-12-25T13:53:23.17,BUY,0.00164,20.0
57190189,2017-12-25T13:53:23.17,BUY,0.00164,69.13608676
57190190,2017-12-25T13:53:23.17,BUY,0.00164,33.0
57190191,2017-12-25T13:53:23.17,BUY,0.00164,17.0
57190192,2017-12-25T13:53:23.17,BUY,0.00164,18.33906032
57190193,2017-12-25T13:53:23.17,BUY,0.00164,12.28077735
57190194,2017-12-25T13:53:23.17,BUY,0.00164,11.154
57190195,2017-12-25T13:53:23.17,BUY,0.00164,15.0
57190196,2017-12-25T13:53:23.17,BUY,0.00164,2.4
57190203,2017-12-25T13:53:24.733,SELL,0.00164,36.04525729
57190222,2017-12-25T13:53:28.577,SELL,0.00164,65.59943555
57190226,2017-12-25T13:53:29.217,BUY,0.00164023,9.25115156
57190227,2017-12-25T13:53:29.217,BUY,0.00164059,6.06109244
57190228,2017-12-25T13:53:29.327,SELL,0.00164,121.15340497
57190229,2017-12-25T13:53:29.327,SELL,0.00164,4.0
57190237,2017-12-25T13:53:31.717,BUY,0.00164,4.35780988
57190240,2017-12-25T13:53:32.75,BUY,0.00164,26.49891734
57190250,2017-12-25T13:53:36.78,SELL,0.00163914,108.32446896
57190251,2017-12-25T13:53:36.78,SELL,0.0016391,30.00208012
57190252,2017-12-25T13:53:37.093,SELL,0.0016391,0.30576317
57190253,2017-12-25T13:53:37.093,SELL,0.00163909,291.21099906
57190262,2017-12-25T13:53:39.97,SELL,0.00163909,125.80420701
57190267,2017-12-25T13:53:41.47,BUY,0.00164,56.86098056
57190268,2017-12-25T13:53:41.61,SELL,0.00163909,510.89536481
57190275,2017-12-25T13:53:43.483,BUY,0.00164,2.89764004
57190282,2017-12-25T13:53:45.343,BUY,0.00164059,5.14789276
57190283,2017-12-25T13:53:45.343,BUY,0.0016406,5.43233919
57190284,2017-12-25T13:53:45.343,BUY,0.0016406,16.10297652
57190285,2017-12-25T13:53:45.343,BUY,0.00164073,214.75799179
57190286,2017-12-25T13:53:45.343,BUY,0.00164073,0.5
57190287,2017-12-25T13:53:45.343,BUY,0.001641,9.9418247
57190297,2017-12-25T13:53:47.767,BUY,0.00164129,5.0
57190298,2017-12-25T13:53:47.767,BUY,0.00164182,1.54179743
57190299,2017-12-25T13:53:47.767,BUY,0.00164194,3.37191769
57190300,2017-12-25T13:53:47.767,BUY,0.00164216,1.78084364
57190301,2017-12-25T13:53:47.767,BUY,0.00164271,3.09385219
57190302,2017-12-25T13:53:47.767,BUY,0.00164273,14.71356405
57190311,2017-12-25T13:53:50.187,SELL,0.0016411,30.39120102
57190313,2017-12-25T13:53:50.657,BUY,0.0016411,6.32622165
57190314,2017-12-25T13:53:50.657,BUY,0.00164273,246.61477708
57190315,2017-12-25T13:53:50.657,BUY,0.00164279,168.2333
57190331,2017-12-25T13:53:53.937,SELL,0.00164279,251.38045976
57190335,2017-12-25T13:53:55.407,BUY,0.0016411,143.30079773
57190336,2017-12-25T13:53:55.58,SELL,0.00164,2.0
57190341,2017-12-25T13:53:56.733,BUY,0.0016411,1.52336847
57190378,2017-12-25T13:54:11.377,SELL,0.00164,7.45341614
57190390,2017-12-25T13:54:15.157,BUY,0.0016411,0.48021137
57190396,2017-12-25T13:54:18.61,SELL,0.00164,4.75926072
57190421,2017-12-25T13:54:24.593,SELL,0.00164,10.0
57190433,2017-12-25T13:54:30.127,SELL,0.00164,6.19890851
57190437,2017-12-25T13:54:31.393,BUY,0.00164,30.48761898
57190474,2017-12-25T13:54:44.66,SELL,0.00163909,6.21438381
57190480,2017-12-25T13:54:45.83,BUY,0.00164,11.34181829
57190486,2017-12-25T13:54:47.563,BUY,0.00164,8.51874172
57190523,2017-12-25T13:54:59.597,SELL,0.00164,3.0
57190535,2017-12-25T13:55:03.753,SELL,0.00164,124.38081642
57190547,2017-12-25T13:55:07.58,BUY,0.00164,1.68313536
57190557,2017-12-25T13:55:08.737,SELL,0.00163909,55.47050261
57190577,2017-12-25T13:55:10.94,BUY,0.00164,251.05080782
57190586,2017-12-25T13:55:14.237,BUY,0.00164,251.05080782
57190609,2017-12-25T13:55:22.957,BUY,0.0016399,0.74312693
57190612,2017-12-25T13:55:23.567,BUY,0.0016399,70.53017052
57190613,2017-12-25T13:55:23.567,BUY,0.00164,28.48808746
57190614,2017-12-25T13:55:23.567,BUY,0.00164,45.99358913
57190623,2017-12-25T13:55:27.05,BUY,0.0016411,1.61141413
57190636,2017-12-25T13:55:29.83,SELL,0.00164001,5.0
57190642,2017-12-25T13:55:33.253,SELL,0.00164001,4.89054211
57190659,2017-12-25T13:55:42.24,BUY,0.0016411,1.49374854
57190660,2017-12-25T13:55:42.24,BUY,0.0016411,3.66189427
57190661,2017-12-25T13:55:42.24,BUY,0.0016411,50.0
57190666,2017-12-25T13:55:44.253,SELL,0.0016411,6.65065669
57190679,2017-12-25T13:55:48.067,SELL,0.00164111,2.89764004
57190682,2017-12-25T13:55:48.85,SELL,0.00164111,2.10235996
57190683,2017-12-25T13:55:48.85,SELL,0.0016411,4.89764004
57190845,2017-12-25T13:56:36.27,BUY,0.00164279,20.07015248
57190868,2017-12-25T13:56:56.523,BUY,0.00164279,100.0
57190870,2017-12-25T13:56:57.587,BUY,0.00164279,132.34193232
57190871,2017-12-25T13:56:57.587,BUY,0.00164279,38.05780151
57190872,2017-12-25T13:56:57.587,BUY,0.0016428,50.0
57190873,2017-12-25T13:56:57.587,BUY,0.0016432,0.5
57190874,2017-12-25T13:56:57.587,BUY,0.00164324,1.47728607
57190875,2017-12-25T13:56:57.587,BUY,0.0016436,0.94610195
57190877,2017-12-25T13:56:57.867,BUY,0.0016436,7.32665959
57190878,2017-12-25T13:56:57.867,BUY,0.00164375,2.32706481
57190879,2017-12-25T13:56:57.867,BUY,0.001644,85.62267656
57190880,2017-12-25T13:56:57.867,BUY,0.00164462,4.72359904
57190883,2017-12-25T13:56:58.803,BUY,0.00164462,12.23125401
57190884,2017-12-25T13:56:58.803,BUY,0.00164469,9.79020746
57190885,2017-12-25T13:56:58.803,BUY,0.00164472,11.63721344
57190886,2017-12-25T13:56:58.803,BUY,0.00164473,1.07466006
57190887,2017-12-25T13:56:58.803,BUY,0.00164477,3.33165811
57190888,2017-12-25T13:56:58.803,BUY,0.001645,25.0
57190889,2017-12-25T13:56:58.803,BUY,0.00164501,5.0
57190892,2017-12-25T13:56:59.383,BUY,0.00164694,7.10019053
57190901,2017-12-25T13:57:00.32,BUY,0.00164745,2.77712614
57190902,2017-12-25T13:57:00.32,BUY,0.00164801,1.32722892
57190903,2017-12-25T13:57:00.32,BUY,0.00164804,5.0
57190904,2017-12-25T13:57:00.32,BUY,0.00164875,1.0
57190905,2017-12-25T13:57:00.32,BUY,0.001649,3.54538093
57190906,2017-12-25T13:57:00.32,BUY,0.001649,0.5
57190907,2017-12-25T13:57:00.337,BUY,0.00164988,1.0
57190908,2017-12-25T13:57:00.337,BUY,0.00164997,1.30702231
57190909,2017-12-25T13:57:00.337,BUY,0.00164999,4.72724318
57190910,2017-12-25T13:57:00.337,BUY,0.00164999,78.81599852
57190913,2017-12-25T13:57:01.007,BUY,0.0016487,10.0
57190922,2017-12-25T13:57:01.68,BUY,0.00164996,30.30376494
57190923,2017-12-25T13:57:01.68,BUY,0.00164999,69.69623506
57190932,2017-12-25T13:57:04.523,SELL,0.001647,2.52665643
57190965,2017-12-25T13:57:12.743,BUY,0.00164998,0.40736208
57190966,2017-12-25T13:57:12.743,BUY,0.00164998,6.14769253
57190967,2017-12-25T13:57:12.743,BUY,0.00164999,5.17629963
57190969,2017-12-25T13:57:13.163,SELL,0.00164998,18.57907253
57190994,2017-12-25T13:57:18.553,BUY,0.00164999,29.75347232
57190996,2017-12-25T13:57:18.68,SELL,0.00164998,26.49891734
57190998,2017-12-25T13:57:18.993,SELL,0.00164998,4.684
57191003,2017-12-25T13:57:20.43,BUY,0.00164999,344.67869115
57191011,2017-12-25T13:57:22.477,BUY,0.00164999,41.43908713
57191014,2017-12-25T13:57:22.663,BUY,0.00164999,100.0
57191016,2017-12-25T13:57:22.883,BUY,0.00164999,100.0
57191019,2017-12-25T13:57:23.087,BUY,0.00164999,100.0
57191021,2017-12-25T13:57:23.35,BUY,0.00164999,12.8465539
57191030,2017-12-25T13:57:24.82,BUY,0.00164999,100.0
57191035,2017-12-25T13:57:25.133,BUY,0.00164999,17.59366229
57191036,2017-12-25T13:57:25.133,BUY,0.00165,20.0
57191037,2017-12-25T13:57:25.133,BUY,0.00165,62.40633771
57191039,2017-12-25T13:57:25.4,BUY,0.00165,100.0
57191041,2017-12-25T13:57:25.617,BUY,0.00165,100.0
57191044,2017-12-25T13:57:26.023,BUY,0.00165,100.0
57191058,2017-12-25T13:57:27.557,BUY,0.00165,100.0
57191060,2017-12-25T13:57:27.82,BUY,0.00165,100.0
57191062,2017-12-25T13:57:28.023,BUY,0.00165,100.0
57191064,2017-12-25T13:57:28.243,BUY,0.00165,100.0
57191066,2017-12-25T13:57:28.447,BUY,0.00165,100.0
57191068,2017-12-25T13:57:28.65,BUY,0.00165,100.0
57191071,2017-12-25T13:57:28.993,BUY,0.00165,100.0
57191075,2017-12-25T13:57:29.243,BUY,0.00165,100.0
57191079,2017-12-25T13:57:29.71,BUY,0.00165,100.0
57191084,2017-12-25T13:57:30.087,BUY,0.00165,100.0
57191087,2017-12-25T13:57:30.29,BUY,0.00165,100.0
57191092,2017-12-25T13:57:31.307,SELL,0.00164999,9.8516394
57191099,2017-12-25T13:57:32.367,BUY,0.00165,6.64744102
57191103,2017-12-25T13:57:33.477,SELL,0.00164999,56.27805328
57191106,2017-12-25T13:57:33.807,BUY,0.00165,454.45519534
57191109,2017-12-25T13:57:34.883,BUY,0.00165,15.38170847
57191111,2017-12-25T13:57:35.087,BUY,0.00165,3.2859669
57191115,2017-12-25T13:57:35.413,BUY,0.00165,303.16280002
57191123,2017-12-25T13:57:36.477,BUY,0.00165,148.83149782
57191134,2017-12-25T13:57:38.51,BUY,0.00165,105.82905272
57191135,2017-12-25T13:57:38.51,BUY,0.00165,175.29988469
57191137,2017-12-25T13:57:38.633,BUY,0.00165,56.13762563
57191146,2017-12-25T13:57:41.633,BUY,0.00165,29.40598898
57191150,2017-12-25T13:57:42.62,SELL,0.00164999,46.461
57191154,2017-12-25T13:57:43.15,BUY,0.00165,15.39816805
57191159,2017-12-25T13:57:43.993,BUY,0.00165,23.75833265
57191160,2017-12-25T13:57:43.993,BUY,0.00165,1.0
57191161,2017-12-25T13:57:43.993,BUY,0.00165,5.31947675
57191163,2017-12-25T13:57:44.15,BUY,0.00165,0.32061756
57191164,2017-12-25T13:57:44.15,BUY,0.00165,10.0
57191165,2017-12-25T13:57:44.15,BUY,0.00165,50.0
57191166,2017-12-25T13:57:44.15,BUY,0.00165,6.0
57191167,2017-12-25T13:57:44.167,BUY,0.00165,150.0
57191168,2017-12-25T13:57:44.167,BUY,0.00165,5.0
57191169,2017-12-25T13:57:44.167,BUY,0.00165,41.76166983
57191170,2017-12-25T13:57:44.167,BUY,0.00165,109.47413412
57191171,2017-12-25T13:57:44.167,BUY,0.00165,35.625
57191172,2017-12-25T13:57:44.167,BUY,0.00165,10.390625
57191173,2017-12-25T13:57:44.167,BUY,0.00165,5.9700764
57191174,2017-12-25T13:57:44.167,BUY,0.00165,0.75
57191175,2017-12-25T13:57:44.167,BUY,0.00165,0.5
57191176,2017-12-25T13:57:44.167,BUY,0.00165,6.16124868
57191177,2017-12-25T13:57:44.167,BUY,0.00165,20.0
57191178,2017-12-25T13:57:44.167,BUY,0.00165,60.0
57191179,2017-12-25T13:57:44.167,BUY,0.00165,5.0
57191180,2017-12-25T13:57:44.167,BUY,0.00165,1000.0
57191181,2017-12-25T13:57:44.167,BUY,0.00165,250.0
57191182,2017-12-25T13:57:44.167,BUY,0.00165,40.08604606
57191183,2017-12-25T13:57:44.167,BUY,0.00165,9.29620235
57191184,2017-12-25T13:57:44.167,BUY,0.00165,455.68181818
57191185,2017-12-25T13:57:44.167,BUY,0.00165,22.0
57191202,2017-12-25T13:57:48.243,SELL,0.00165,57.925
57191210,2017-12-25T13:57:49.633,SELL,0.00165,360.92295815
57191212,2017-12-25T13:57:50.37,SELL,0.00165,75.54
57191239,2017-12-25T13:57:57.73,BUY,0.00165002,2.90617279
57191240,2017-12-25T13:57:57.73,BUY,0.00165002,30.0
57191242,2017-12-25T13:57:58.12,BUY,0.00165022,1.84166482
57191243,2017-12-25T13:57:58.12,BUY,0.00165099,4.35181008
57191244,2017-12-25T13:57:58.277,SELL,0.00165099,3.96464417
57191253,2017-12-25T13:58:04.26,BUY,0.0016511,7.59661359
57191254,2017-12-25T13:58:04.26,BUY,0.0016511,10.0
57191255,2017-12-25T13:58:04.26,BUY,0.00165115,1.66303223
57191256,2017-12-25T13:58:04.26,BUY,0.00165179,62.89034518
57191272,2017-12-25T13:58:09.15,BUY,0.00165179,103.93531272
57191275,2017-12-25T13:58:09.837,BUY,0.00165179,1.4076421
57191276,2017-12-25T13:58:09.837,BUY,0.00165231,7.5
57191277,2017-12-25T13:58:09.837,BUY,0.00165241,0.925914
57191306,2017-12-25T13:58:17.573,BUY,0.00165391,0.6650906
57191325,2017-12-25T13:58:21.637,BUY,0.00165395,1.68313536
57191330,2017-12-25T13:58:22.12,BUY,0.00165399,1.0
57191331,2017-12-25T13:58:22.12,BUY,0.00165402,5.0
57191332,2017-12-25T13:58:22.12,BUY,0.00165416,1.37088378
57191333,2017-12-25T13:58:22.12,BUY,0.00165461,13.67669869
57191334,2017-12-25T13:58:22.12,BUY,0.00165464,3.27256374
57191335,2017-12-25T13:58:22.12,BUY,0.00165485,6.45983063
57191336,2017-12-25T13:58:22.12,BUY,0.00165495,15.52090838
57191349,2017-12-25T13:58:24.993,SELL,0.00165396,102.0
57191382,2017-12-25T13:58:32.997,BUY,0.00165396,1.52336847
57191383,2017-12-25T13:58:32.997,BUY,0.00165444,2.0
57191384,2017-12-25T13:58:32.997,BUY,0.00165495,484.47909162
57191385,2017-12-25T13:58:32.997,BUY,0.001655,1.0
57191386,2017-12-25T13:58:32.997,BUY,0.001655,8.82024237
57191387,2017-12-25T13:58:32.997,BUY,0.00165501,15.0
57191388,2017-12-25T13:58:32.997,BUY,0.00165548,3.55497418
57191389,2017-12-25T13:58:32.997,BUY,0.0016555,10.0
57191390,2017-12-25T13:58:32.997,BUY,0.00165553,9.2143252
57191408,2017-12-25T13:58:36.37,BUY,0.00165597,2.23530353
57191421,2017-12-25T13:58:38.247,BUY,0.00165597,14.31922781
57191426,2017-12-25T13:58:39.963,BUY,0.00165597,59.52193035
57191430,2017-12-25T13:58:40.307,BUY,0.00165597,5.2109745
57191431,2017-12-25T13:58:40.307,BUY,0.00165599,360.73477706
57191456,2017-12-25T13:58:43.06,BUY,0.00165599,98.22603233
57191471,2017-12-25T13:58:44.933,BUY,0.00165599,25.93969186
57191473,2017-12-25T13:58:45.15,BUY,0.00165599,30.38538135
57191482,2017-12-25T13:58:46.293,BUY,0.001656,224.00199983
57191490,2017-12-25T13:58:46.95,BUY,0.001656,210.69363427
57191498,2017-12-25T13:58:47.607,BUY,0.001656,43.96512308
57191508,2017-12-25T13:58:48.48,BUY,0.001656,124.3020709
57191509,2017-12-25T13:58:48.62,SELL,0.00165599,38.13
57191518,2017-12-25T13:58:49.747,BUY,0.001656,18.7026817
57191521,2017-12-25T13:58:50.06,BUY,0.001656,15.37693172
57191523,2017-12-25T13:58:50.073,BUY,0.001656,142.7422656
57191529,2017-12-25T13:58:50.777,BUY,0.001656,190.78465095
57191534,2017-12-25T13:58:51.183,BUY,0.001656,280.64125716
57191540,2017-12-25T13:58:52.45,BUY,0.001656,109.17022233
57191542,2017-12-25T13:58:52.497,BUY,0.001656,7.02042598
57191544,2017-12-25T13:58:52.527,BUY,0.001656,197.89881576
57191546,2017-12-25T13:58:52.7,BUY,0.001656,266.9548635
57191551,2017-12-25T13:58:52.823,BUY,0.001656,3.25449058
57191556,2017-12-25T13:58:53.51,BUY,0.001656,65.10925069
57191560,2017-12-25T13:58:54.2,BUY,0.001656,26.75947811
57191562,2017-12-25T13:58:54.323,BUY,0.001656,41.47563595
57191564,2017-12-25T13:58:54.543,BUY,0.001656,6.90483332
57191566,2017-12-25T13:58:54.62,BUY,0.001656,30.13099672
57191569,2017-12-25T13:58:54.793,BUY,0.001656,28.63616433
57191572,2017-12-25T13:58:54.903,BUY,0.001656,65.10925069
57191574,2017-12-25T13:58:54.963,BUY,0.001656,76.09399999
57191576,2017-12-25T13:58:54.98,BUY,0.001656,60.8632
57191578,2017-12-25T13:58:55.167,SELL,0.00165599,1.329858
57191608,2017-12-25T13:58:59.06,BUY,0.001656,72.32555661
57191612,2017-12-25T13:58:59.81,BUY,0.001656,455.75796619
57191615,2017-12-25T13:59:00.2,BUY,0.001656,5.40133362
57191621,2017-12-25T13:59:01.26,BUY,0.001656,205.22277248
57191624,2017-12-25T13:59:02.183,BUY,0.001656,150.96674517
57191631,2017-12-25T13:59:04.433,BUY,0.001656,1.20471014
57191634,2017-12-25T13:59:04.56,BUY,0.001656,0.91394312
57191636,2017-12-25T13:59:05.56,SELL,0.00165599,34.15980983
57191659,2017-12-25T13:59:11.87,BUY,0.001656,32.0941788
57191673,2017-12-25T13:59:15.98,BUY,0.001656,3.10540543
57191682,2017-12-25T13:59:17.857,SELL,0.00165599,22.65878141
57191690,2017-12-25T13:59:19.64,SELL,0.00165599,77.46296444
57191691,2017-12-25T13:59:19.64,SELL,0.00165599,6.22474479
57191692,2017-12-25T13:59:19.64,SELL,0.00165599,65.13476237
57191702,2017-12-25T13:59:22.59,BUY,0.001656,69.1951747
57191707,2017-12-25T13:59:23.933,SELL,0.00165599,59.2510904
57191710,2017-12-25T13:59:24.17,SELL,0.00165599,64.88947811
57191717,2017-12-25T13:59:28.623,SELL,0.00165599,117.06530756
57191719,2017-12-25T13:59:29.263,SELL,0.00165599,45.86562103
57191732,2017-12-25T13:59:33.467,SELL,0.00165599,18.73477038
57191735,2017-12-25T13:59:34.56,SELL,0.00165599,1.48809524
57191743,2017-12-25T13:59:37.34,SELL,0.00165599,5.05681898
57191747,2017-12-25T13:59:38.403,SELL,0.00165599,214.78413918
57191750,2017-12-25T13:59:39.077,BUY,0.001656,24.69655797
57191758,2017-12-25T13:59:42.107,SELL,0.00165599,1.87406296
57191761,2017-12-25T13:59:42.247,BUY,0.001656,11.87681762
57191762,2017-12-25T13:59:42.577,SELL,0.00165599,15.47692784
57191763,2017-12-25T13:59:43.123,SELL,0.00165599,4.0122949
57191764,2017-12-25T13:59:43.45,SELL,0.00165599,125.1956
57191765,2017-12-25T13:59:43.67,SELL,0.00165599,177.54583964
57191767,2017-12-25T13:59:44.84,SELL,0.00165599,26.00412398
57191770,2017-12-25T13:59:46.437,SELL,0.00165599,40.1975099
57191771,2017-12-25T13:59:46.483,SELL,0.00165599,148.83149782
57191776,2017-12-25T13:59:48.543,SELL,0.00165599,85.46718815
57191780,2017-12-25T13:59:50.733,SELL,0.00165599,45.70365208
57191781,2017-12-25T13:59:50.763,SELL,0.00165599,2.89554107
57191782,2017-12-25T13:59:51.25,SELL,0.00165599,62.0625
57191783,2017-12-25T13:59:51.263,SELL,0.00165599,77.5781
57191784,2017-12-25T13:59:51.297,SELL,0.00165599,30.41158537
57191786,2017-12-25T13:59:51.467,SELL,0.00165599,1924.34368537
57191787,2017-12-25T13:59:51.467,SELL,0.00165599,13.91297428
57191808,2017-12-25T13:59:56.95,SELL,0.00165597,51.72230588
57191809,2017-12-25T13:59:56.95,SELL,0.00165391,30.15592115
57191810,2017-12-25T13:59:56.95,SELL,0.00165002,8.07849556
57191826,2017-12-25T14:00:01.403,BUY,0.00164998,13.53311131
57191842,2017-12-25T14:00:03.547,SELL,0.0016465,3.02915275
57191843,2017-12-25T14:00:03.547,SELL,0.001646,16.21781951
57191849,2017-12-25T14:00:04.42,SELL,0.001646,13.28544888
57191850,2017-12-25T14:00:04.42,SELL,0.00164114,8.15949152
57191857,2017-12-25T14:00:05.707,BUY,0.00165,5.81980871
57191867,2017-12-25T14:00:08.233,SELL,0.00164623,3.65743043
57191890,2017-12-25T14:00:11.06,BUY,0.00165,41.96286999
57191891,2017-12-25T14:00:11.06,BUY,0.00165002,41.43908713
57191892,2017-12-25T14:00:11.06,BUY,0.00165598,8.36027176
57191893,2017-12-25T14:00:11.06,BUY,0.00165599,30.26595363
57191896,2017-12-25T14:00:11.39,SELL,0.00165599,6.10116958
57191898,2017-12-25T14:00:11.61,SELL,0.00165599,3.91017691
57191899,2017-12-25T14:00:11.843,SELL,0.00164448,1.68936886
57191900,2017-12-25T14:00:12.013,SELL,0.00164448,3.35938014
57191901,2017-12-25T14:00:12.013,SELL,0.00164118,1.68195305
57191911,2017-12-25T14:00:16.327,SELL,0.00164113,1.31914212
57191921,2017-12-25T14:00:19.25,BUY,0.00164118,3.10559006
57191922,2017-12-25T14:00:19.25,BUY,0.00164118,9.94e-06
57191928,2017-12-25T14:00:19.86,BUY,0.00164118,3.17757931
57191933,2017-12-25T14:00:21.203,SELL,0.00164114,1.24223602
57191942,2017-12-25T14:00:23.81,SELL,0.00164115,4.41850044
57191951,2017-12-25T14:00:24.623,BUY,0.00164771,12.1077888
57191954,2017-12-25T14:00:25.75,SELL,0.00164116,1.45213314
57191960,2017-12-25T14:00:27.92,SELL,0.00164116,0.74534161
57191967,2017-12-25T14:00:32.437,SELL,0.00164117,1.86343177
57191970,2017-12-25T14:00:33.983,SELL,0.00164117,27.36040215
57191971,2017-12-25T14:00:34.97,SELL,0.00164115,4.72143192
57191972,2017-12-25T14:00:34.97,SELL,0.00164115,10.88112818
57191974,2017-12-25T14:00:35.22,BUY,0.00164116,9.063506
57191976,2017-12-25T14:00:35.623,SELL,0.00164115,7.61887182
57191977,2017-12-25T14:00:35.623,SELL,0.00164115,18.5
57191978,2017-12-25T14:00:35.623,SELL,0.00164114,24.92667875
57191979,2017-12-25T14:00:35.623,SELL,0.00164111,202.26197145
57191980,2017-12-25T14:00:35.657,SELL,0.00164111,3.26786292
57191983,2017-12-25T14:00:38.22,SELL,0.00164111,1.88229802
57191984,2017-12-25T14:00:40.187,SELL,0.00164111,109.375
57191988,2017-12-25T14:00:41.687,BUY,0.00164114,6.07810308
57191990,2017-12-25T14:00:42.187,BUY,0.00164114,9.063506
57191993,2017-12-25T14:00:42.627,BUY,0.00164114,0.47557842
57191994,2017-12-25T14:00:42.627,BUY,0.00164116,0.52442158
57191998,2017-12-25T14:00:44.03,SELL,0.00164111,89.33195515
57191999,2017-12-25T14:00:44.11,SELL,0.00164111,1.81085717
57192001,2017-12-25T14:00:44.39,SELL,0.00164111,3.10730776
57192004,2017-12-25T14:00:45.5,SELL,0.00164111,12.14518825
57192007,2017-12-25T14:00:46.39,BUY,0.00164116,5.89
57192009,2017-12-25T14:00:47.53,SELL,0.00164112,29.22476213
57192010,2017-12-25T14:00:47.53,SELL,0.00164111,108.92864016
57192014,2017-12-25T14:00:49.483,SELL,0.00164111,67.73982116
57192017,2017-12-25T14:00:51.813,SELL,0.00164111,8.38080528
57192018,2017-12-25T14:00:51.813,SELL,0.00164111,30.54759495
57192023,2017-12-25T14:00:52.437,SELL,0.0016411,6.64994211
57192024,2017-12-25T14:00:52.437,SELL,0.0016411,32.27845812
57192028,2017-12-25T14:00:54.173,SELL,0.0016411,15.32154188
57192029,2017-12-25T14:00:54.19,SELL,0.00164,30.41158537
57192030,2017-12-25T14:00:54.19,SELL,0.00164,410.02483894
57192033,2017-12-25T14:00:55.423,BUY,0.00164114,4.63699879
57192034,2017-12-25T14:00:55.423,BUY,0.00164116,0.9601223
57192035,2017-12-25T14:00:55.423,BUY,0.00164117,10.37287891
57192037,2017-12-25T14:00:55.953,SELL,0.00164,160.53299643
57192039,2017-12-25T14:00:56.703,BUY,0.00164,16.92509779
57192042,2017-12-25T14:00:57.44,BUY,0.00164,2.019375
57192044,2017-12-25T14:00:57.517,BUY,0.00164,15.0
57192048,2017-12-25T14:00:59.047,SELL,0.00163947,0.91492446
57192049,2017-12-25T14:00:59.047,SELL,0.00163909,2.21027086
57192057,2017-12-25T14:01:04.157,SELL,0.00163948,75.0
57192058,2017-12-25T14:01:04.157,SELL,0.00163909,2.78972914
57192059,2017-12-25T14:01:04.157,SELL,0.00163909,594.76502935
57192064,2017-12-25T14:01:07.39,BUY,0.00164,2.41
57192065,2017-12-25T14:01:08.423,SELL,0.00163947,15.29641155
57192066,2017-12-25T14:01:08.423,SELL,0.00163909,94.04438845
57192068,2017-12-25T14:01:09.407,SELL,0.00163909,200.95981375
57192069,2017-12-25T14:01:09.453,SELL,0.00163909,152.17643166
57192071,2017-12-25T14:01:12.05,SELL,0.00163909,249.9219
57192073,2017-12-25T14:01:12.283,BUY,0.00163948,60.78092058
57192076,2017-12-25T14:01:14.97,BUY,0.00163948,5.66
57192079,2017-12-25T14:01:18.063,BUY,0.00163948,2.858815
57192080,2017-12-25T14:01:18.25,SELL,0.00163909,109.3408
57192081,2017-12-25T14:01:18.563,SELL,0.00163909,83.36828149
57192083,2017-12-25T14:01:18.953,SELL,0.00163909,20.4627
57192084,2017-12-25T14:01:20,SELL,0.00163909,115.2913302
57192088,2017-12-25T14:01:28.203,BUY,0.00163948,342.04986362
57192089,2017-12-25T14:01:28.203,BUY,0.00163948,121.74722855
57192090,2017-12-25T14:01:28.203,BUY,0.00164,1420.55032231
57192093,2017-12-25T14:01:30.69,SELL,0.0016391,5.56053761
57192094,2017-12-25T14:01:30.69,SELL,0.00163909,15.75763378
57192095,2017-12-25T14:01:31.22,SELL,0.00163909,6.16401203
57192097,2017-12-25T14:01:32.8,SELL,0.00163909,101.56606004
57192100,2017-12-25T14:01:38.003,SELL,0.00163909,3.0
57192106,2017-12-25T14:01:40.207,SELL,0.0016394,3.79569254
57192107,2017-12-25T14:01:40.207,SELL,0.00163909,3.22473344
57192108,2017-12-25T14:01:40.3,SELL,0.00163909,5.0
57192115,2017-12-25T14:01:49.27,SELL,0.0016394,1.19671871
57192119,2017-12-25T14:02:02.503,BUY,0.00164,182.4695122
57192120,2017-12-25T14:02:03.77,SELL,0.0016394,2.59897383
57192121,2017-12-25T14:02:03.77,SELL,0.00163911,10.47599255
57192122,2017-12-25T14:02:03.77,SELL,0.00163909,85.48697412
57192124,2017-12-25T14:02:12.33,BUY,0.00164,65.0
57192126,2017-12-25T14:02:17.347,BUY,0.00164,83.97389277
57192133,2017-12-25T14:02:51.257,BUY,0.00164,22.5390295
57192134,2017-12-25T14:02:53.77,SELL,0.00163911,66.60000193
57192135,2017-12-25T14:02:53.77,SELL,0.00163909,183.32189807
57192142,2017-12-25T14:03:28.74,SELL,0.00163909,249.9219
57192148,2017-12-25T14:03:56.32,SELL,0.00163941,54.11220712
57192149,2017-12-25T14:03:59.867,SELL,0.00163941,20.88779288
57192150,2017-12-25T14:03:59.867,SELL,0.00163909,1815.16895717
57192156,2017-12-25T14:04:19.383,BUY,0.00164,109.8146577
57192157,2017-12-25T14:04:19.383,BUY,0.00164,1.61874003
57192158,2017-12-25T14:04:19.383,BUY,0.00164,7.5
57192159,2017-12-25T14:04:19.383,BUY,0.00164,20.0
57192160,2017-12-25T14:04:19.383,BUY,0.00164,25.0
57192161,2017-12-25T14:04:19.383,BUY,0.00164,20.0
57192162,2017-12-25T14:04:19.383,BUY,0.00164,484.92898715
57192163,2017-12-25T14:04:28.603,SELL,0.00163909,54.11220712
57192166,2017-12-25T14:04:34.977,SELL,0.00163909,624.80474851
57192167,2017-12-25T14:04:50.62,SELL,0.00163909,249.9219
57192168,2017-12-25T14:04:51.023,SELL,0.00163909,624.80474851
57192169,2017-12-25T14:04:52.493,SELL,0.00163909,54.11220712
57192173,2017-12-25T14:05:03.167,SELL,0.00163914,4.20237078
57192176,2017-12-25T14:05:21.527,SELL,0.00163914,249.9219
57192181,2017-12-25T14:05:38.73,SELL,0.00163941,19.08536804
57192186,2017-12-25T14:06:35.183,SELL,0.00163941,55.91463196
57192187,2017-12-25T14:06:35.183,SELL,0.00163941,75.0
57192188,2017-12-25T14:06:35.183,SELL,0.00163914,97.40881956
57192194,2017-12-25T14:06:50.81,BUY,0.00163949,6.45948281
57192195,2017-12-25T14:06:50.81,BUY,0.0016395,10.0
57192196,2017-12-25T14:06:50.81,BUY,0.00164,195.39682721
57192198,2017-12-25T14:06:50.967,BUY,0.00164,10.0
57192199,2017-12-25T14:06:53.967,SELL,0.00163914,78.93591229
57192200,2017-12-25T14:06:53.967,SELL,0.00163909,388.99523631
57192201,2017-12-25T14:06:53.967,SELL,0.00163909,2.93602659
57192202,2017-12-25T14:06:53.967,SELL,0.00163192,221.949
57192206,2017-12-25T14:06:56.45,BUY,0.00163941,6.75906594
57192210,2017-12-25T14:07:11.2,BUY,0.00163909,39.566177
57192215,2017-12-25T14:07:15.437,BUY,0.00163909,50.515191
57192217,2017-12-25T14:07:17.75,BUY,0.00163909,14.114881
57192223,2017-12-25T14:07:24.577,BUY,0.00163844,0.93166545
57192224,2017-12-25T14:07:24.577,BUY,0.00163909,9.06833455
57192227,2017-12-25T14:07:27.873,BUY,0.00163909,23.49459986
57192232,2017-12-25T14:07:48.593,BUY,0.00163909,1.22
57192234,2017-12-25T14:07:51.5,BUY,0.00163909,33.87035535
57192236,2017-12-25T14:07:53.593,BUY,0.00163909,29.9375437
57192237,2017-12-25T14:07:53.593,BUY,0.00163909,29.98819973
57192239,2017-12-25T14:07:56.75,BUY,0.00163909,1.260403
57192241,2017-12-25T14:08:01.86,SELL,0.00163681,183.29
57192242,2017-12-25T14:08:01.86,SELL,0.00163192,0.82089803
57192243,2017-12-25T14:08:01.873,SELL,0.00163191,14.24637477
57192244,2017-12-25T14:08:01.873,SELL,0.00163076,57.99502484
57192246,2017-12-25T14:08:04.563,BUY,0.00163909,9.35910952
57192249,2017-12-25T14:08:11.123,BUY,0.00163192,24.92667875
57192250,2017-12-25T14:08:11.123,BUY,0.00163909,157.81332125
57192253,2017-12-25T14:08:25.907,BUY,0.00163909,2.193563
57192258,2017-12-25T14:08:40.093,BUY,0.00163191,1.22
57192262,2017-12-25T14:08:46.61,SELL,0.00163076,13.94299179
57192265,2017-12-25T14:08:52.58,BUY,0.00163076,2.29760723
57192269,2017-12-25T14:09:06,SELL,0.00162787,3.0
57192270,2017-12-25T14:09:06,SELL,0.0016252,0.92319607
57192271,2017-12-25T14:09:06,SELL,0.00162507,6.07680393
57192284,2017-12-25T14:09:22.707,BUY,0.00163076,88.11337696
57192285,2017-12-25T14:09:22.707,BUY,0.00163076,9.48662304
57192286,2017-12-25T14:09:26.3,SELL,0.00162505,12.27662206
57192287,2017-12-25T14:09:26.3,SELL,0.00162501,1.40208614
57192288,2017-12-25T14:09:26.3,SELL,0.001625,54.0569208
57192289,2017-12-25T14:09:26.457,SELL,0.001625,12.0289426
57192292,2017-12-25T14:09:35.347,BUY,0.00163076,0.06531097
57192293,2017-12-25T14:09:35.347,BUY,0.00163076,1.15468903
57192299,2017-12-25T14:09:44.22,BUY,0.00162505,3.66114503
57192302,2017-12-25T14:09:45.08,BUY,0.00162505,36.5
57192305,2017-12-25T14:09:46.363,BUY,0.00162505,6.74288552
57192306,2017-12-25T14:09:46.363,BUY,0.00163076,25.35711448
57192312,2017-12-25T14:10:01.783,SELL,0.00162989,184.07
57192313,2017-12-25T14:10:01.783,SELL,0.00162501,75.0
57192314,2017-12-25T14:10:01.783,SELL,0.001625,72.587797
57192315,2017-12-25T14:10:01.783,SELL,0.001625,1.6
57192316,2017-12-25T14:10:01.783,SELL,0.001624,8.061358
57192319,2017-12-25T14:10:03.69,BUY,0.00163075,1.53
57192321,2017-12-25T14:10:04.957,BUY,0.00163075,1.5593378
57192322,2017-12-25T14:10:04.957,BUY,0.00163076,5.58237529
57192323,2017-12-25T14:10:04.957,BUY,0.00163076,52.565173
57192324,2017-12-25T14:10:04.957,BUY,0.00163076,1.51704569
57192329,2017-12-25T14:10:06.597,BUY,0.0016368,2.0338333
57192331,2017-12-25T14:10:10.88,SELL,0.00163478,17.26844583
57192334,2017-12-25T14:10:13.99,SELL,0.00163478,3.14887387
57192336,2017-12-25T14:10:15.707,SELL,0.00163478,6.42092806
57192337,2017-12-25T14:10:16.74,SELL,0.00163478,95.45782046
57192338,2017-12-25T14:10:16.74,SELL,0.00163076,26.83824776
57192340,2017-12-25T14:10:18.88,SELL,0.00163076,1.88229802
57192347,2017-12-25T14:10:25.35,BUY,0.00163478,5.06335086
57192350,2017-12-25T14:10:27.973,SELL,0.00163076,3.37945422
57192351,2017-12-25T14:10:27.973,SELL,0.00163075,21.5799442
57192352,2017-12-25T14:10:28.567,SELL,0.00163075,0.61618962
57192355,2017-12-25T14:10:31.897,BUY,0.00163478,10.1007844
57192356,2017-12-25T14:10:31.897,BUY,0.00163478,1.92632335
57192357,2017-12-25T14:10:33.02,SELL,0.00163478,51.79390364
57192358,2017-12-25T14:10:33.333,SELL,0.00163076,1.76694078
57192359,2017-12-25T14:10:33.333,SELL,0.00163075,5.19868747
57192360,2017-12-25T14:10:33.333,SELL,0.00162501,57.42376971
57192368,2017-12-25T14:10:46.91,BUY,0.00163075,13.94560257
57192373,2017-12-25T14:11:12.21,SELL,0.001625,1.6
57192374,2017-12-25T14:11:12.21,SELL,0.001624,3.66175223
57192376,2017-12-25T14:11:12.333,BUY,0.00163073,7.0
57192377,2017-12-25T14:11:14.02,SELL,0.001624,15.8598086
57192378,2017-12-25T14:11:14.02,SELL,0.001624,49.13782662
57192384,2017-12-25T14:11:31.46,BUY,0.001624,61.2
57192385,2017-12-25T14:11:40.477,SELL,0.00162308,0.92416612
57192388,2017-12-25T14:11:47.617,BUY,0.00162308,73.28667832
57192395,2017-12-25T14:11:56.21,BUY,0.00162399,6.15767338
57192397,2017-12-25T14:11:58.85,SELL,0.00162308,118.88826176
57192398,2017-12-25T14:11:58.85,SELL,0.00162308,23.56901938
57192399,2017-12-25T14:11:58.85,SELL,0.00162308,40.01223106
57192405,2017-12-25T14:12:11.087,SELL,0.00162309,75.0
57192406,2017-12-25T14:12:11.087,SELL,0.00162308,6.46585876
57192411,2017-12-25T14:12:17.493,BUY,0.00162399,12.0
57192414,2017-12-25T14:12:20.43,SELL,0.00162309,75.0
57192415,2017-12-25T14:12:20.43,SELL,0.00162308,12.11182802
57192416,2017-12-25T14:12:20.43,SELL,0.00162308,9.24168864
57192417,2017-12-25T14:12:20.43,SELL,0.00162308,243.58210499
57192422,2017-12-25T14:12:30.383,SELL,0.00162308,6.90483332
57192426,2017-12-25T14:12:36.773,SELL,0.00162308,26.26083419
57192437,2017-12-25T14:13:01.07,SELL,0.00162308,30.53837482
57192438,2017-12-25T14:13:01.07,SELL,0.00162308,10.62435895
57192439,2017-12-25T14:13:01.07,SELL,0.00162295,13.43513355
57192440,2017-12-25T14:13:01.07,SELL,0.0016223,17.6
57192441,2017-12-25T14:13:01.07,SELL,0.00162,4.9345525
57192448,2017-12-25T14:13:12.04,SELL,0.00161994,0.6790375
57192449,2017-12-25T14:13:14.01,SELL,0.00161815,3.61
57192450,2017-12-25T14:13:14.027,SELL,0.0016175,0.91415303
57192451,2017-12-25T14:13:14.027,SELL,0.00161501,190.085
57192452,2017-12-25T14:13:14.027,SELL,0.00161501,7.38040677
57192457,2017-12-25T14:13:26.573,SELL,0.00161501,39.18698986
57192462,2017-12-25T14:13:35.057,SELL,0.00161501,26.67596069
57192463,2017-12-25T14:13:37.65,SELL,0.00161501,30.41158537
57192464,2017-12-25T14:13:42.62,SELL,0.00161501,64.07341489
57192465,2017-12-25T14:13:42.62,SELL,0.001615,10.683645
57192466,2017-12-25T14:13:42.637,SELL,0.0016147,2.03076113
57192467,2017-12-25T14:13:42.637,SELL,0.00161197,14.99946935
57192469,2017-12-25T14:13:44.167,BUY,0.00161197,62.24864
57192472,2017-12-25T14:13:49.103,BUY,0.00161197,0.92
57192475,2017-12-25T14:13:51.027,BUY,0.00161197,62.24864
57192477,2017-12-25T14:13:51.277,BUY,0.00161197,7.30765504
57192481,2017-12-25T14:13:52.84,BUY,0.00161197,124.427212
57192484,2017-12-25T14:13:57.043,BUY,0.00161197,3.05073652
57192487,2017-12-25T14:14:03.48,BUY,0.00161197,1.19
57192493,2017-12-25T14:14:07.607,BUY,0.00161197,13.04726236
57192496,2017-12-25T14:14:10.01,BUY,0.00161197,152.41407674
57192497,2017-12-25T14:14:10.01,BUY,0.00161197,15.09178438
57192498,2017-12-25T14:14:10.01,BUY,0.00161993,30.28247493
57192499,2017-12-25T14:14:10.01,BUY,0.00161994,2.16767287
57192500,2017-12-25T14:14:10.01,BUY,0.00161994,100.0
57192501,2017-12-25T14:14:10.01,BUY,0.00162,858.15579108
57192509,2017-12-25T14:14:15.573,SELL,0.00161023,20.23604338
57192510,2017-12-25T14:14:15.573,SELL,0.00161022,0.49682639
57192511,2017-12-25T14:14:15.59,SELL,0.00160974,4.72724318
57192515,2017-12-25T14:14:24.997,BUY,0.00160974,46.03210234
57192516,2017-12-25T14:14:24.997,BUY,0.00161196,8.46606411
57192517,2017-12-25T14:14:24.997,BUY,0.00162,256.99475118
57192521,2017-12-25T14:14:30.823,BUY,0.00160974,0.89692559
57192534,2017-12-25T14:14:46.403,BUY,0.00161954,8.68797555
57192535,2017-12-25T14:14:46.403,BUY,0.00161991,46.6902618
57192536,2017-12-25T14:14:46.403,BUY,0.00161992,29.40835714
57192547,2017-12-25T14:14:52.513,BUY,0.00160974,4.9844038
57192551,2017-12-25T14:14:53.013,BUY,0.00160974,0.00312737
57192552,2017-12-25T14:14:53.013,BUY,0.00160974,4.9844038
57192556,2017-12-25T14:14:58.2,BUY,0.00160974,12.87
57192558,2017-12-25T14:14:58.89,BUY,0.00160974,51.70444281
57192565,2017-12-25T14:15:02.373,SELL,0.00160975,0.61966531
57192566,2017-12-25T14:15:02.373,SELL,0.00160974,17.85753117
57192573,2017-12-25T14:15:06.687,BUY,0.00161991,12.27662206
57192574,2017-12-25T14:15:06.687,BUY,0.00161991,33.13931579
57192575,2017-12-25T14:15:06.687,BUY,0.00162,120.10341803
57192580,2017-12-25T14:15:08.31,SELL,0.00161,0.4068313
57192586,2017-12-25T14:15:15.653,SELL,0.00161,48.31878848
57192587,2017-12-25T14:15:15.653,SELL,0.00160941,0.81405894
57192588,2017-12-25T14:15:15.653,SELL,0.00160941,5.67570227
57192601,2017-12-25T14:15:24.437,BUY,0.00162,1.00076565
57192606,2017-12-25T14:15:28.31,BUY,0.00161999,1.0
57192607,2017-12-25T14:15:28.31,BUY,0.00162,2.049412
57192609,2017-12-25T14:15:28.547,BUY,0.00162,3.08641975
57192620,2017-12-25T14:15:39.013,BUY,0.00161999,5.22010406
57192624,2017-12-25T14:15:44.967,BUY,0.001619,4.0
57192625,2017-12-25T14:15:44.967,BUY,0.00161999,42.01989731
57192628,2017-12-25T14:15:45.687,BUY,0.00161999,7.604263
57192640,2017-12-25T14:15:54.75,BUY,0.00161999,1.33285202
57192641,2017-12-25T14:15:54.75,BUY,0.00161999,0.75714432
57192642,2017-12-25T14:15:54.75,BUY,0.00161999,10.0
57192643,2017-12-25T14:15:54.75,BUY,0.00162,34.48817666
57192647,2017-12-25T14:15:57.763,BUY,0.00162,4.0
57192660,2017-12-25T14:16:09.657,BUY,0.00162,14.77787014
57192666,2017-12-25T14:16:19.483,BUY,0.00161999,1.85186328
57192672,2017-12-25T14:16:23.687,BUY,0.00161999,8.14813672
57192673,2017-12-25T14:16:23.687,BUY,0.00162,55.41665928
57192676,2017-12-25T14:16:24.953,BUY,0.00162,323.237011
57192678,2017-12-25T14:16:25,BUY,0.00162,173.087601
57192683,2017-12-25T14:16:25.89,BUY,0.00162,63.564796
57192686,2017-12-25T14:16:27.703,BUY,0.00162,12.70490841
57192687,2017-12-25T14:16:27.703,BUY,0.00162,69.77964323
57192688,2017-12-25T14:16:27.703,BUY,0.00162,1.0
57192692,2017-12-25T14:16:29.813,SELL,0.00162,20.90011943
57192700,2017-12-25T14:16:31.937,SELL,0.00162,0.75814643
57192701,2017-12-25T14:16:31.937,SELL,0.00161009,1.14566356
57192710,2017-12-25T14:16:36.89,SELL,0.0016101,29.9647115
57192716,2017-12-25T14:16:41.11,SELL,0.00162,118.78241318
57192721,2017-12-25T14:16:44.19,SELL,0.00162,9.73253126
57192731,2017-12-25T14:16:48.203,SELL,0.00161011,1.00769139
57192732,2017-12-25T14:16:48.203,SELL,0.00161,0.8961186
57192743,2017-12-25T14:16:53.673,BUY,0.00162149,0.49682639
57192744,2017-12-25T14:16:53.673,BUY,0.00162398,184.01292861
57192754,2017-12-25T14:16:57.69,BUY,0.00162398,1.85186328
57192809,2017-12-25T14:17:20.08,SELL,0.00161201,15.0
57192810,2017-12-25T14:17:20.08,SELL,0.001612,85.06544558
57192836,2017-12-25T14:17:31.987,SELL,0.00161999,2.3289571
57192837,2017-12-25T14:17:32.33,SELL,0.00161202,1.90380999
57192846,2017-12-25T14:17:37.533,SELL,0.00161202,0.34619184
57192847,2017-12-25T14:17:37.533,SELL,0.00161202,24.65380816
57192864,2017-12-25T14:17:46.3,SELL,0.00161202,10.17385436
57192865,2017-12-25T14:17:49.72,SELL,0.00161202,15.09099922
57192866,2017-12-25T14:17:49.72,SELL,0.00161202,46.95012743
57192867,2017-12-25T14:17:49.72,SELL,0.00161201,23.64654994
57192868,2017-12-25T14:17:49.72,SELL,0.001612,65.12033258
57192869,2017-12-25T14:17:49.72,SELL,0.001612,9.2820059
57192872,2017-12-25T14:17:50.813,BUY,0.001612,14.3
57192878,2017-12-25T14:17:51.957,BUY,0.001612,15.0
57192880,2017-12-25T14:17:52.02,BUY,0.001612,0.82
57192883,2017-12-25T14:17:52.597,BUY,0.001612,76.9680677
57192885,2017-12-25T14:17:52.847,BUY,0.001612,0.86214859
57192892,2017-12-25T14:17:55.41,BUY,0.001612,27.01585086
57192896,2017-12-25T14:17:55.877,BUY,0.001612,10.079363
57192900,2017-12-25T14:17:56.627,SELL,0.00161,0.1038814
57192901,2017-12-25T14:17:56.627,SELL,0.00160986,5.03063614
57192902,2017-12-25T14:17:56.643,SELL,0.00160942,94.86548246
57192912,2017-12-25T14:17:59.377,BUY,0.00161199,100.0
57192913,2017-12-25T14:18:00.067,SELL,0.00160942,100.0
57192915,2017-12-25T14:18:00.613,BUY,0.00161199,159.396
57192916,2017-12-25T14:18:00.613,BUY,0.001612,165.14807355
57192917,2017-12-25T14:18:00.613,BUY,0.00161202,11.34181829
57192918,2017-12-25T14:18:00.613,BUY,0.00161999,0.54098242
57192919,2017-12-25T14:18:00.613,BUY,0.00161999,25.0
57192923,2017-12-25T14:18:02.347,SELL,0.00162383,100.0
57192925,2017-12-25T14:18:03.783,SELL,0.00160942,1.90441457
57192927,2017-12-25T14:18:04.19,SELL,0.00160942,6.07912574
57192928,2017-12-25T14:18:04.207,SELL,0.00160942,106.07912574
57192931,2017-12-25T14:18:05.487,BUY,0.00161,10.0
57192932,2017-12-25T14:18:05.487,BUY,0.00161198,0.40388978
57192933,2017-12-25T14:18:05.487,BUY,0.0016239,10.0
57192934,2017-12-25T14:18:05.487,BUY,0.00162399,6.53118527
57192935,2017-12-25T14:18:05.487,BUY,0.00163072,73.06492495
57192944,2017-12-25T14:18:08.347,BUY,0.00161199,20.0
57192947,2017-12-25T14:18:08.58,BUY,0.00161199,5.0
57192948,2017-12-25T14:18:08.58,BUY,0.00162383,6.07912574
57192949,2017-12-25T14:18:08.58,BUY,0.00162389,5.04892284
57192950,2017-12-25T14:18:08.58,BUY,0.00163071,21.30569742
57192957,2017-12-25T14:18:10.847,BUY,0.0016307,2.03562
57192969,2017-12-25T14:18:12.237,BUY,0.0016307,2.00735063
57192973,2017-12-25T14:18:13.97,SELL,0.00163071,2.4
