4862682,2017-12-25T12:59:37.81,BUY,1.25e-06,3653.78410744
4862684,2017-12-25T12:59:38.107,BUY,1.25e-06,793.65079365
4862686,2017-12-25T12:59:38.67,BUY,1.25e-06,1574.70138
4862688,2017-12-25T12:59:38.793,BUY,1.25e-06,9052.21674
4862690,2017-12-25T12:59:39.827,BUY,1.25e-06,52953.70794
4862692,2017-12-25T12:59:40.967,BUY,1.25e-06,5000.32102823
4862694,2017-12-25T12:59:40.983,BUY,1.25e-06,3944.87108174
4862696,2017-12-25T12:59:41.733,BUY,1.25e-06,127132.5321
4862699,2017-12-25T12:59:43.89,BUY,1.26e-06,801.0
4862702,2017-12-25T12:59:44.09,BUY,1.26e-06,800.0
4862709,2017-12-25T12:59:46.14,BUY,1.25e-06,1855.5096
4862714,2017-12-25T12:59:48.607,BUY,1.25e-06,3682.35653571
4862716,2017-12-25T12:59:49.013,BUY,1.25e-06,9462.13386429
4862719,2017-12-25T12:59:49.547,BUY,1.26e-06,2703.05083333
4862727,2017-12-25T12:59:52.92,SELL,1.25e-06,34932.47413306
4862730,2017-12-25T12:59:53.437,SELL,1.25e-06,33157.76116265
4862731,2017-12-25T12:59:53.437,SELL,1.25e-06,33333.0
4862732,2017-12-25T12:59:53.437,SELL,1.25e-06,300000.0
4862733,2017-12-25T12:59:53.437,SELL,1.24e-06,7059.53655876
4862740,2017-12-25T12:59:57.717,BUY,1.25e-06,800.0
4862742,2017-12-25T12:59:58.03,BUY,1.25e-06,8304.27458333
4862744,2017-12-25T12:59:58.453,BUY,1.25e-06,91068.18541667
4862745,2017-12-25T12:59:58.453,BUY,1.25e-06,1000000.0
4862749,2017-12-25T13:00:00.06,SELL,1.25e-06,93196.77333333
4862753,2017-12-25T13:00:01.483,SELL,1.25e-06,10000.0
4862757,2017-12-25T13:00:02.97,SELL,1.25e-06,20000.0
4862761,2017-12-25T13:00:03.75,BUY,1.26e-06,5511.98028916
4862766,2017-12-25T13:00:04.797,SELL,1.25e-06,967170.35513672
4862767,2017-12-25T13:00:04.797,SELL,1.25e-06,1134.1176
4862771,2017-12-25T13:00:05.61,BUY,1.25e-06,793.65079365
4862773,2017-12-25T13:00:05.657,BUY,1.25e-06,406684.16168273
4862779,2017-12-25T13:00:08.233,SELL,1.25e-06,15000.0
4862789,2017-12-25T13:00:11.22,SELL,1.25e-06,2312.62173727
4862790,2017-12-25T13:00:11.22,SELL,1.25e-06,2449.28302463
4862792,2017-12-25T13:00:12.267,SELL,1.25e-06,20000.0
4862794,2017-12-25T13:00:12.627,BUY,1.26e-06,800.0
4862796,2017-12-25T13:00:13.547,SELL,1.25e-06,2195.52445946
4862802,2017-12-25T13:00:15.423,SELL,1.25e-06,13030.43235591
4862803,2017-12-25T13:00:15.423,SELL,1.25e-06,11969.56764409
4862804,2017-12-25T13:00:15.767,SELL,1.25e-06,11193.24419591
4862805,2017-12-25T13:00:15.767,SELL,1.25e-06,40000.0
4862806,2017-12-25T13:00:15.767,SELL,1.25e-06,49483.22459822
4862811,2017-12-25T13:00:17.283,BUY,1.26e-06,112136.01291667
4862814,2017-12-25T13:00:18.407,SELL,1.25e-06,998.97754688
4862817,2017-12-25T13:00:20.33,SELL,1.25e-06,9339.1159995
4862819,2017-12-25T13:00:20.36,BUY,1.26e-06,138954.4575
4862821,2017-12-25T13:00:21.173,SELL,1.25e-06,123655.90682715
4862824,2017-12-25T13:00:22.627,BUY,1.26e-06,4500.0
4862827,2017-12-25T13:00:24.55,SELL,1.25e-06,179463.5571047
4862829,2017-12-25T13:00:27.47,BUY,1.26e-06,15873.01587301
4862830,2017-12-25T13:00:28.703,SELL,1.25e-06,183443.77194231
4862832,2017-12-25T13:00:29.237,SELL,1.25e-06,1000.07227848
4862833,2017-12-25T13:00:29.267,SELL,1.25e-06,10000.0
4862834,2017-12-25T13:00:29.91,SELL,1.25e-06,1437.0
4862836,2017-12-25T13:00:29.91,BUY,1.26e-06,16317.83687191
4862837,2017-12-25T13:00:30.05,SELL,1.25e-06,1266021.16954225
4862840,2017-12-25T13:00:31.8,SELL,1.25e-06,36262.60144695
4862842,2017-12-25T13:00:32.923,BUY,1.26e-06,3958.33333333
4862844,2017-12-25T13:00:33.923,BUY,1.26e-06,42281.62568946
4862845,2017-12-25T13:00:33.923,BUY,1.26e-06,4878.76514387
4862849,2017-12-25T13:00:35.72,BUY,1.26e-06,800.0
4862850,2017-12-25T13:00:37.063,SELL,1.25e-06,64350.22928461
4862853,2017-12-25T13:00:38.27,BUY,1.26e-06,122784.0658876
4862854,2017-12-25T13:00:38.27,BUY,1.26e-06,4924.2585
4862855,2017-12-25T13:00:38.27,BUY,1.26e-06,52668.0
4862856,2017-12-25T13:00:38.27,BUY,1.26e-06,34125.72767442
4862857,2017-12-25T13:00:38.27,BUY,1.26e-06,900.0
4862858,2017-12-25T13:00:38.27,BUY,1.26e-06,3000.0
4862859,2017-12-25T13:00:38.27,BUY,1.26e-06,20997.94793798
4862861,2017-12-25T13:00:39.66,BUY,1.26e-06,793.65079365
4862864,2017-12-25T13:00:41.19,SELL,1.25e-06,18000.0
4862866,2017-12-25T13:00:41.19,BUY,1.26e-06,11262.09677419
4862869,2017-12-25T13:00:42.69,BUY,1.26e-06,952.38095238
4862874,2017-12-25T13:00:45.83,BUY,1.26e-06,23750.0
4862877,2017-12-25T13:00:47.457,BUY,1.26e-06,800.0
4862883,2017-12-25T13:00:50.643,SELL,1.25e-06,23534.17639381
4862891,2017-12-25T13:00:54.49,SELL,1.25e-06,11283.304375
4862894,2017-12-25T13:00:55.69,BUY,1.26e-06,2435.59809514
4862897,2017-12-25T13:00:56.643,BUY,1.26e-06,800.0
4862900,2017-12-25T13:00:57.05,BUY,1.26e-06,32543.4207936
4862903,2017-12-25T13:00:58.317,SELL,1.25e-06,21105.97352014
4862904,2017-12-25T13:00:58.317,SELL,1.25e-06,2658.59286
4862905,2017-12-25T13:00:58.317,SELL,1.25e-06,29998.87448006
4862906,2017-12-25T13:00:58.52,SELL,1.25e-06,17500.12551994
4862907,2017-12-25T13:00:58.52,SELL,1.25e-06,1663.06842362
4862910,2017-12-25T13:00:59.427,BUY,1.26e-06,24825.78
4862919,2017-12-25T13:01:03.1,BUY,1.26e-06,7971.65675306
4862920,2017-12-25T13:01:03.1,BUY,1.26e-06,12100.80261994
4862922,2017-12-25T13:01:03.113,BUY,1.26e-06,25574.43722006
4862923,2017-12-25T13:01:03.113,BUY,1.26e-06,10458.26319661
4862924,2017-12-25T13:01:03.333,SELL,1.25e-06,1366.50667808
4862936,2017-12-25T13:01:10.1,BUY,1.26e-06,49703.85056339
4862937,2017-12-25T13:01:10.1,BUY,1.26e-06,11568.45849886
4862938,2017-12-25T13:01:10.1,BUY,1.26e-06,1700.43893836
4862939,2017-12-25T13:01:10.1,BUY,1.26e-06,256315.79742911
4862940,2017-12-25T13:01:10.1,BUY,1.26e-06,30172.57248695
4862945,2017-12-25T13:01:11.397,BUY,1.26e-06,875.84306259
4862946,2017-12-25T13:01:11.397,BUY,1.26e-06,8812.86326744
4862951,2017-12-25T13:01:13.41,BUY,1.26e-06,4012.001003
4862955,2017-12-25T13:01:14.66,BUY,1.26e-06,2936.5079365
4862957,2017-12-25T13:01:16.46,BUY,1.26e-06,8556.88886773
4862960,2017-12-25T13:01:17.113,BUY,1.26e-06,21534.48032441
4862961,2017-12-25T13:01:17.113,BUY,1.26e-06,23761.0
4862962,2017-12-25T13:01:17.113,BUY,1.26e-06,160986.19198413
4862963,2017-12-25T13:01:17.113,BUY,1.26e-06,1134.1176
4862964,2017-12-25T13:01:17.113,BUY,1.26e-06,10946.12759146
4862971,2017-12-25T13:01:23.927,SELL,1.25e-06,29598.3387
4862973,2017-12-25T13:01:25.973,SELL,1.25e-06,15000.0
4862975,2017-12-25T13:01:26.18,BUY,1.26e-06,1583.33333333
4862979,2017-12-25T13:01:28.13,BUY,1.26e-06,1382.98625
4862980,2017-12-25T13:01:29.02,SELL,1.25e-06,178462.9384583
4862981,2017-12-25T13:01:29.02,SELL,1.25e-06,1000.0
4862982,2017-12-25T13:01:29.02,SELL,1.25e-06,6054.05892
4862983,2017-12-25T13:01:29.02,SELL,1.25e-06,80000.0
4862984,2017-12-25T13:01:29.02,SELL,1.25e-06,412320.99006
4862985,2017-12-25T13:01:29.02,SELL,1.25e-06,19950.0
4862986,2017-12-25T13:01:29.02,SELL,1.25e-06,143640.0
4862987,2017-12-25T13:01:29.02,SELL,1.25e-06,20547.31896
4862988,2017-12-25T13:01:29.02,SELL,1.25e-06,4938.9018
4862989,2017-12-25T13:01:29.02,SELL,1.25e-06,10730.1474
4862990,2017-12-25T13:01:29.02,SELL,1.25e-06,116260.44444
4862991,2017-12-25T13:01:29.02,SELL,1.25e-06,50001.81418082
4862992,2017-12-25T13:01:29.24,SELL,1.25e-06,247363.10079545
4862994,2017-12-25T13:01:29.49,BUY,1.26e-06,13594.44458333
4862996,2017-12-25T13:01:29.85,BUY,1.26e-06,2938.79712271
4862999,2017-12-25T13:01:31.053,BUY,1.26e-06,7936.5079365
4863001,2017-12-25T13:01:31.787,BUY,1.26e-06,1150.73751855
4863003,2017-12-25T13:01:34.757,SELL,1.25e-06,55661.57364504
4863004,2017-12-25T13:01:39.477,SELL,1.25e-06,40000.0
4863006,2017-12-25T13:01:39.507,BUY,1.26e-06,6239.0
4863010,2017-12-25T13:01:41.46,BUY,1.26e-06,140301.88888889
4863012,2017-12-25T13:01:41.6,SELL,1.25e-06,151020.47315869
4863013,2017-12-25T13:01:41.6,SELL,1.25e-06,8106.51096829
4863015,2017-12-25T13:01:42.133,BUY,1.26e-06,277085.06511499
4863018,2017-12-25T13:01:44.18,BUY,1.26e-06,1394.41
4863019,2017-12-25T13:01:44.337,SELL,1.25e-06,1140.04271171
4863020,2017-12-25T13:01:44.337,SELL,1.25e-06,91.55172076
4863021,2017-12-25T13:01:45.29,SELL,1.25e-06,850.0
4863024,2017-12-25T13:01:46.523,SELL,1.25e-06,43798.63642983
4863027,2017-12-25T13:01:48.04,BUY,1.26e-06,11450.50041667
4863030,2017-12-25T13:01:48.757,BUY,1.26e-06,144524.04320638
4863031,2017-12-25T13:01:48.757,BUY,1.26e-06,104924.35876628
4863032,2017-12-25T13:01:49.023,SELL,1.25e-06,8646.01184941
4863033,2017-12-25T13:01:49.023,SELL,1.25e-06,12870.96774194
4863034,2017-12-25T13:01:49.023,SELL,1.25e-06,1000.0
4863035,2017-12-25T13:01:49.023,SELL,1.25e-06,1000.0
4863036,2017-12-25T13:01:49.023,SELL,1.25e-06,881.93936
4863037,2017-12-25T13:01:49.023,SELL,1.25e-06,1807.9634
4863038,2017-12-25T13:01:49.023,SELL,1.25e-06,1475.7414
4863039,2017-12-25T13:01:49.023,SELL,1.25e-06,10027.11514
4863040,2017-12-25T13:01:49.023,SELL,1.25e-06,2094.38729993
4863043,2017-12-25T13:01:51.053,BUY,1.26e-06,6746.03174603
4863045,2017-12-25T13:01:51.21,BUY,1.26e-06,1402.30568984
4863047,2017-12-25T13:01:51.29,BUY,1.26e-06,1072.15932499
4863053,2017-12-25T13:01:57.32,SELL,1.25e-06,1731.0
4863054,2017-12-25T13:01:58.15,SELL,1.25e-06,4944.61270007
4863055,2017-12-25T13:01:58.15,SELL,1.25e-06,279301.74563591
4863056,2017-12-25T13:01:58.15,SELL,1.25e-06,39864.5688
4863057,2017-12-25T13:01:58.15,SELL,1.25e-06,52156.53170872
4863059,2017-12-25T13:01:59.023,SELL,1.25e-06,6774.29045916
4863063,2017-12-25T13:02:07.32,SELL,1.25e-06,340069.17783212
4863064,2017-12-25T13:02:07.32,SELL,1.25e-06,159930.82216788
4863066,2017-12-25T13:02:07.353,BUY,1.26e-06,5643.0475
4863071,2017-12-25T13:02:11.01,BUY,1.26e-06,1000.0
4863072,2017-12-25T13:02:12.26,SELL,1.25e-06,10009.71538922
4863074,2017-12-25T13:02:12.993,BUY,1.26e-06,11029.65534118
4863075,2017-12-25T13:02:13.823,SELL,1.25e-06,119320.69678846
4863076,2017-12-25T13:02:14.133,SELL,1.25e-06,29911.56981444
4863077,2017-12-25T13:02:14.133,SELL,1.25e-06,3198.99048
4863078,2017-12-25T13:02:14.133,SELL,1.25e-06,1833.46504226
4863079,2017-12-25T13:02:14.807,SELL,1.25e-06,904.43305774
4863080,2017-12-25T13:02:14.807,SELL,1.25e-06,51150.9621
4863083,2017-12-25T13:02:20.23,BUY,1.25e-06,36449.44002
4863085,2017-12-25T13:02:20.54,BUY,1.25e-06,70622.14894924
4863088,2017-12-25T13:02:22.04,SELL,1.25e-06,4932.08131818
4863100,2017-12-25T13:02:30.48,BUY,1.26e-06,1000.0
4863103,2017-12-25T13:02:30.823,SELL,1.25e-06,6000.0
4863104,2017-12-25T13:02:31.2,SELL,1.25e-06,90858.28217258
4863105,2017-12-25T13:02:31.2,SELL,1.25e-06,2505.384
4863106,2017-12-25T13:02:31.2,SELL,1.25e-06,5692.25323389
4863110,2017-12-25T13:02:32.34,SELL,1.25e-06,51867.90546864
4863112,2017-12-25T13:02:34.323,SELL,1.25e-06,5093.23923747
4863113,2017-12-25T13:02:34.323,SELL,1.25e-06,39900.0
4863114,2017-12-25T13:02:34.323,SELL,1.25e-06,1170.8850365
4863115,2017-12-25T13:02:34.323,SELL,1.25e-06,31920.0
4863116,2017-12-25T13:02:34.323,SELL,1.25e-06,8340.91146
4863117,2017-12-25T13:02:34.323,SELL,1.25e-06,80000.0
4863118,2017-12-25T13:02:34.323,SELL,1.25e-06,10000.0
4863120,2017-12-25T13:02:34.543,BUY,1.25e-06,5067.00032839
4863122,2017-12-25T13:02:35.637,BUY,1.25e-06,7638.95791667
4863124,2017-12-25T13:02:36.543,BUY,1.25e-06,798000.0
4863127,2017-12-25T13:02:38.667,BUY,1.25e-06,2691.66666667
4863130,2017-12-25T13:02:41.23,BUY,1.25e-06,3000.0
4863132,2017-12-25T13:02:43.073,BUY,1.25e-06,1314042.31111901
4863133,2017-12-25T13:02:43.073,BUY,1.25e-06,1371.82352941
4863135,2017-12-25T13:02:45.467,SELL,1.25e-06,2857.4671
4863137,2017-12-25T13:02:47.06,SELL,1.25e-06,630272.05419158
4863138,2017-12-25T13:02:47.06,SELL,1.25e-06,13054.5219
4863141,2017-12-25T13:02:48.84,SELL,1.24e-06,2460.99133758
4863143,2017-12-25T13:02:49.12,BUY,1.25e-06,2079.99999999
4863146,2017-12-25T13:02:50.683,BUY,1.25e-06,10000.0
4863148,2017-12-25T13:02:52.17,BUY,1.25e-06,5566.651003
4863149,2017-12-25T13:02:53.78,SELL,1.24e-06,21684.54764358
4863151,2017-12-25T13:02:54.387,BUY,1.25e-06,143462.2567764
4863152,2017-12-25T13:02:54.387,BUY,1.25e-06,800.0
4863153,2017-12-25T13:02:54.387,BUY,1.25e-06,1000.67674138
4863154,2017-12-25T13:02:54.387,BUY,1.25e-06,12000.78540698
4863155,2017-12-25T13:02:54.387,BUY,1.25e-06,122038.02671115
4863158,2017-12-25T13:02:55.873,BUY,1.25e-06,209634.24888
4863163,2017-12-25T13:02:56.903,BUY,1.25e-06,3958.33333333
4863164,2017-12-25T13:02:56.903,SELL,1.24e-06,500000.0
4863166,2017-12-25T13:02:57.043,SELL,1.24e-06,75445.61724
4863167,2017-12-25T13:02:57.39,SELL,1.24e-06,200209.72942623
4863168,2017-12-25T13:02:58.967,SELL,1.24e-06,10118.43537961
4863170,2017-12-25T13:03:00.7,BUY,1.25e-06,5144.96934
4863175,2017-12-25T13:03:03.42,BUY,1.25e-06,39352.77948
4863178,2017-12-25T13:03:03.92,BUY,1.25e-06,19527.91201902
4863180,2017-12-25T13:03:03.937,BUY,1.25e-06,10000.0
4863182,2017-12-25T13:03:04.873,BUY,1.25e-06,3509.34648423
4863183,2017-12-25T13:03:04.983,SELL,1.24e-06,40000.8944403
4863186,2017-12-25T13:03:05.233,BUY,1.25e-06,19458.71693464
4863188,2017-12-25T13:03:05.56,BUY,1.25e-06,800.0
4863189,2017-12-25T13:03:05.623,SELL,1.24e-06,100561.08055
4863191,2017-12-25T13:03:05.733,BUY,1.25e-06,31999.99999999
4863193,2017-12-25T13:03:06.75,BUY,1.25e-06,17000.0
4863194,2017-12-25T13:03:07.343,SELL,1.24e-06,18257.6225
4863196,2017-12-25T13:03:08.513,BUY,1.25e-06,1865.38705599
4863198,2017-12-25T13:03:08.64,SELL,1.24e-06,123199.28159483
4863201,2017-12-25T13:03:09.577,BUY,1.25e-06,785265.15085678
4863209,2017-12-25T13:03:18.593,SELL,1.24e-06,60000.0
4863211,2017-12-25T13:03:19.28,SELL,1.24e-06,480809.20648655
4863212,2017-12-25T13:03:19.28,SELL,1.24e-06,1612.9032258
4863213,2017-12-25T13:03:19.28,SELL,1.24e-06,48471.7009702
4863214,2017-12-25T13:03:19.28,SELL,1.24e-06,160887.09677419
4863215,2017-12-25T13:03:19.28,SELL,1.24e-06,8044.35483871
4863216,2017-12-25T13:03:19.28,SELL,1.24e-06,2000.0
4863217,2017-12-25T13:03:19.28,SELL,1.24e-06,79166.66666667
4863218,2017-12-25T13:03:19.28,SELL,1.24e-06,40975.36935484
4863219,2017-12-25T13:03:19.28,SELL,1.24e-06,4000.0
4863220,2017-12-25T13:03:19.28,SELL,1.24e-06,2389.37903226
4863221,2017-12-25T13:03:19.28,SELL,1.24e-06,1647.66889113
4863222,2017-12-25T13:03:19.28,SELL,1.24e-06,807.34754032
4863223,2017-12-25T13:03:19.28,SELL,1.24e-06,4232.45685484
4863224,2017-12-25T13:03:19.28,SELL,1.24e-06,2128.90509135
4863225,2017-12-25T13:03:19.28,SELL,1.24e-06,20433.83576613
4863226,2017-12-25T13:03:19.28,SELL,1.24e-06,806.44354846
4863227,2017-12-25T13:03:19.28,SELL,1.24e-06,804.43548387
4863228,2017-12-25T13:03:19.28,SELL,1.24e-06,4022.17741935
4863229,2017-12-25T13:03:19.28,SELL,1.24e-06,6314.46459677
4863230,2017-12-25T13:03:19.28,SELL,1.24e-06,59478.80933468
4863231,2017-12-25T13:03:19.28,SELL,1.24e-06,9735.73675403
4863232,2017-12-25T13:03:19.28,SELL,1.24e-06,228702.64106855
4863233,2017-12-25T13:03:19.28,SELL,1.24e-06,100000.0
4863234,2017-12-25T13:03:19.28,SELL,1.24e-06,975.0
4863235,2017-12-25T13:03:19.28,SELL,1.24e-06,5000.0
4863236,2017-12-25T13:03:19.28,SELL,1.24e-06,8090.0
4863237,2017-12-25T13:03:19.28,SELL,1.24e-06,10065.79725745
4863238,2017-12-25T13:03:19.28,SELL,1.24e-06,8506.42258065
4863239,2017-12-25T13:03:19.28,SELL,1.24e-06,11561.40308468
4863240,2017-12-25T13:03:19.28,SELL,1.24e-06,7470.01442653
4863241,2017-12-25T13:03:19.28,SELL,1.24e-06,1100.0
4863242,2017-12-25T13:03:19.297,SELL,1.24e-06,321776.20464967
4863243,2017-12-25T13:03:19.297,SELL,1.24e-06,16760.84770161
4863244,2017-12-25T13:03:19.297,SELL,1.24e-06,93090.27169355
4863245,2017-12-25T13:03:19.297,SELL,1.24e-06,13901.84628
4863246,2017-12-25T13:03:19.297,SELL,1.24e-06,908.8109879
4863247,2017-12-25T13:03:19.297,SELL,1.24e-06,5000.0
4863248,2017-12-25T13:03:19.297,SELL,1.24e-06,8786.65572581
4863249,2017-12-25T13:03:20.827,SELL,1.23e-06,1486.91740458
4863252,2017-12-25T13:03:22.343,BUY,1.24e-06,5520.69673175
4863257,2017-12-25T13:03:24.67,BUY,1.24e-06,213393.5100417
4863258,2017-12-25T13:03:24.67,BUY,1.24e-06,450959.10797874
4863259,2017-12-25T13:03:24.67,BUY,1.24e-06,75568.18181818
4863260,2017-12-25T13:03:24.67,BUY,1.24e-06,228988.35588462
4863261,2017-12-25T13:03:24.67,BUY,1.24e-06,14789.82792339
4863262,2017-12-25T13:03:25.11,SELL,1.24e-06,36712.02962625
4863263,2017-12-25T13:03:25.22,SELL,1.24e-06,667477.46660959
4863266,2017-12-25T13:03:26.123,SELL,1.24e-06,8090.0
4863268,2017-12-25T13:03:26.28,SELL,1.24e-06,5100.0
4863272,2017-12-25T13:03:28.547,SELL,1.24e-06,47766.69932312
4863273,2017-12-25T13:03:28.657,SELL,1.24e-06,63868.60754717
4863274,2017-12-25T13:03:28.86,SELL,1.24e-06,390569.25
4863275,2017-12-25T13:03:28.92,SELL,1.24e-06,67799.41623111
4863276,2017-12-25T13:03:28.92,SELL,1.24e-06,11155.04126889
4863277,2017-12-25T13:03:29.03,SELL,1.24e-06,34249.15458333
4863279,2017-12-25T13:03:29.907,SELL,1.24e-06,167422.24326068
4863280,2017-12-25T13:03:29.907,SELL,1.24e-06,1680.48835749
4863282,2017-12-25T13:03:30.297,BUY,1.24e-06,15861.19118952
4863285,2017-12-25T13:03:31.97,BUY,1.24e-06,52498.12172356
4863286,2017-12-25T13:03:31.97,BUY,1.25e-06,92078.07591644
4863288,2017-12-25T13:03:32.58,SELL,1.23e-06,100000.0
4863299,2017-12-25T13:03:36.78,BUY,1.24e-06,10000.0
4863306,2017-12-25T13:03:39.047,SELL,1.24e-06,2955.77188477
4863307,2017-12-25T13:03:40.797,SELL,1.24e-06,12462.0
4863309,2017-12-25T13:03:41.783,SELL,1.24e-06,50000.0
4863310,2017-12-25T13:03:42.313,SELL,1.24e-06,13735.29338479
4863313,2017-12-25T13:03:44.813,BUY,1.25e-06,800.21758
4863315,2017-12-25T13:03:45.47,SELL,1.24e-06,2108.97419291
4863318,2017-12-25T13:03:45.8,BUY,1.25e-06,15521.23566
4863323,2017-12-25T13:03:49.08,BUY,1.25e-06,4006.90962
4863324,2017-12-25T13:03:49.393,SELL,1.24e-06,62078.45127273
4863335,2017-12-25T13:03:53.36,SELL,1.24e-06,1000000.74539063
4863341,2017-12-25T13:03:56.207,BUY,1.25e-06,1609.07246377
4863344,2017-12-25T13:03:57.27,BUY,1.25e-06,185903.50842
4863345,2017-12-25T13:03:57.613,SELL,1.24e-06,1000.0
4863352,2017-12-25T13:03:59.427,BUY,1.25e-06,5797.10144927
4863360,2017-12-25T13:04:00.38,BUY,1.25e-06,5547.87156
4863362,2017-12-25T13:04:00.503,SELL,1.24e-06,466825.34296691
4863363,2017-12-25T13:04:00.503,SELL,1.24e-06,637496.62699597
4863364,2017-12-25T13:04:00.503,SELL,1.24e-06,281554.17906846
4863365,2017-12-25T13:04:00.503,SELL,1.24e-06,80645.16129032
4863366,2017-12-25T13:04:00.503,SELL,1.24e-06,2220.185625
4863367,2017-12-25T13:04:00.503,SELL,1.24e-06,459885.17975806
4863368,2017-12-25T13:04:00.503,SELL,1.24e-06,8044.35483871
4863369,2017-12-25T13:04:00.503,SELL,1.24e-06,40221.77419355
4863370,2017-12-25T13:04:00.503,SELL,1.24e-06,846.77419354
4863371,2017-12-25T13:04:00.503,SELL,1.24e-06,42315.22134612
4863375,2017-12-25T13:04:01.737,SELL,1.24e-06,52832.36178832
4863380,2017-12-25T13:04:03.3,BUY,1.25e-06,685944.26544
4863382,2017-12-25T13:04:05.3,BUY,1.25e-06,14500.0
4863385,2017-12-25T13:04:05.77,SELL,1.24e-06,157664.6125
4863387,2017-12-25T13:04:05.8,BUY,1.25e-06,88869.1104
4863393,2017-12-25T13:04:07.177,SELL,1.24e-06,2941.76859943
4863394,2017-12-25T13:04:07.177,SELL,1.24e-06,5550.9516129
4863395,2017-12-25T13:04:07.177,SELL,1.24e-06,1194.02358871
4863397,2017-12-25T13:04:07.787,SELL,1.23e-06,3029.53426683
4863398,2017-12-25T13:04:07.787,SELL,1.23e-06,81266.33310976
4863399,2017-12-25T13:04:07.787,SELL,1.23e-06,17431.10164634
4863400,2017-12-25T13:04:07.787,SELL,1.23e-06,21837.21588232
4863411,2017-12-25T13:04:13.583,BUY,1.24e-06,313.25619896
4863412,2017-12-25T13:04:13.583,BUY,1.24e-06,486.74380104
4863422,2017-12-25T13:04:16.177,BUY,1.24e-06,4709.16596748
4863423,2017-12-25T13:04:16.177,BUY,1.24e-06,50089.87707252
4863424,2017-12-25T13:04:16.52,SELL,1.23e-06,3512.32394366
4863428,2017-12-25T13:04:17.537,SELL,1.23e-06,4000.0
4863431,2017-12-25T13:04:18.863,BUY,1.24e-06,39738.57393145
4863435,2017-12-25T13:04:19.74,SELL,1.23e-06,650.46017402
4863436,2017-12-25T13:04:19.74,SELL,1.23e-06,17717.17925306
4863437,2017-12-25T13:04:19.99,SELL,1.23e-06,500000.0
4863439,2017-12-25T13:04:20.427,SELL,1.23e-06,4042.33870968
4863441,2017-12-25T13:04:20.503,BUY,1.24e-06,10000.0
4863442,2017-12-25T13:04:20.583,SELL,1.23e-06,29000.0
4863444,2017-12-25T13:04:20.817,BUY,1.24e-06,2158.27338128
4863446,2017-12-25T13:04:20.897,BUY,1.24e-06,8413.79310344
4863449,2017-12-25T13:04:22.287,SELL,1.23e-06,5597.3938931
4863452,2017-12-25T13:04:23.16,BUY,1.24e-06,21238.07014113
4863458,2017-12-25T13:04:25.037,BUY,1.24e-06,2343.75
4863460,2017-12-25T13:04:25.693,SELL,1.23e-06,70985.68710757
4863461,2017-12-25T13:04:25.693,SELL,1.23e-06,56768.29268293
4863462,2017-12-25T13:04:25.693,SELL,1.23e-06,81097.56097561
4863463,2017-12-25T13:04:25.693,SELL,1.23e-06,24999.81536585
4863464,2017-12-25T13:04:25.693,SELL,1.23e-06,60842.66658537
4863465,2017-12-25T13:04:25.693,SELL,1.23e-06,6974.3902439
4863466,2017-12-25T13:04:25.693,SELL,1.23e-06,202743.90243902
4863467,2017-12-25T13:04:25.693,SELL,1.23e-06,202743.90243902
4863468,2017-12-25T13:04:25.693,SELL,1.23e-06,9581.05691057
4863469,2017-12-25T13:04:25.693,SELL,1.23e-06,20000.0
4863470,2017-12-25T13:04:25.693,SELL,1.23e-06,15829.00763358
4863471,2017-12-25T13:04:25.693,SELL,1.23e-06,7856.86401367
4863472,2017-12-25T13:04:25.693,SELL,1.23e-06,5446.0
4863473,2017-12-25T13:04:25.693,SELL,1.23e-06,5636.12423104
4863474,2017-12-25T13:04:25.693,SELL,1.23e-06,21780.0
4863475,2017-12-25T13:04:25.693,SELL,1.23e-06,10000.15743902
4863476,2017-12-25T13:04:25.693,SELL,1.23e-06,374333.77735285
4863480,2017-12-25T13:04:26.52,BUY,1.24e-06,80458.28195651
4863481,2017-12-25T13:04:26.52,BUY,1.24e-06,319541.71804349
4863500,2017-12-25T13:04:32.223,BUY,1.24e-06,5606.84292339
4863511,2017-12-25T13:04:35.49,BUY,1.24e-06,2016.129
4863513,2017-12-25T13:04:35.507,BUY,1.24e-06,15000.0
4863514,2017-12-25T13:04:35.583,SELL,1.23e-06,179832.88931382
4863515,2017-12-25T13:04:35.583,SELL,1.23e-06,1000.0
4863516,2017-12-25T13:04:35.583,SELL,1.23e-06,20000.0
4863517,2017-12-25T13:04:35.583,SELL,1.23e-06,50000.0
4863518,2017-12-25T13:04:35.583,SELL,1.23e-06,4638.00813008
4863519,2017-12-25T13:04:35.583,SELL,1.23e-06,14946.81066942
4863521,2017-12-25T13:04:36.1,SELL,1.23e-06,30053.18933058
4863522,2017-12-25T13:04:36.1,SELL,1.23e-06,5056.5203252
4863523,2017-12-25T13:04:36.1,SELL,1.23e-06,24764.32520325
4863524,2017-12-25T13:04:36.1,SELL,1.23e-06,39900.0
4863525,2017-12-25T13:04:36.1,SELL,1.23e-06,998.44715447
4863526,2017-12-25T13:04:36.117,SELL,1.23e-06,1000.0
4863527,2017-12-25T13:04:36.117,SELL,1.23e-06,2194.68292683
4863528,2017-12-25T13:04:36.117,SELL,1.23e-06,5000.0
4863529,2017-12-25T13:04:36.117,SELL,1.23e-06,173598.76787463
4863531,2017-12-25T13:04:36.147,BUY,1.24e-06,965.49955645
4863532,2017-12-25T13:04:36.147,SELL,1.23e-06,14837.96534274
4863534,2017-12-25T13:04:36.163,BUY,1.24e-06,3191.87852574
4863540,2017-12-25T13:04:38.85,SELL,1.23e-06,1185.39079787
4863545,2017-12-25T13:04:39.85,SELL,1.23e-06,107922.29696037
4863546,2017-12-25T13:04:39.85,SELL,1.23e-06,1471.99524505
4863547,2017-12-25T13:04:39.85,SELL,1.23e-06,3000.0
4863548,2017-12-25T13:04:39.85,SELL,1.23e-06,10000.0
4863549,2017-12-25T13:04:39.85,SELL,1.23e-06,19247.76
4863550,2017-12-25T13:04:39.85,SELL,1.23e-06,8109.75609756
4863551,2017-12-25T13:04:39.85,SELL,1.23e-06,2990.70731707
4863552,2017-12-25T13:04:39.85,SELL,1.23e-06,20652.88878049
4863553,2017-12-25T13:04:39.85,SELL,1.23e-06,2000.0
4863554,2017-12-25T13:04:39.85,SELL,1.23e-06,2424.11382114
4863555,2017-12-25T13:04:39.85,SELL,1.23e-06,3283.26719512
4863556,2017-12-25T13:04:39.85,SELL,1.23e-06,2100.0
4863557,2017-12-25T13:04:39.85,SELL,1.23e-06,52097.07228531
4863561,2017-12-25T13:04:41.647,SELL,1.23e-06,11701.19627094
4863562,2017-12-25T13:04:41.647,SELL,1.23e-06,8109.75609756
4863563,2017-12-25T13:04:41.647,SELL,1.23e-06,110189.0476315
4863565,2017-12-25T13:04:41.727,BUY,1.24e-06,3879.6926
4863568,2017-12-25T13:04:42.257,SELL,1.23e-06,14752.27904348
4863573,2017-12-25T13:04:43.757,BUY,1.24e-06,1216.45929435
4863577,2017-12-25T13:04:43.99,BUY,1.24e-06,7428.80520994
4863581,2017-12-25T13:04:44.523,SELL,1.23e-06,56301.01345313
4863585,2017-12-25T13:04:45.85,SELL,1.23e-06,1671.3959434
4863588,2017-12-25T13:04:46.007,BUY,1.24e-06,5000.0
4863591,2017-12-25T13:04:46.57,SELL,1.23e-06,4938.9018
4863599,2017-12-25T13:04:49.913,SELL,1.23e-06,18547.38590898
4863600,2017-12-25T13:04:49.913,SELL,1.23e-06,22784.28578393
4863603,2017-12-25T13:04:50.007,SELL,1.23e-06,44010.46330144
4863604,2017-12-25T13:04:50.007,SELL,1.23e-06,6721.9497561
4863605,2017-12-25T13:04:50.007,SELL,1.23e-06,2439.03439024
4863606,2017-12-25T13:04:50.007,SELL,1.23e-06,4336.40012195
4863607,2017-12-25T13:04:50.007,SELL,1.23e-06,5750.95121951
4863608,2017-12-25T13:04:50.007,SELL,1.23e-06,81097.56097561
4863609,2017-12-25T13:04:50.007,SELL,1.23e-06,3721.49709722
4863610,2017-12-25T13:04:50.74,SELL,1.23e-06,38409.4956
4863611,2017-12-25T13:04:50.837,SELL,1.23e-06,3022.25590034
4863612,2017-12-25T13:04:50.837,SELL,1.23e-06,1771.6329878
4863613,2017-12-25T13:04:50.837,SELL,1.23e-06,13297.77
4863614,2017-12-25T13:04:50.837,SELL,1.23e-06,283843.23743487
4863615,2017-12-25T13:04:50.837,SELL,1.23e-06,813.00000008
4863616,2017-12-25T13:04:50.837,SELL,1.23e-06,16552.9204878
4863617,2017-12-25T13:04:50.837,SELL,1.23e-06,813.00000008
4863619,2017-12-25T13:04:52.24,BUY,1.23e-06,813.00000008
4863621,2017-12-25T13:04:52.6,BUY,1.23e-06,7493.18392481
4863627,2017-12-25T13:04:55.35,SELL,1.22e-06,4307.71477599
4863628,2017-12-25T13:04:55.587,SELL,1.22e-06,11128.60526224
4863629,2017-12-25T13:04:55.6,SELL,1.22e-06,31522.12518
4863630,2017-12-25T13:04:55.617,SELL,1.22e-06,37370.79347029
4863631,2017-12-25T13:04:55.617,SELL,1.22e-06,53625.20652971
4863632,2017-12-25T13:04:55.633,SELL,1.22e-06,25000.0
4863633,2017-12-25T13:04:55.65,SELL,1.22e-06,25000.0
4863634,2017-12-25T13:04:55.663,SELL,1.22e-06,55000.0
4863635,2017-12-25T13:04:55.68,SELL,1.22e-06,121374.79347029
4863636,2017-12-25T13:04:55.68,SELL,1.22e-06,18470.28233607
4863637,2017-12-25T13:04:55.68,SELL,1.22e-06,168809.02629098
4863638,2017-12-25T13:04:55.68,SELL,1.22e-06,6117.02157787
4863639,2017-12-25T13:04:55.68,SELL,1.22e-06,43513.19810857
4863640,2017-12-25T13:04:55.697,SELL,1.22e-06,75000.0
4863642,2017-12-25T13:04:56.07,BUY,1.23e-06,7631.51567073
4863644,2017-12-25T13:04:56.93,BUY,1.23e-06,80443.5483871
4863648,2017-12-25T13:04:57.587,SELL,1.22e-06,1500.0
4863650,2017-12-25T13:04:57.82,BUY,1.23e-06,11239.77538572
4863652,2017-12-25T13:04:57.85,BUY,1.23e-06,5619.88819436
4863655,2017-12-25T13:04:58.947,BUY,1.23e-06,1712.78859756
4863657,2017-12-25T13:05:00.023,BUY,1.23e-06,30902.67554878
4863660,2017-12-25T13:05:00.743,BUY,1.23e-06,11810.75682927
4863666,2017-12-25T13:05:03.337,SELL,1.22e-06,93980.3729698
4863668,2017-12-25T13:05:03.837,BUY,1.23e-06,4724.4094488
4863670,2017-12-25T13:05:04.853,SELL,1.22e-06,3207.26670213
4863675,2017-12-25T13:05:07.71,SELL,1.22e-06,79166.66666666
4863678,2017-12-25T13:05:08.82,SELL,1.22e-06,4016.56019366
4863681,2017-12-25T13:05:10.01,SELL,1.22e-06,15000.0
4863689,2017-12-25T13:05:12.917,SELL,1.22e-06,16154.55
4863690,2017-12-25T13:05:13.04,SELL,1.22e-06,92925.295
4863693,2017-12-25T13:05:13.977,SELL,1.22e-06,24194.07439509
4863694,2017-12-25T13:05:14.01,SELL,1.22e-06,20000.0
4863696,2017-12-25T13:05:14.04,BUY,1.23e-06,1498.86154022
4863699,2017-12-25T13:05:15.37,SELL,1.22e-06,10248.34916096
4863702,2017-12-25T13:05:16.167,BUY,1.23e-06,81929.09281201
4863703,2017-12-25T13:05:16.167,BUY,1.23e-06,200000.0
4863704,2017-12-25T13:05:16.167,BUY,1.23e-06,2348841.19712701
4863705,2017-12-25T13:05:16.197,SELL,1.22e-06,15488.9729717
4863706,2017-12-25T13:05:16.743,SELL,1.22e-06,5604.69383143
4863707,2017-12-25T13:05:16.743,SELL,1.22e-06,8176.2295082
4863708,2017-12-25T13:05:16.743,SELL,1.22e-06,51844.48681918
4863710,2017-12-25T13:05:16.837,BUY,1.23e-06,8130.08130081
4863716,2017-12-25T13:05:18.73,BUY,1.23e-06,10000.0
4863717,2017-12-25T13:05:18.807,SELL,1.22e-06,9202.95700368
4863728,2017-12-25T13:05:21.133,SELL,1.22e-06,22078.06582878
4863729,2017-12-25T13:05:21.133,SELL,1.22e-06,827.05014344
4863730,2017-12-25T13:05:21.133,SELL,1.22e-06,10000.0
4863731,2017-12-25T13:05:21.133,SELL,1.22e-06,817.62295082
4863732,2017-12-25T13:05:21.133,SELL,1.22e-06,14391.10420082
4863733,2017-12-25T13:05:21.133,SELL,1.22e-06,10033.69715164
4863734,2017-12-25T13:05:21.133,SELL,1.22e-06,20564.7985945
4863736,2017-12-25T13:05:21.4,BUY,1.23e-06,922245.15461965
4863737,2017-12-25T13:05:21.4,BUY,1.23e-06,970980.56525353
4863738,2017-12-25T13:05:21.4,BUY,1.23e-06,250000.0
4863739,2017-12-25T13:05:21.4,BUY,1.23e-06,500000.0
4863740,2017-12-25T13:05:21.4,BUY,1.23e-06,5000.0
4863741,2017-12-25T13:05:21.4,BUY,1.23e-06,3354.43939511
4863744,2017-12-25T13:05:21.573,SELL,1.22e-06,1435.2014055
4863745,2017-12-25T13:05:21.573,SELL,1.22e-06,10000.0
4863746,2017-12-25T13:05:21.573,SELL,1.22e-06,150042.54405
4863748,2017-12-25T13:05:21.777,BUY,1.23e-06,11662.52379116
4863749,2017-12-25T13:05:22.23,SELL,1.23e-06,6298.43962114
4863757,2017-12-25T13:05:24.337,SELL,1.23e-06,111622.82616087
4863758,2017-12-25T13:05:24.337,SELL,1.23e-06,21158.5645122
4863759,2017-12-25T13:05:24.337,SELL,1.23e-06,34355.42463415
4863760,2017-12-25T13:05:24.337,SELL,1.22e-06,13617.27277377
4863761,2017-12-25T13:05:24.337,SELL,1.22e-06,817.62295082
4863762,2017-12-25T13:05:24.337,SELL,1.22e-06,9520.83683928
4863768,2017-12-25T13:05:26.98,BUY,1.23e-06,3747.15234606
4863770,2017-12-25T13:05:27.527,BUY,1.23e-06,71421.08920732
4863773,2017-12-25T13:05:28.12,BUY,1.23e-06,3251.12125717
4863775,2017-12-25T13:05:29.637,BUY,1.23e-06,5039.43487805
4863779,2017-12-25T13:05:30.917,BUY,1.23e-06,7944.86042683
4863788,2017-12-25T13:05:32.433,BUY,1.23e-06,23835.19762195
4863790,2017-12-25T13:05:33.48,BUY,1.23e-06,6048.38709677
4863792,2017-12-25T13:05:33.697,BUY,1.23e-06,27210.88435372
4863795,2017-12-25T13:05:34.51,BUY,1.23e-06,7096.03658537
4863797,2017-12-25T13:05:34.777,SELL,1.22e-06,479.82084515
4863798,2017-12-25T13:05:34.777,SELL,1.22e-06,1520.17915485
4863800,2017-12-25T13:05:35.057,BUY,1.23e-06,44405.83622676
4863801,2017-12-25T13:05:35.057,BUY,1.23e-06,21209.42206612
4863802,2017-12-25T13:05:35.057,BUY,1.23e-06,17093.6059375
4863803,2017-12-25T13:05:35.057,BUY,1.23e-06,24729.6356422
4863804,2017-12-25T13:05:35.057,BUY,1.23e-06,886.35073718
4863808,2017-12-25T13:05:35.59,BUY,1.23e-06,59983.21085366
4863810,2017-12-25T13:05:35.73,BUY,1.23e-06,11690.26207317
4863817,2017-12-25T13:05:37.48,BUY,1.23e-06,44851.93383599
4863819,2017-12-25T13:05:38.167,SELL,1.23e-06,20000.0
4863824,2017-12-25T13:05:38.887,BUY,1.24e-06,2872.42952823
4863826,2017-12-25T13:05:39.167,SELL,1.23e-06,36510.02116567
4863832,2017-12-25T13:05:41.23,SELL,1.23e-06,30000.0
4863833,2017-12-25T13:05:41.73,SELL,1.23e-06,12039.09666667
4863841,2017-12-25T13:05:45.213,BUY,1.24e-06,7203.9708095
4863843,2017-12-25T13:05:45.48,SELL,1.23e-06,100000.0
4863845,2017-12-25T13:05:45.543,SELL,1.23e-06,6947.61930177
4863848,2017-12-25T13:05:45.81,BUY,1.24e-06,7553.28061742
4863857,2017-12-25T13:05:48.95,BUY,1.24e-06,1989407.37949597
4863860,2017-12-25T13:05:49.653,SELL,1.23e-06,33494.56646477
4863861,2017-12-25T13:05:49.653,SELL,1.23e-06,10866.03512195
4863862,2017-12-25T13:05:49.653,SELL,1.23e-06,10000.0
4863863,2017-12-25T13:05:49.653,SELL,1.23e-06,2786.44903828
4863869,2017-12-25T13:05:50.607,BUY,1.24e-06,3310.34482756
4863870,2017-12-25T13:05:50.887,SELL,1.23e-06,22944.00024
4863873,2017-12-25T13:05:51.183,BUY,1.24e-06,65007.38872984
4863875,2017-12-25T13:05:51.293,SELL,1.23e-06,69930.06993007
4863880,2017-12-25T13:05:53.01,BUY,1.24e-06,4070.86989919
4863882,2017-12-25T13:05:53.357,SELL,1.23e-06,10679.46138369
4863883,2017-12-25T13:05:53.403,SELL,1.23e-06,5053.0
4863888,2017-12-25T13:05:54.23,SELL,1.23e-06,272396.62338767
4863890,2017-12-25T13:05:55.997,BUY,1.24e-06,98591.54929576
4863895,2017-12-25T13:05:56.98,BUY,1.24e-06,80443.5483871
4863897,2017-12-25T13:05:57.027,BUY,1.24e-06,384740.63853732
4863898,2017-12-25T13:05:57.027,BUY,1.24e-06,54182.86793478
4863899,2017-12-25T13:05:57.027,BUY,1.24e-06,64903.74618321
4863900,2017-12-25T13:05:57.027,BUY,1.24e-06,38428.17897059
4863901,2017-12-25T13:05:57.027,BUY,1.24e-06,351818.41043706
4863902,2017-12-25T13:05:57.027,BUY,1.24e-06,5039.43487805
4863903,2017-12-25T13:05:57.027,BUY,1.24e-06,2999.6241568
4863904,2017-12-25T13:05:57.027,BUY,1.24e-06,3000.0
4863928,2017-12-25T13:06:06.077,SELL,1.24e-06,40793.88870968
4863929,2017-12-25T13:06:06.077,SELL,1.24e-06,9030.03768145
4863930,2017-12-25T13:06:06.077,SELL,1.24e-06,15373.719375
4863931,2017-12-25T13:06:06.077,SELL,1.24e-06,238050.66405242
4863934,2017-12-25T13:06:07.2,SELL,1.23e-06,100000.0
4863937,2017-12-25T13:06:07.933,BUY,1.24e-06,7063.90398
4863941,2017-12-25T13:06:08.793,BUY,1.24e-06,8090.0
4863943,2017-12-25T13:06:09.23,SELL,1.23e-06,200000.0
4863947,2017-12-25T13:06:10.09,SELL,1.23e-06,34486.33172727
4863949,2017-12-25T13:06:10.747,BUY,1.24e-06,4080.62770161
4863952,2017-12-25T13:06:11.84,BUY,1.24e-06,806.4516129
4863958,2017-12-25T13:06:12.937,BUY,1.24e-06,1310.0
4863964,2017-12-25T13:06:14.95,SELL,1.23e-06,16167.46451613
4863966,2017-12-25T13:06:15.56,BUY,1.24e-06,100773.3465121
4863971,2017-12-25T13:06:16.28,BUY,1.24e-06,266897.86530242
4863975,2017-12-25T13:06:17,BUY,1.24e-06,1175.11520737
4863976,2017-12-25T13:06:17.547,SELL,1.23e-06,887507.81928909
4863977,2017-12-25T13:06:17.547,SELL,1.23e-06,162195.12195122
4863978,2017-12-25T13:06:17.547,SELL,1.23e-06,41652.13599878
4863979,2017-12-25T13:06:17.547,SELL,1.23e-06,158153.71420732
4863980,2017-12-25T13:06:17.547,SELL,1.23e-06,40000.0
4863981,2017-12-25T13:06:17.547,SELL,1.23e-06,229698.76103659
4863982,2017-12-25T13:06:17.547,SELL,1.23e-06,213469.14408537
4863983,2017-12-25T13:06:17.547,SELL,1.23e-06,11488.50756098
4863984,2017-12-25T13:06:17.547,SELL,1.23e-06,4460.36585366
4863985,2017-12-25T13:06:17.547,SELL,1.23e-06,10000.0
4863986,2017-12-25T13:06:17.547,SELL,1.23e-06,813.00813008
4863987,2017-12-25T13:06:17.547,SELL,1.23e-06,50000.0
4863988,2017-12-25T13:06:17.547,SELL,1.23e-06,1677159.10395074
4863991,2017-12-25T13:06:17.763,BUY,1.24e-06,7420.82885081
4863993,2017-12-25T13:06:17.797,BUY,1.24e-06,281554.17906846
4863995,2017-12-25T13:06:17.81,BUY,1.24e-06,42628.20512821
4863998,2017-12-25T13:06:18.187,BUY,1.24e-06,3846.15384615
4864003,2017-12-25T13:06:20.06,BUY,1.24e-06,517167.07223278
4864004,2017-12-25T13:06:20.06,BUY,1.24e-06,404233.87096774
4864005,2017-12-25T13:06:20.06,BUY,1.24e-06,3429.4199
4864009,2017-12-25T13:06:20.403,SELL,1.24e-06,200000.0
4864011,2017-12-25T13:06:21.03,SELL,1.24e-06,75239.51429577
4864012,2017-12-25T13:06:22.233,SELL,1.24e-06,18523.44338542
4864015,2017-12-25T13:06:24.123,SELL,1.24e-06,628645.04944006
4864016,2017-12-25T13:06:24.123,SELL,1.24e-06,10000.0
4864020,2017-12-25T13:06:24.78,SELL,1.24e-06,9335.8823741
4864021,2017-12-25T13:06:25.2,SELL,1.24e-06,1434.47907751
4864022,2017-12-25T13:06:25.2,SELL,1.24e-06,13849.18542339
4864026,2017-12-25T13:06:27.983,SELL,1.23e-06,25000.0
4864039,2017-12-25T13:06:34.297,BUY,1.24e-06,8044.35483871
4864040,2017-12-25T13:06:34.64,SELL,1.23e-06,22782.20570255
4864046,2017-12-25T13:06:36.047,SELL,1.23e-06,220343.21180295
4864048,2017-12-25T13:06:37.25,SELL,1.23e-06,56795.18211111
4864053,2017-12-25T13:06:39.47,SELL,1.23e-06,1072.82591912
4864054,2017-12-25T13:06:39.797,SELL,1.23e-06,200000.0
4864068,2017-12-25T13:06:45.877,BUY,1.24e-06,18199.98391119
4864074,2017-12-25T13:06:47.72,BUY,1.24e-06,403225.80645161
4864076,2017-12-25T13:06:47.877,BUY,1.24e-06,3883985.45351662
4864077,2017-12-25T13:06:47.877,BUY,1.24e-06,50000.0
4864078,2017-12-25T13:06:47.877,BUY,1.24e-06,8090.0
4864079,2017-12-25T13:06:47.877,BUY,1.24e-06,1609.07246377
4864080,2017-12-25T13:06:47.877,BUY,1.24e-06,200000.0
4864081,2017-12-25T13:06:47.877,BUY,1.24e-06,50000.0
4864084,2017-12-25T13:06:49.313,SELL,1.24e-06,2000.0
4864088,2017-12-25T13:06:50.33,SELL,1.24e-06,9633.71372398
4864089,2017-12-25T13:06:51.22,SELL,1.24e-06,2182784.62769974
4864092,2017-12-25T13:06:51.517,BUY,1.25e-06,7497.66499103
4864105,2017-12-25T13:06:56.173,SELL,1.24e-06,16000.0
4864106,2017-12-25T13:06:56.173,SELL,1.24e-06,52468.99070565
4864107,2017-12-25T13:06:56.173,SELL,1.24e-06,155152.46679435
4864114,2017-12-25T13:07:00.987,BUY,1.25e-06,2244.774
4864116,2017-12-25T13:07:01.533,BUY,1.25e-06,830.94131298
4864119,2017-12-25T13:07:02.36,SELL,1.24e-06,5000.0
4864121,2017-12-25T13:07:02.86,SELL,1.24e-06,53463.45671053
4864122,2017-12-25T13:07:03.3,SELL,1.24e-06,44760.0
4864134,2017-12-25T13:07:06.3,BUY,1.25e-06,29526.61969599
4864135,2017-12-25T13:07:06.3,BUY,1.25e-06,22000.0
4864136,2017-12-25T13:07:06.3,BUY,1.25e-06,7196.46801282
4864137,2017-12-25T13:07:06.3,BUY,1.25e-06,2750.11037545
4864138,2017-12-25T13:07:06.3,BUY,1.25e-06,20000.0
4864139,2017-12-25T13:07:06.3,BUY,1.25e-06,25258.14305
4864140,2017-12-25T13:07:06.3,BUY,1.25e-06,2439.03439024
4864141,2017-12-25T13:07:06.3,BUY,1.25e-06,10202.4965
4864142,2017-12-25T13:07:06.3,BUY,1.25e-06,1000000.0
4864143,2017-12-25T13:07:06.3,BUY,1.25e-06,34355.42463415
4864144,2017-12-25T13:07:06.3,BUY,1.25e-06,893464.36666135
4864146,2017-12-25T13:07:06.36,BUY,1.25e-06,1760.05284
4864147,2017-12-25T13:07:06.487,SELL,1.24e-06,218469.56514388
4864150,2017-12-25T13:07:06.783,BUY,1.25e-06,37482.71709851
4864152,2017-12-25T13:07:09.16,SELL,1.24e-06,3149.07391172
4864153,2017-12-25T13:07:09.16,SELL,1.24e-06,806.4516129
4864154,2017-12-25T13:07:09.16,SELL,1.24e-06,3839.57514324
4864156,2017-12-25T13:07:09.237,BUY,1.25e-06,3999.99999999
4864159,2017-12-25T13:07:09.44,BUY,1.25e-06,76730.61510772
4864160,2017-12-25T13:07:09.44,BUY,1.25e-06,13946.03945565
4864161,2017-12-25T13:07:09.44,BUY,1.25e-06,2225.20360287
4864162,2017-12-25T13:07:09.44,BUY,1.25e-06,34326.96340828
4864164,2017-12-25T13:07:09.487,BUY,1.25e-06,10492.5429
4864167,2017-12-25T13:07:09.813,BUY,1.25e-06,84522.0453
4864173,2017-12-25T13:07:12.86,BUY,1.25e-06,282238.76677172
4864174,2017-12-25T13:07:12.86,BUY,1.25e-06,134930.11318828
4864181,2017-12-25T13:07:18.127,BUY,1.25e-06,49446.5937
4864184,2017-12-25T13:07:19.41,SELL,1.24e-06,23726.0
4864185,2017-12-25T13:07:19.567,SELL,1.24e-06,8489.1765
4864188,2017-12-25T13:07:20.283,BUY,1.25e-06,29092.43719709
4864189,2017-12-25T13:07:20.283,BUY,1.25e-06,1870.0
4864190,2017-12-25T13:07:20.283,BUY,1.25e-06,27283.60876551
4864193,2017-12-25T13:07:21.283,BUY,1.25e-06,37723.77996433
4864194,2017-12-25T13:07:21.283,BUY,1.25e-06,51970.67891083
4864195,2017-12-25T13:07:21.283,BUY,1.25e-06,57565.55873888
4864199,2017-12-25T13:07:22.77,BUY,1.25e-06,13073.93145414
4864206,2017-12-25T13:07:25.097,BUY,1.25e-06,7662.16544667
4864211,2017-12-25T13:07:27.16,SELL,1.24e-06,4810.10322414
4864212,2017-12-25T13:07:27.457,SELL,1.24e-06,9975.0
4864218,2017-12-25T13:07:28.597,BUY,1.25e-06,5932.06866
4864220,2017-12-25T13:07:28.863,SELL,1.24e-06,16024.0
4864227,2017-12-25T13:07:30.537,BUY,1.25e-06,3168.13182
4864230,2017-12-25T13:07:31.69,BUY,1.25e-06,34226.62427213
4864239,2017-12-25T13:07:34.707,BUY,1.25e-06,82755.18409843
4864242,2017-12-25T13:07:35.457,BUY,1.25e-06,3056.85483871
4864245,2017-12-25T13:07:38.503,BUY,1.25e-06,35202.82038
4864247,2017-12-25T13:07:39.16,SELL,1.24e-06,433136.14513262
4864248,2017-12-25T13:07:39.16,SELL,1.24e-06,5000.0
4864249,2017-12-25T13:07:39.177,SELL,1.24e-06,2000.0
4864250,2017-12-25T13:07:39.177,SELL,1.24e-06,3904.93899194
4864251,2017-12-25T13:07:39.177,SELL,1.24e-06,60094.05768145
4864252,2017-12-25T13:07:39.177,SELL,1.24e-06,8060.0
4864253,2017-12-25T13:07:39.177,SELL,1.24e-06,161290.32258065
4864254,2017-12-25T13:07:39.177,SELL,1.24e-06,34459.75566532
4864255,2017-12-25T13:07:39.177,SELL,1.24e-06,49929.91076613
4864256,2017-12-25T13:07:39.177,SELL,1.24e-06,86423.49693719
4864260,2017-12-25T13:07:40.13,BUY,1.25e-06,31999.39302
4864262,2017-12-25T13:07:40.6,BUY,1.25e-06,3716.32987772
4864271,2017-12-25T13:07:46.177,SELL,1.24e-06,1513.8345
4864279,2017-12-25T13:07:49.787,BUY,1.25e-06,23234.82336
4864280,2017-12-25T13:07:50.053,SELL,1.24e-06,29576.77602249
4864281,2017-12-25T13:07:50.053,SELL,1.24e-06,5781.88004032
4864282,2017-12-25T13:07:50.053,SELL,1.24e-06,464641.34393719
4864283,2017-12-25T13:07:50.083,SELL,1.24e-06,154945.48630137
4864284,2017-12-25T13:07:50.863,SELL,1.24e-06,989284.13750338
4864285,2017-12-25T13:07:50.863,SELL,1.24e-06,10000.0
4864286,2017-12-25T13:07:50.863,SELL,1.24e-06,1051981.26997984
4864287,2017-12-25T13:07:50.863,SELL,1.24e-06,50000.0
4864288,2017-12-25T13:07:50.863,SELL,1.24e-06,131118.60774194
4864289,2017-12-25T13:07:50.863,SELL,1.24e-06,10000.0
4864290,2017-12-25T13:07:50.863,SELL,1.24e-06,241330.65320565
4864291,2017-12-25T13:07:50.863,SELL,1.24e-06,74864.33782258
4864292,2017-12-25T13:07:50.863,SELL,1.24e-06,1000.0
4864293,2017-12-25T13:07:50.863,SELL,1.24e-06,479947.14913306
4864294,2017-12-25T13:07:50.863,SELL,1.24e-06,2000.0
4864295,2017-12-25T13:07:50.863,SELL,1.24e-06,25628.48594758
4864296,2017-12-25T13:07:50.863,SELL,1.24e-06,1109954.78745968
4864297,2017-12-25T13:07:50.863,SELL,1.24e-06,1899.2016129
4864298,2017-12-25T13:07:50.863,SELL,1.24e-06,10000.0
4864301,2017-12-25T13:07:52.083,BUY,1.24e-06,22707.51294
4864303,2017-12-25T13:07:52.757,BUY,1.24e-06,841443.98184
4864310,2017-12-25T13:07:54.57,BUY,1.24e-06,17351.61707661
4864312,2017-12-25T13:07:54.74,BUY,1.24e-06,400000.0
4864314,2017-12-25T13:07:55.1,BUY,1.24e-06,89246.69662228
4864319,2017-12-25T13:07:56.333,BUY,1.24e-06,16088.70967742
4864321,2017-12-25T13:07:56.88,BUY,1.24e-06,1698.56694
4864324,2017-12-25T13:07:58.583,SELL,1.23e-06,24367.69834459
4864326,2017-12-25T13:07:58.723,BUY,1.24e-06,5322.94155242
4864328,2017-12-25T13:07:58.82,BUY,1.24e-06,2000.90702
4864332,2017-12-25T13:07:59.88,BUY,1.24e-06,33917.41053471
4864333,2017-12-25T13:08:00.117,SELL,1.23e-06,1471.32695652
4864334,2017-12-25T13:08:00.52,SELL,1.23e-06,2700.0
4864341,2017-12-25T13:08:04.913,BUY,1.24e-06,5651.69720467
4864346,2017-12-25T13:08:08.943,SELL,1.23e-06,51000.0
4864362,2017-12-25T13:08:14.68,SELL,1.23e-06,103462.54655815
4864364,2017-12-25T13:08:15.18,SELL,1.23e-06,26811.74382353
4864367,2017-12-25T13:08:16.897,BUY,1.24e-06,5574.49431508
4864371,2017-12-25T13:08:17.837,SELL,1.23e-06,20000.0
4864373,2017-12-25T13:08:18.257,SELL,1.23e-06,3500.0
4864376,2017-12-25T13:08:19.71,BUY,1.24e-06,241332.15348725
4864382,2017-12-25T13:08:23.68,SELL,1.23e-06,50000.0
4864392,2017-12-25T13:08:27.023,BUY,1.24e-06,895.0
4864394,2017-12-25T13:08:27.447,BUY,1.24e-06,2230.69959677
4864400,2017-12-25T13:08:28.743,SELL,1.23e-06,10000.0
4864403,2017-12-25T13:08:30.913,BUY,1.24e-06,1608.87096774
4864404,2017-12-25T13:08:31.523,SELL,1.23e-06,10000.0
4864415,2017-12-25T13:08:34.243,BUY,1.24e-06,44900.82145161
4864417,2017-12-25T13:08:34.807,BUY,1.24e-06,2500.0
4864424,2017-12-25T13:08:36.883,SELL,1.23e-06,15693.82559492
4864426,2017-12-25T13:08:37.62,BUY,1.24e-06,7495.1265121
4864428,2017-12-25T13:08:37.727,BUY,1.24e-06,15040.53
4864431,2017-12-25T13:08:38.87,BUY,1.24e-06,2138661.05120957
4864432,2017-12-25T13:08:38.87,BUY,1.24e-06,129583.78957317
4864433,2017-12-25T13:08:38.87,BUY,1.24e-06,316845.19434357
4864434,2017-12-25T13:08:38.87,BUY,1.24e-06,21508.10966912
4864435,2017-12-25T13:08:38.87,BUY,1.24e-06,97077.48685198
4864436,2017-12-25T13:08:38.87,BUY,1.24e-06,2000.0
4864437,2017-12-25T13:08:38.87,BUY,1.24e-06,3000.0
4864438,2017-12-25T13:08:38.87,BUY,1.24e-06,3906.5033557
4864439,2017-12-25T13:08:38.87,BUY,1.24e-06,1500.0
4864440,2017-12-25T13:08:38.87,BUY,1.24e-06,47065.14084507
4864441,2017-12-25T13:08:38.87,BUY,1.24e-06,1000.0
4864442,2017-12-25T13:08:38.87,BUY,1.24e-06,918.67125
4864443,2017-12-25T13:08:38.87,BUY,1.24e-06,10000.0
4864444,2017-12-25T13:08:38.87,BUY,1.24e-06,15687.23643315
4864446,2017-12-25T13:08:39.383,BUY,1.24e-06,13000.0
4864449,2017-12-25T13:08:40.667,BUY,1.24e-06,11312.76356685
4864450,2017-12-25T13:08:40.667,BUY,1.24e-06,29236.01692095
4864452,2017-12-25T13:08:40.68,BUY,1.24e-06,11169.82802419
4864458,2017-12-25T13:08:42.477,BUY,1.24e-06,139721.9801973
4864460,2017-12-25T13:08:42.713,SELL,1.23e-06,214376.39004865
4864462,2017-12-25T13:08:43.963,BUY,1.24e-06,6863.83316386
4864469,2017-12-25T13:08:46.713,BUY,1.24e-06,759643.53471774
4864472,2017-12-25T13:08:46.917,BUY,1.24e-06,10000.0
4864474,2017-12-25T13:08:48.667,SELL,1.23e-06,1053.6971831
4864481,2017-12-25T13:08:50.743,BUY,1.24e-06,148823.97532258
4864486,2017-12-25T13:08:53.133,BUY,1.24e-06,237500.0
4864490,2017-12-25T13:08:53.587,SELL,1.23e-06,23932.85239655
4864494,2017-12-25T13:08:54.993,SELL,1.23e-06,5379.0
4864496,2017-12-25T13:08:55.15,BUY,1.24e-06,79639.11290323
4864499,2017-12-25T13:08:55.29,BUY,1.24e-06,758335.5708871
4864504,2017-12-25T13:08:58.12,BUY,1.24e-06,254560.49570565
4864505,2017-12-25T13:08:58.4,SELL,1.23e-06,1570.89760417
4864507,2017-12-25T13:08:58.73,BUY,1.24e-06,16899.70935484
4864509,2017-12-25T13:08:58.79,BUY,1.24e-06,31336.92375
4864512,2017-12-25T13:08:59.887,BUY,1.24e-06,16269.01905256
4864513,2017-12-25T13:08:59.9,BUY,1.24e-06,105100.80645161
4864514,2017-12-25T13:08:59.9,BUY,1.24e-06,1264.431
4864515,2017-12-25T13:08:59.9,BUY,1.24e-06,241330.65320565
4864516,2017-12-25T13:08:59.9,BUY,1.24e-06,14760.2278658
4864517,2017-12-25T13:08:59.9,BUY,1.24e-06,4000.0
4864527,2017-12-25T13:09:03.9,SELL,1.24e-06,17382.09040909
4864530,2017-12-25T13:09:04.433,SELL,1.24e-06,8130.08130081
4864534,2017-12-25T13:09:05.98,SELL,1.24e-06,15000.0
4864539,2017-12-25T13:09:07.683,SELL,1.24e-06,1175.11520737
4864542,2017-12-25T13:09:07.87,BUY,1.25e-06,108736.56873625
4864546,2017-12-25T13:09:09.603,BUY,1.25e-06,200632.63765497
4864548,2017-12-25T13:09:09.76,BUY,1.25e-06,800.0
4864554,2017-12-25T13:09:10.623,BUY,1.25e-06,40221.77419355
4864555,2017-12-25T13:09:10.683,SELL,1.24e-06,30607.14950704
4864556,2017-12-25T13:09:10.887,SELL,1.24e-06,7812.5
4864563,2017-12-25T13:09:16.51,BUY,1.25e-06,45772.01118
4864565,2017-12-25T13:09:17.137,SELL,1.24e-06,4354.74298371
4864572,2017-12-25T13:09:19.37,BUY,1.25e-06,2874.42792
4864574,2017-12-25T13:09:19.73,BUY,1.25e-06,59080.20083492
4864575,2017-12-25T13:09:20.417,SELL,1.24e-06,16443.88460177
4864576,2017-12-25T13:09:20.98,SELL,1.24e-06,1000.0
4864578,2017-12-25T13:09:22.153,SELL,1.24e-06,150000.0
4864581,2017-12-25T13:09:23.903,BUY,1.25e-06,1039.99999999
4864588,2017-12-25T13:09:27.73,SELL,1.24e-06,20000.0
4864592,2017-12-25T13:09:29.7,BUY,1.25e-06,10000.0
4864594,2017-12-25T13:09:29.967,BUY,1.25e-06,20000.0
4864599,2017-12-25T13:09:31.153,BUY,1.25e-06,839329.79432665
4864600,2017-12-25T13:09:31.153,BUY,1.25e-06,1760.05284
4864601,2017-12-25T13:09:31.153,BUY,1.25e-06,1000.0
4864602,2017-12-25T13:09:31.153,BUY,1.25e-06,20000.0
4864603,2017-12-25T13:09:31.153,BUY,1.25e-06,1712.78859756
4864604,2017-12-25T13:09:31.153,BUY,1.25e-06,186829.14587579
4864607,2017-12-25T13:09:31.573,BUY,1.25e-06,10000.41582661
4864608,2017-12-25T13:09:31.763,SELL,1.24e-06,41221.81991935
4864609,2017-12-25T13:09:31.763,SELL,1.24e-06,4040.23699597
4864610,2017-12-25T13:09:31.763,SELL,1.24e-06,20000.0
4864611,2017-12-25T13:09:31.763,SELL,1.24e-06,34737.94308468
4864615,2017-12-25T13:09:33.48,BUY,1.25e-06,3192.05586
4864617,2017-12-25T13:09:35.887,SELL,1.24e-06,4798.54375
4864619,2017-12-25T13:09:38.03,SELL,1.24e-06,2397.18636719
4864624,2017-12-25T13:09:41.09,SELL,1.24e-06,13489.6118067
4864626,2017-12-25T13:09:42.357,BUY,1.25e-06,39900.0
4864630,2017-12-25T13:09:45.013,BUY,1.25e-06,49865.22240007
4864635,2017-12-25T13:09:50.153,BUY,1.25e-06,26553.3303
4864637,2017-12-25T13:09:50.857,BUY,1.25e-06,75810.0
4864639,2017-12-25T13:09:51.513,BUY,1.25e-06,115747.05518989
4864641,2017-12-25T13:09:53,SELL,1.24e-06,5000.0
4864642,2017-12-25T13:09:53.047,SELL,1.24e-06,25000.0
4864644,2017-12-25T13:09:53.623,BUY,1.25e-06,2900.0
4864648,2017-12-25T13:09:54.827,SELL,1.24e-06,264497.02752337
4864652,2017-12-25T13:09:55.357,BUY,1.25e-06,938.38366954
4864660,2017-12-25T13:10:01.953,SELL,1.24e-06,32130.63875
4864663,2017-12-25T13:10:03.123,SELL,1.24e-06,6052.02461111
4864665,2017-12-25T13:10:03.28,BUY,1.25e-06,239388.0699
4864667,2017-12-25T13:10:03.547,BUY,1.25e-06,4000.0
4864675,2017-12-25T13:10:09.17,SELL,1.24e-06,3454.8956129
4864677,2017-12-25T13:10:09.373,BUY,1.25e-06,5000.0
4864678,2017-12-25T13:10:09.453,SELL,1.24e-06,43428.62508657
4864684,2017-12-25T13:10:12.453,BUY,1.25e-06,25276.50636
4864685,2017-12-25T13:10:14.063,SELL,1.24e-06,10874.24625
4864688,2017-12-25T13:10:15.937,BUY,1.25e-06,844681.11543111
4864689,2017-12-25T13:10:15.937,BUY,1.25e-06,205753.96423387
4864690,2017-12-25T13:10:15.937,BUY,1.25e-06,2633.77625
4864691,2017-12-25T13:10:15.937,BUY,1.25e-06,2866.9081
4864692,2017-12-25T13:10:15.937,BUY,1.25e-06,29344.23598502
4864696,2017-12-25T13:10:17.83,BUY,1.25e-06,25000.0
4864697,2017-12-25T13:10:17.92,SELL,1.24e-06,37429.01683962
4864704,2017-12-25T13:10:21.483,SELL,1.24e-06,30000.0
4864707,2017-12-25T13:10:23.923,SELL,1.24e-06,72762.09677419
4864710,2017-12-25T13:10:24.547,BUY,1.25e-06,9459.75566532
4864711,2017-12-25T13:10:24.547,BUY,1.25e-06,5000.0
4864712,2017-12-25T13:10:24.547,BUY,1.25e-06,2459.71963468
4864714,2017-12-25T13:10:25.127,BUY,1.25e-06,126289.87595356
4864715,2017-12-25T13:10:25.127,BUY,1.25e-06,35000.0
4864716,2017-12-25T13:10:25.127,BUY,1.25e-06,173894.16872642
4864717,2017-12-25T13:10:25.127,BUY,1.25e-06,110676.44152174
4864718,2017-12-25T13:10:25.127,BUY,1.25e-06,163935.60679054
4864719,2017-12-25T13:10:25.127,BUY,1.25e-06,1000.0
4864720,2017-12-25T13:10:25.127,BUY,1.25e-06,2000.0
4864721,2017-12-25T13:10:25.127,BUY,1.25e-06,3700.0
4864722,2017-12-25T13:10:25.127,BUY,1.25e-06,8060.0
4864723,2017-12-25T13:10:25.127,BUY,1.25e-06,4427.70894305
4864724,2017-12-25T13:10:25.127,BUY,1.25e-06,806.4516129
4864725,2017-12-25T13:10:25.14,BUY,1.25e-06,148765.46619532
4864726,2017-12-25T13:10:25.14,BUY,1.25e-06,19444.28025647
4864727,2017-12-25T13:10:25.267,SELL,1.24e-06,40000.0
4864728,2017-12-25T13:10:25.813,SELL,1.24e-06,3427.82902754
4864729,2017-12-25T13:10:25.813,SELL,1.24e-06,6572.17097246
4864732,2017-12-25T13:10:26.063,BUY,1.25e-06,13951.04298
4864734,2017-12-25T13:10:27.737,SELL,1.24e-06,46991.6436755
4864736,2017-12-25T13:10:27.987,BUY,1.25e-06,1604.67676353
4864737,2017-12-25T13:10:27.987,BUY,1.25e-06,3395.32323647
4864739,2017-12-25T13:10:28.89,BUY,1.25e-06,15739.7959943
4864740,2017-12-25T13:10:28.89,BUY,1.25e-06,2600.0
4864741,2017-12-25T13:10:28.89,BUY,1.25e-06,9712.62126666
4864742,2017-12-25T13:10:28.89,BUY,1.26e-06,42514.75054108
4864743,2017-12-25T13:10:28.89,BUY,1.26e-06,45179.88738785
4864745,2017-12-25T13:10:29.173,SELL,1.25e-06,23940.0
4864747,2017-12-25T13:10:29.64,BUY,1.25e-06,3990.0
4864749,2017-12-25T13:10:30.297,BUY,1.25e-06,52070.0
4864750,2017-12-25T13:10:30.297,BUY,1.25e-06,6234.375
4864752,2017-12-25T13:10:31,SELL,1.25e-06,10215.99874
4864753,2017-12-25T13:10:31.017,SELL,1.24e-06,52865.08051333
4864754,2017-12-25T13:10:31.017,SELL,1.24e-06,1918.91974667
4864755,2017-12-25T13:10:32.033,SELL,1.24e-06,8081.08025333
4864756,2017-12-25T13:10:32.033,SELL,1.24e-06,3627.87532258
4864757,2017-12-25T13:10:32.033,SELL,1.24e-06,24329.26829268
4864758,2017-12-25T13:10:32.033,SELL,1.24e-06,31632.99800812
4864761,2017-12-25T13:10:34.127,BUY,1.25e-06,1000.0
4864770,2017-12-25T13:10:38.063,SELL,1.24e-06,5210.00235478
4864771,2017-12-25T13:10:38.063,SELL,1.24e-06,54106.16729669
4864772,2017-12-25T13:10:38.597,SELL,1.24e-06,15893.83270331
4864773,2017-12-25T13:10:38.597,SELL,1.24e-06,1695.04195927
4864776,2017-12-25T13:10:39.267,BUY,1.25e-06,8109.59780773
4864779,2017-12-25T13:10:39.703,BUY,1.25e-06,8000.0
4864781,2017-12-25T13:10:39.877,BUY,1.25e-06,14913.257
4864787,2017-12-25T13:10:44.377,SELL,1.24e-06,46772.8740894
4864789,2017-12-25T13:10:46.173,SELL,1.24e-06,800.0
4864791,2017-12-25T13:10:46.44,SELL,1.24e-06,5594.40559441
4864796,2017-12-25T13:10:49.707,BUY,1.25e-06,5000.0
4864800,2017-12-25T13:10:50.783,BUY,1.25e-06,48144.35346
4864806,2017-12-25T13:10:56.503,BUY,1.25e-06,871.704
4864807,2017-12-25T13:10:57.237,SELL,1.24e-06,1382.09670455
4864813,2017-12-25T13:10:59.847,BUY,1.25e-06,3192.00798
4864816,2017-12-25T13:11:02.737,BUY,1.25e-06,6070.46596897
4864819,2017-12-25T13:11:04.973,BUY,1.25e-06,3192.0
4864820,2017-12-25T13:11:06.003,SELL,1.24e-06,2000.0
4864822,2017-12-25T13:11:08.033,SELL,1.24e-06,41755.58165237
4864823,2017-12-25T13:11:08.033,SELL,1.24e-06,7396.43621528
4864827,2017-12-25T13:11:09.05,BUY,1.25e-06,5927.75244171
4864830,2017-12-25T13:11:11.27,SELL,1.24e-06,34078.04513553
4864831,2017-12-25T13:11:11.27,SELL,1.24e-06,165080.62283322
4864832,2017-12-25T13:11:11.707,SELL,1.24e-06,20000.0
4864835,2017-12-25T13:11:12.347,BUY,1.25e-06,15034.10128029
4864842,2017-12-25T13:11:16.083,BUY,1.25e-06,11606.41794338
4864844,2017-12-25T13:11:17.067,BUY,1.25e-06,924.39186041
4864853,2017-12-25T13:11:18.957,BUY,1.25e-06,5015.00100299
4864854,2017-12-25T13:11:19.63,SELL,1.24e-06,3959.84286728
4864859,2017-12-25T13:11:22.207,BUY,1.25e-06,20000.0
4864871,2017-12-25T13:11:28.91,BUY,1.25e-06,11347.26084
4864875,2017-12-25T13:11:29.583,BUY,1.25e-06,1528.42741935
4864876,2017-12-25T13:11:29.693,SELL,1.24e-06,7980.0
4864879,2017-12-25T13:11:31.16,BUY,1.25e-06,2558088.0
4864881,2017-12-25T13:11:34.867,SELL,1.24e-06,56636.1405
4864883,2017-12-25T13:11:35.397,BUY,1.25e-06,37612.03085262
4864884,2017-12-25T13:11:35.973,SELL,1.24e-06,2000.0
4864886,2017-12-25T13:11:36.867,BUY,1.25e-06,387363.49592064
4864887,2017-12-25T13:11:36.867,BUY,1.25e-06,59983.21085366
4864888,2017-12-25T13:11:36.867,BUY,1.25e-06,797.62702388
4864889,2017-12-25T13:11:36.867,BUY,1.25e-06,5000.0
4864890,2017-12-25T13:11:36.867,BUY,1.25e-06,10000.0
4864891,2017-12-25T13:11:36.867,BUY,1.25e-06,548001.933
4864892,2017-12-25T13:11:36.867,BUY,1.25e-06,4000.0
4864893,2017-12-25T13:11:36.867,BUY,1.25e-06,20101.15532
4864894,2017-12-25T13:11:36.867,BUY,1.25e-06,100618.08675532
4864895,2017-12-25T13:11:36.867,BUY,1.25e-06,13183.32241179
4864896,2017-12-25T13:11:36.867,BUY,1.25e-06,313083.88081306
4864897,2017-12-25T13:11:36.867,BUY,1.25e-06,50000.0
4864898,2017-12-25T13:11:36.867,BUY,1.25e-06,5000.0
4864899,2017-12-25T13:11:36.867,BUY,1.25e-06,1000.0
4864902,2017-12-25T13:11:38.21,BUY,1.26e-06,182216.0
4864904,2017-12-25T13:11:38.693,SELL,1.25e-06,40548.7804878
4864906,2017-12-25T13:11:40.27,SELL,1.25e-06,21811.74053573
4864908,2017-12-25T13:11:40.473,SELL,1.25e-06,802000.0
4864910,2017-12-25T13:11:40.85,BUY,1.26e-06,12977.0
4864912,2017-12-25T13:11:41.397,SELL,1.25e-06,18000.0
4864915,2017-12-25T13:11:42.677,BUY,1.26e-06,924.0
4864917,2017-12-25T13:11:43.367,SELL,1.25e-06,430345.77227812
4864918,2017-12-25T13:11:43.367,SELL,1.25e-06,31920.0
4864919,2017-12-25T13:11:43.367,SELL,1.25e-06,1730.27946
4864920,2017-12-25T13:11:43.367,SELL,1.24e-06,147569.20025111
4864921,2017-12-25T13:11:43.367,SELL,1.24e-06,454748.15205668
4864931,2017-12-25T13:11:51.46,SELL,1.25e-06,8605.49730215
4864933,2017-12-25T13:11:52.443,SELL,1.25e-06,3000.0
4864938,2017-12-25T13:11:57.227,BUY,1.26e-06,2005.75475021
4864940,2017-12-25T13:11:58.587,SELL,1.25e-06,384.64421785
4864941,2017-12-25T13:11:58.587,SELL,1.25e-06,1596.0
4864942,2017-12-25T13:11:58.587,SELL,1.25e-06,23019.35578215
4864945,2017-12-25T13:11:59.023,SELL,1.25e-06,3783.5851476
4864947,2017-12-25T13:12:01.773,SELL,1.25e-06,173425.46001209
4864950,2017-12-25T13:12:03.21,BUY,1.26e-06,10992.634935
4864956,2017-12-25T13:12:06.07,SELL,1.25e-06,67136.30802083
4864958,2017-12-25T13:12:06.227,BUY,1.26e-06,2594.51346694
4864959,2017-12-25T13:12:06.227,BUY,1.26e-06,17689.68592657
4864960,2017-12-25T13:12:06.227,BUY,1.26e-06,11184.17060649
4864962,2017-12-25T13:12:06.257,BUY,1.26e-06,30369.21208333
4864963,2017-12-25T13:12:06.477,SELL,1.25e-06,885633.37951733
4864964,2017-12-25T13:12:06.477,SELL,1.25e-06,114366.62048267
4864969,2017-12-25T13:12:07.1,BUY,1.26e-06,11779.950524
4864970,2017-12-25T13:12:07.273,SELL,1.25e-06,383567.12616219
4864971,2017-12-25T13:12:07.46,SELL,1.25e-06,2653.0
4864972,2017-12-25T13:12:08.523,SELL,1.25e-06,20000.0
4864973,2017-12-25T13:12:09.697,SELL,1.25e-06,145855.51033465
4864974,2017-12-25T13:12:09.82,SELL,1.25e-06,4250.0
4864978,2017-12-25T13:12:10.367,BUY,1.26e-06,62927.11122618
4864979,2017-12-25T13:12:10.367,BUY,1.26e-06,10763.97816667
4864980,2017-12-25T13:12:10.367,BUY,1.26e-06,15468.95462175
4864981,2017-12-25T13:12:10.367,BUY,1.26e-06,37110.97931873
4864983,2017-12-25T13:12:10.85,BUY,1.26e-06,15297.34963813
4864989,2017-12-25T13:12:13.493,BUY,1.26e-06,977.87104314
4864990,2017-12-25T13:12:13.493,BUY,1.26e-06,40086.18770686
4865001,2017-12-25T13:12:19.87,SELL,1.25e-06,25605.33656897
4865003,2017-12-25T13:12:19.87,BUY,1.26e-06,25396.82539683
4865005,2017-12-25T13:12:21.557,SELL,1.25e-06,8911.22169675
4865007,2017-12-25T13:12:21.57,BUY,1.26e-06,14285.71428571
4865008,2017-12-25T13:12:21.603,SELL,1.25e-06,294791.18475477
4865009,2017-12-25T13:12:21.603,SELL,1.25e-06,10000.0
4865010,2017-12-25T13:12:21.603,SELL,1.25e-06,60869.0859
4865011,2017-12-25T13:12:21.603,SELL,1.25e-06,1000000.0
4865012,2017-12-25T13:12:21.603,SELL,1.25e-06,85794.58398
4865013,2017-12-25T13:12:21.603,SELL,1.25e-06,191641.6152
4865014,2017-12-25T13:12:21.603,SELL,1.25e-06,1292.2381
4865015,2017-12-25T13:12:21.603,SELL,1.25e-06,97186.89582
4865016,2017-12-25T13:12:21.603,SELL,1.25e-06,37215.59184
4865017,2017-12-25T13:12:21.603,SELL,1.25e-06,5000.0
4865018,2017-12-25T13:12:21.603,SELL,1.24e-06,970413.80440523
4865020,2017-12-25T13:12:21.96,SELL,1.24e-06,28215.94461971
4865022,2017-12-25T13:12:22.227,BUY,1.25e-06,11390.38125
4865024,2017-12-25T13:12:22.51,BUY,1.25e-06,389.79051
4865025,2017-12-25T13:12:22.51,BUY,1.26e-06,21610.20949
4865026,2017-12-25T13:12:24.337,SELL,1.24e-06,155493.06666032
4865027,2017-12-25T13:12:24.337,SELL,1.24e-06,27287.6655678
4865029,2017-12-25T13:12:24.837,BUY,1.25e-06,3968.25396825
4865033,2017-12-25T13:12:27.04,BUY,1.25e-06,5373.79375
4865035,2017-12-25T13:12:27.54,BUY,1.25e-06,3968.25396825
4865041,2017-12-25T13:12:33.167,SELL,1.24e-06,186829.73160962
4865042,2017-12-25T13:12:33.167,SELL,1.24e-06,13170.26839038
4865044,2017-12-25T13:12:33.73,BUY,1.25e-06,4548.6
4865047,2017-12-25T13:12:34.087,BUY,1.25e-06,8816.62199013
4865050,2017-12-25T13:12:34.837,BUY,1.25e-06,3713.192
4865052,2017-12-25T13:12:34.883,BUY,1.25e-06,644510.35614877
4865053,2017-12-25T13:12:34.883,BUY,1.25e-06,134416.42170213
4865054,2017-12-25T13:12:34.883,BUY,1.25e-06,797.62702388
4865055,2017-12-25T13:12:34.883,BUY,1.25e-06,19044.73944522
4865064,2017-12-25T13:12:35.993,BUY,1.25e-06,3482.75541667
4865069,2017-12-25T13:12:40.26,BUY,1.25e-06,23927.71878
4865073,2017-12-25T13:12:43.933,BUY,1.25e-06,880.0
4865077,2017-12-25T13:12:45.59,BUY,1.25e-06,219562.65166053
4865078,2017-12-25T13:12:45.59,BUY,1.25e-06,51099.31240208
4865079,2017-12-25T13:12:45.59,BUY,1.25e-06,7176.25899281
4865080,2017-12-25T13:12:47.37,SELL,1.25e-06,200424.53782443
4865083,2017-12-25T13:12:49.62,SELL,1.25e-06,513745.19564015
4865094,2017-12-25T13:12:53.37,SELL,1.25e-06,7980.0
4865095,2017-12-25T13:12:53.37,SELL,1.25e-06,2500.0
4865096,2017-12-25T13:12:53.37,SELL,1.25e-06,5404.496
4865103,2017-12-25T13:12:55.823,BUY,1.25e-06,11970.0
4865104,2017-12-25T13:12:56.12,SELL,1.24e-06,2913.34116607
4865105,2017-12-25T13:12:56.12,SELL,1.24e-06,2086.65883393
4865109,2017-12-25T13:12:57.98,BUY,1.25e-06,197104.68894318
4865110,2017-12-25T13:12:57.98,BUY,1.25e-06,2581.0
4865111,2017-12-25T13:12:57.98,BUY,1.25e-06,6003.7390395
4865112,2017-12-25T13:12:57.98,BUY,1.25e-06,354094.85356
4865113,2017-12-25T13:12:57.98,BUY,1.25e-06,31336.92375
4865114,2017-12-25T13:12:58.527,SELL,1.25e-06,15040.53
4865120,2017-12-25T13:12:59.95,BUY,1.26e-06,11657.94083333
4865123,2017-12-25T13:13:02.573,SELL,1.25e-06,229698.76103659
4865125,2017-12-25T13:13:03.073,BUY,1.26e-06,23750.17416667
4865134,2017-12-25T13:13:10.12,BUY,1.26e-06,7936.5079365
4865136,2017-12-25T13:13:10.81,SELL,1.25e-06,3183.5106383
4865138,2017-12-25T13:13:12.653,SELL,1.25e-06,293792.14867243
4865139,2017-12-25T13:13:12.67,SELL,1.25e-06,5677.90566
4865140,2017-12-25T13:13:12.67,SELL,1.25e-06,3619.368
4865141,2017-12-25T13:13:12.67,SELL,1.25e-06,6124.05948
4865142,2017-12-25T13:13:12.67,SELL,1.25e-06,27255.07554
4865145,2017-12-25T13:13:13.34,BUY,1.25e-06,5586.0
4865148,2017-12-25T13:13:16.42,BUY,1.25e-06,14952.29676925
4865151,2017-12-25T13:13:16.623,BUY,1.25e-06,46877.6368075
4865156,2017-12-25T13:13:19.137,BUY,1.25e-06,1000.0
4865158,2017-12-25T13:13:20.013,BUY,1.25e-06,4000.0592
4865163,2017-12-25T13:13:23.373,BUY,1.25e-06,1000.0
4865167,2017-12-25T13:13:28.357,BUY,1.25e-06,4511.3334
4865169,2017-12-25T13:13:28.513,BUY,1.25e-06,49202.24112488
4865172,2017-12-25T13:13:30.903,BUY,1.25e-06,16934.19042
4865182,2017-12-25T13:13:35.937,BUY,1.25e-06,1153.4691
4865184,2017-12-25T13:13:36.187,BUY,1.25e-06,11261.84682
4865188,2017-12-25T13:13:37.547,BUY,1.25e-06,412378.93284
4865194,2017-12-25T13:13:40.403,BUY,1.25e-06,1600.0
4865197,2017-12-25T13:13:43.187,BUY,1.25e-06,42260.18076
4865199,2017-12-25T13:13:43.577,BUY,1.25e-06,536322.73515414
4865200,2017-12-25T13:13:43.577,BUY,1.25e-06,22274.38406586
4865207,2017-12-25T13:13:46.31,BUY,1.25e-06,5656.86669708
4865209,2017-12-25T13:13:47.75,BUY,1.25e-06,1000.0
4865212,2017-12-25T13:13:48.06,BUY,1.25e-06,15043.15410708
4865216,2017-12-25T13:13:49.22,BUY,1.25e-06,71820.0
4865218,2017-12-25T13:13:49.28,BUY,1.25e-06,16698.81234
4865220,2017-12-25T13:13:51.28,BUY,1.25e-06,30000.0
4865222,2017-12-25T13:13:51.517,BUY,1.25e-06,27855.65034
4865224,2017-12-25T13:13:52.123,BUY,1.25e-06,869.87349893
4865225,2017-12-25T13:13:52.123,BUY,1.25e-06,6603.76984127
4865226,2017-12-25T13:13:52.123,BUY,1.25e-06,15000.0
4865227,2017-12-25T13:13:52.123,BUY,1.25e-06,20000.0
4865228,2017-12-25T13:13:52.123,BUY,1.25e-06,5000.0
4865229,2017-12-25T13:13:52.61,SELL,1.25e-06,243521.04593661
4865232,2017-12-25T13:13:52.907,BUY,1.26e-06,847.02235959
4865237,2017-12-25T13:13:55.407,BUY,1.26e-06,1615.64719246
4865240,2017-12-25T13:13:57.64,BUY,1.26e-06,78904.62289205
4865241,2017-12-25T13:13:57.64,BUY,1.26e-06,200000.0
4865242,2017-12-25T13:13:57.64,BUY,1.26e-06,10000.0
4865243,2017-12-25T13:13:57.64,BUY,1.26e-06,202743.90243902
4865244,2017-12-25T13:13:57.64,BUY,1.26e-06,202743.90243902
4865245,2017-12-25T13:13:57.64,BUY,1.26e-06,66826.23791667
4865246,2017-12-25T13:13:57.64,BUY,1.26e-06,3000.0
4865247,2017-12-25T13:13:57.64,BUY,1.26e-06,4371.97307733
4865248,2017-12-25T13:13:57.64,BUY,1.26e-06,1000000.0
4865249,2017-12-25T13:13:57.64,BUY,1.26e-06,10000.0
4865250,2017-12-25T13:13:57.64,BUY,1.26e-06,1598.18439873
4865251,2017-12-25T13:13:57.64,BUY,1.26e-06,1164.36845
4865252,2017-12-25T13:13:57.64,BUY,1.26e-06,736704.80838718
4865254,2017-12-25T13:13:57.657,BUY,1.26e-06,4178.78677436
4865256,2017-12-25T13:13:58.5,SELL,1.25e-06,2348.08019231
4865259,2017-12-25T13:13:58.797,BUY,1.26e-06,7917.15022425
4865262,2017-12-25T13:13:59.97,BUY,1.26e-06,10099.28437652
4865264,2017-12-25T13:14:00.72,BUY,1.26e-06,1508.49852142
4865267,2017-12-25T13:14:01.187,BUY,1.26e-06,179319.0
4865269,2017-12-25T13:14:01.937,BUY,1.26e-06,22780.72291667
4865272,2017-12-25T13:14:02.267,SELL,1.25e-06,3662.50627016
4865278,2017-12-25T13:14:02.97,BUY,1.26e-06,97621.63583333
4865280,2017-12-25T13:14:03.047,BUY,1.26e-06,12770.0
4865283,2017-12-25T13:14:03.89,BUY,1.26e-06,4677.71389648
4865284,2017-12-25T13:14:04.39,SELL,1.25e-06,1883.30933753
4865285,2017-12-25T13:14:04.39,SELL,1.25e-06,5619.4761
4865286,2017-12-25T13:14:04.407,SELL,1.25e-06,8459.29964117
4865289,2017-12-25T13:14:04.983,BUY,1.26e-06,909.0
4865294,2017-12-25T13:14:05.89,BUY,1.26e-06,1000.0
4865305,2017-12-25T13:14:13.843,BUY,1.26e-06,8755.65916667
4865307,2017-12-25T13:14:15.017,SELL,1.25e-06,41096.95521883
4865308,2017-12-25T13:14:15.017,SELL,1.25e-06,50002.0
4865309,2017-12-25T13:14:15.017,SELL,1.25e-06,1600.0
4865310,2017-12-25T13:14:15.017,SELL,1.25e-06,78535.99997225
4865311,2017-12-25T13:14:15.75,SELL,1.25e-06,7067.44704775
4865312,2017-12-25T13:14:15.75,SELL,1.25e-06,1000.0
4865313,2017-12-25T13:14:15.75,SELL,1.25e-06,8821.72242
4865314,2017-12-25T13:14:15.75,SELL,1.25e-06,48993.6888
4865315,2017-12-25T13:14:15.75,SELL,1.25e-06,1000.0
4865316,2017-12-25T13:14:15.75,SELL,1.25e-06,61685.99052
4865317,2017-12-25T13:14:15.75,SELL,1.25e-06,37192.56954
4865318,2017-12-25T13:14:15.75,SELL,1.25e-06,18249.09492
4865328,2017-12-25T13:14:20.33,SELL,1.25e-06,11315.0814
4865329,2017-12-25T13:14:20.33,SELL,1.25e-06,45795.64688279
4865330,2017-12-25T13:14:20.33,SELL,1.25e-06,3081.51845707
4865331,2017-12-25T13:14:21.3,SELL,1.25e-06,76718.48154293
4865332,2017-12-25T13:14:21.3,SELL,1.24e-06,12913.34116607
4865333,2017-12-25T13:14:21.3,SELL,1.24e-06,28387.49536179
4865338,2017-12-25T13:14:23.94,SELL,1.25e-06,797.62702388
4865340,2017-12-25T13:14:24.313,SELL,1.25e-06,14032.71214279
4865341,2017-12-25T13:14:24.313,SELL,1.25e-06,3315.93453781
4865346,2017-12-25T13:14:28.767,SELL,1.25e-06,3379.93235016
4865348,2017-12-25T13:14:28.8,BUY,1.26e-06,21712.5273628
4865349,2017-12-25T13:14:28.8,BUY,1.26e-06,7177.94486931
4865350,2017-12-25T13:14:31.127,SELL,1.25e-06,33525.90730558
4865351,2017-12-25T13:14:31.127,SELL,1.25e-06,34212.5343
4865352,2017-12-25T13:14:31.127,SELL,1.25e-06,11559.12576
4865353,2017-12-25T13:14:31.127,SELL,1.24e-06,37211.96683279
4865356,2017-12-25T13:14:32.033,BUY,1.26e-06,793.08367614
4865357,2017-12-25T13:14:32.033,BUY,1.26e-06,1000.0
4865358,2017-12-25T13:14:32.033,BUY,1.26e-06,3000.0
4865359,2017-12-25T13:14:32.033,BUY,1.26e-06,40.27346672
4865362,2017-12-25T13:14:33.11,BUY,1.26e-06,10000.0
4865369,2017-12-25T13:14:36.457,BUY,1.25e-06,1000.0
4865370,2017-12-25T13:14:36.457,BUY,1.25e-06,797.62702388
4865373,2017-12-25T13:14:37.627,SELL,1.25e-06,8498.05725612
4865374,2017-12-25T13:14:37.627,SELL,1.24e-06,14844.08619252
4865375,2017-12-25T13:14:37.627,SELL,1.24e-06,80443.5483871
4865376,2017-12-25T13:14:37.627,SELL,1.24e-06,130231.70153226
4865377,2017-12-25T13:14:37.627,SELL,1.24e-06,33702.05788306
4865378,2017-12-25T13:14:37.627,SELL,1.24e-06,80443.5483871
4865379,2017-12-25T13:14:37.627,SELL,1.24e-06,60375.95600806
4865380,2017-12-25T13:14:37.627,SELL,1.24e-06,12611.01441532
4865381,2017-12-25T13:14:37.627,SELL,1.24e-06,10000.0
4865382,2017-12-25T13:14:37.627,SELL,1.24e-06,44351.17481855
4865383,2017-12-25T13:14:37.627,SELL,1.24e-06,80443.14616935
4865384,2017-12-25T13:14:37.627,SELL,1.24e-06,34564.41272177
4865385,2017-12-25T13:14:37.627,SELL,1.24e-06,8130.0
4865386,2017-12-25T13:14:37.627,SELL,1.24e-06,20000.0
4865387,2017-12-25T13:14:37.627,SELL,1.24e-06,60827.59826613
4865388,2017-12-25T13:14:37.627,SELL,1.24e-06,176612.89342742
4865389,2017-12-25T13:14:37.627,SELL,1.24e-06,10000.0
4865390,2017-12-25T13:14:37.627,SELL,1.24e-06,60165.37893145
4865391,2017-12-25T13:14:37.627,SELL,1.24e-06,40221.77419355
4865392,2017-12-25T13:14:37.627,SELL,1.24e-06,3688.45735887
4865393,2017-12-25T13:14:37.627,SELL,1.24e-06,145793.785087
4865394,2017-12-25T13:14:37.627,SELL,1.24e-06,176363.55864919
4865395,2017-12-25T13:14:37.627,SELL,1.24e-06,1000000.0
4865396,2017-12-25T13:14:37.627,SELL,1.24e-06,4244.58064516
4865397,2017-12-25T13:14:37.627,SELL,1.24e-06,49747.71417339
4865398,2017-12-25T13:14:37.627,SELL,1.24e-06,1223.90836694
4865399,2017-12-25T13:14:37.627,SELL,1.24e-06,8081.02100806
4865400,2017-12-25T13:14:37.627,SELL,1.24e-06,9948.56451613
4865401,2017-12-25T13:14:37.627,SELL,1.24e-06,77225.33987903
4865402,2017-12-25T13:14:37.627,SELL,1.24e-06,1941.73832661
4865403,2017-12-25T13:14:37.627,SELL,1.24e-06,57548.98469758
4865404,2017-12-25T13:14:37.627,SELL,1.24e-06,3000.0
4865405,2017-12-25T13:14:37.627,SELL,1.24e-06,4525.8420353
4865406,2017-12-25T13:14:37.627,SELL,1.24e-06,998.03092742
4865407,2017-12-25T13:14:37.643,SELL,1.24e-06,1800.0
4865408,2017-12-25T13:14:37.643,SELL,1.24e-06,51294.40109404
4865409,2017-12-25T13:14:37.643,SELL,1.24e-06,26420.67792339
4865410,2017-12-25T13:14:37.643,SELL,1.24e-06,6127.94818548
4865411,2017-12-25T13:14:37.643,SELL,1.24e-06,114615.09853665
4865413,2017-12-25T13:14:38.33,BUY,1.25e-06,806.02575688
4865417,2017-12-25T13:14:42.207,SELL,1.25e-06,1678.72280312
4865419,2017-12-25T13:14:44.173,SELL,1.24e-06,37214.85108029
4865420,2017-12-25T13:14:44.173,SELL,1.24e-06,81208.92307378
4865421,2017-12-25T13:14:44.173,SELL,1.24e-06,10233.48925403
4865422,2017-12-25T13:14:44.173,SELL,1.24e-06,21342.7365919
4865426,2017-12-25T13:14:45.423,BUY,1.25e-06,1385.48155615
4865431,2017-12-25T13:14:49.16,BUY,1.25e-06,6935.79564073
4865432,2017-12-25T13:14:49.16,BUY,1.25e-06,634630.70158541
4865433,2017-12-25T13:14:49.16,BUY,1.25e-06,351605.70139386
4865437,2017-12-25T13:14:51.223,BUY,1.25e-06,2489.15216614
4865438,2017-12-25T13:14:51.223,BUY,1.25e-06,8020.0
4865439,2017-12-25T13:14:52.317,SELL,1.25e-06,2657.5311875
4865442,2017-12-25T13:14:53.003,SELL,1.25e-06,7776.50302448
4865447,2017-12-25T13:14:54.643,BUY,1.26e-06,5000.0
4865455,2017-12-25T13:14:59.27,BUY,1.26e-06,2942.60409395
4865460,2017-12-25T13:15:01.427,SELL,1.25e-06,20602.88014188
4865461,2017-12-25T13:15:01.427,SELL,1.25e-06,68459.61985812
4865464,2017-12-25T13:15:02.567,SELL,1.25e-06,77225.33987903
4865467,2017-12-25T13:15:03.19,BUY,1.26e-06,17.12243933
4865468,2017-12-25T13:15:03.19,BUY,1.26e-06,1042.60913782
4865469,2017-12-25T13:15:03.19,BUY,1.26e-06,80443.5483871
4865470,2017-12-25T13:15:03.19,BUY,1.26e-06,18496.72003575
4865475,2017-12-25T13:15:06.647,BUY,1.26e-06,9402.65887572
4865476,2017-12-25T13:15:07.85,SELL,1.25e-06,115456.70551029
4865477,2017-12-25T13:15:08.27,SELL,1.25e-06,26399.06349609
4865485,2017-12-25T13:15:16.817,SELL,1.25e-06,10484.83092391
4865488,2017-12-25T13:15:17.507,BUY,1.26e-06,1426.12936507
4865491,2017-12-25T13:15:18.41,SELL,1.25e-06,59126.11600544
4865492,2017-12-25T13:15:19.083,SELL,1.25e-06,39767.25538387
4865496,2017-12-25T13:15:20.397,SELL,1.25e-06,78298.12275877
4865497,2017-12-25T13:15:21.41,SELL,1.25e-06,521829.77852677
4865498,2017-12-25T13:15:21.41,SELL,1.25e-06,39900.004788
4865499,2017-12-25T13:15:21.41,SELL,1.25e-06,56445.2931
4865500,2017-12-25T13:15:21.41,SELL,1.25e-06,1798.51158323
4865503,2017-12-25T13:15:21.803,SELL,1.25e-06,4330.81469677
4865505,2017-12-25T13:15:22.02,BUY,1.25e-06,25669.18530323
4865512,2017-12-25T13:15:25.177,BUY,1.25e-06,197426.09458333
4865514,2017-12-25T13:15:28.803,BUY,1.25e-06,47880.0
4865517,2017-12-25T13:15:29.287,BUY,1.25e-06,19095.62928
4865520,2017-12-25T13:15:30.803,BUY,1.25e-06,13930.0077
4865522,2017-12-25T13:15:31.6,BUY,1.25e-06,1504.501003
4865523,2017-12-25T13:15:33.473,SELL,1.24e-06,112592.03124126
4865525,2017-12-25T13:15:34.413,BUY,1.25e-06,53864.7606
4865532,2017-12-25T13:15:38.287,BUY,1.25e-06,516299.00683367
4865533,2017-12-25T13:15:38.287,BUY,1.25e-06,200000.0
4865534,2017-12-25T13:15:38.287,BUY,1.25e-06,176363.55864919
4865535,2017-12-25T13:15:38.287,BUY,1.25e-06,2674.62348039
4865536,2017-12-25T13:15:38.287,BUY,1.25e-06,179054.96085401
4865537,2017-12-25T13:15:38.287,BUY,1.25e-06,8130.0
4865538,2017-12-25T13:15:38.287,BUY,1.26e-06,610609.81978346
4865539,2017-12-25T13:15:38.287,BUY,1.26e-06,9581.05691057
4865540,2017-12-25T13:15:38.287,BUY,1.26e-06,57661.72211066
4865541,2017-12-25T13:15:38.287,BUY,1.26e-06,5000.0
4865542,2017-12-25T13:15:38.287,BUY,1.26e-06,200000.0
4865543,2017-12-25T13:15:38.287,BUY,1.26e-06,462329.6540625
4865544,2017-12-25T13:15:38.287,BUY,1.26e-06,13608.84574219
4865545,2017-12-25T13:15:38.287,BUY,1.26e-06,2833.8203125
4865546,2017-12-25T13:15:38.287,BUY,1.26e-06,20000.0
4865547,2017-12-25T13:15:38.287,BUY,1.26e-06,19910.93126086
4865551,2017-12-25T13:15:40.117,BUY,1.25e-06,2680.19090003
4865553,2017-12-25T13:15:40.57,BUY,1.25e-06,17319.80909997
4865554,2017-12-25T13:15:40.57,BUY,1.26e-06,150526.19090003
4865561,2017-12-25T13:15:45.79,BUY,1.25e-06,10927.0
4865565,2017-12-25T13:15:47.977,BUY,1.25e-06,2680.19090003
4865566,2017-12-25T13:15:48.21,SELL,1.24e-06,268282.97410232
4865567,2017-12-25T13:15:48.21,SELL,1.24e-06,10561.1197379
4865568,2017-12-25T13:15:48.21,SELL,1.24e-06,1608.87096774
4865569,2017-12-25T13:15:48.21,SELL,1.24e-06,19547.03519204
4865573,2017-12-25T13:15:52.413,BUY,1.25e-06,1882.67352
4865575,2017-12-25T13:15:53.43,BUY,1.25e-06,1187.5
4865576,2017-12-25T13:15:53.49,SELL,1.24e-06,2919.48033215
4865577,2017-12-25T13:15:53.49,SELL,1.24e-06,3000.0
4865578,2017-12-25T13:15:53.49,SELL,1.24e-06,199.01027974
4865582,2017-12-25T13:15:54.32,BUY,1.25e-06,601500.16957606
4865587,2017-12-25T13:15:58.15,BUY,1.25e-06,2420.15003136
4865593,2017-12-25T13:16:01.367,BUY,1.25e-06,36262.97354056
4865595,2017-12-25T13:16:01.743,SELL,1.24e-06,1000.0
4865603,2017-12-25T13:16:04.117,BUY,1.25e-06,110910.30882194
4865604,2017-12-25T13:16:04.117,BUY,1.25e-06,7223.21717806
4865606,2017-12-25T13:16:04.57,BUY,1.25e-06,2776.78282194
4865607,2017-12-25T13:16:04.57,BUY,1.25e-06,797.62702388
4865608,2017-12-25T13:16:04.57,BUY,1.25e-06,29207.88501418
4865610,2017-12-25T13:16:05.633,BUY,1.25e-06,14913.696
4865612,2017-12-25T13:16:05.9,BUY,1.25e-06,30878.41898582
4865613,2017-12-25T13:16:05.9,BUY,1.25e-06,6127.94818548
4865614,2017-12-25T13:16:05.9,BUY,1.25e-06,8750.0
4865615,2017-12-25T13:16:05.9,BUY,1.25e-06,34564.41272177
4865616,2017-12-25T13:16:05.9,BUY,1.25e-06,159733.0
4865617,2017-12-25T13:16:05.9,BUY,1.25e-06,50368.41377907
4865618,2017-12-25T13:16:05.9,BUY,1.25e-06,63509.58420732
4865625,2017-12-25T13:16:08.71,BUY,1.26e-06,4833.35714286
4865628,2017-12-25T13:16:09.587,SELL,1.25e-06,797.62702388
4865629,2017-12-25T13:16:09.977,SELL,1.25e-06,803.6496063
4865630,2017-12-25T13:16:11.29,SELL,1.25e-06,5898.72336982
4865631,2017-12-25T13:16:11.29,SELL,1.24e-06,2344.27963694
4865633,2017-12-25T13:16:11.493,BUY,1.26e-06,8923.62320798
4865637,2017-12-25T13:16:13.51,BUY,1.25e-06,10000.0
4865640,2017-12-25T13:16:16.383,BUY,1.25e-06,3213.59388
4865642,2017-12-25T13:16:16.807,BUY,1.25e-06,3956.37969143
4865643,2017-12-25T13:16:16.807,BUY,1.25e-06,797.62702388
4865646,2017-12-25T13:16:17.057,SELL,1.24e-06,1456.71008332
4865647,2017-12-25T13:16:17.057,SELL,1.24e-06,20000.0
4865648,2017-12-25T13:16:17.057,SELL,1.24e-06,28543.28991668
4865651,2017-12-25T13:16:17.667,BUY,1.26e-06,79166.66666667
4865657,2017-12-25T13:16:21.667,SELL,1.24e-06,31456.71008332
4865658,2017-12-25T13:16:21.667,SELL,1.24e-06,18270.15368952
4865659,2017-12-25T13:16:21.667,SELL,1.24e-06,4874.64574597
4865660,2017-12-25T13:16:21.667,SELL,1.24e-06,81456.81532258
4865661,2017-12-25T13:16:21.667,SELL,1.24e-06,80443.5483871
4865662,2017-12-25T13:16:21.667,SELL,1.24e-06,10897.71163306
4865663,2017-12-25T13:16:21.667,SELL,1.24e-06,4826.61290323
4865664,2017-12-25T13:16:21.667,SELL,1.24e-06,1000000.0
4865665,2017-12-25T13:16:21.667,SELL,1.24e-06,230396.29953629
4865666,2017-12-25T13:16:21.667,SELL,1.24e-06,904.80524194
4865667,2017-12-25T13:16:21.667,SELL,1.24e-06,316519.40377016
4865668,2017-12-25T13:16:21.667,SELL,1.24e-06,192417.38800403
4865669,2017-12-25T13:16:21.667,SELL,1.24e-06,6000.0
4865670,2017-12-25T13:16:21.667,SELL,1.24e-06,1137.49314
4865671,2017-12-25T13:16:21.667,SELL,1.24e-06,12893.33909274
4865672,2017-12-25T13:16:21.667,SELL,1.24e-06,5000.0
4865673,2017-12-25T13:16:21.667,SELL,1.24e-06,200000.0
4865674,2017-12-25T13:16:21.667,SELL,1.24e-06,146576.06080645
4865675,2017-12-25T13:16:21.667,SELL,1.24e-06,77459.865
4865676,2017-12-25T13:16:21.667,SELL,1.24e-06,160887.09677419
4865677,2017-12-25T13:16:21.667,SELL,1.24e-06,2167.0
4865678,2017-12-25T13:16:21.667,SELL,1.24e-06,1011.07082661
4865679,2017-12-25T13:16:21.667,SELL,1.24e-06,77234.98004281
4865680,2017-12-25T13:16:22.447,SELL,1.24e-06,2146.55094231
4865682,2017-12-25T13:16:23.103,BUY,1.25e-06,5586.0
4865684,2017-12-25T13:16:23.93,BUY,1.25e-06,2346.6387
4865686,2017-12-25T13:16:25.29,BUY,1.25e-06,2067.3613
4865687,2017-12-25T13:16:25.29,BUY,1.25e-06,797.62702388
4865691,2017-12-25T13:16:25.98,BUY,1.26e-06,170000.0
4865693,2017-12-25T13:16:26.213,BUY,1.25e-06,8000.0
4865695,2017-12-25T13:16:27.197,BUY,1.25e-06,5175.95568
4865699,2017-12-25T13:16:28.417,SELL,1.24e-06,20000.0
4865700,2017-12-25T13:16:29.197,SELL,1.24e-06,618.46901488
4865701,2017-12-25T13:16:29.197,SELL,1.24e-06,289.02848512
4865705,2017-12-25T13:16:29.963,BUY,1.25e-06,23347.82552
4865708,2017-12-25T13:16:30.633,BUY,1.25e-06,3167.491925
4865709,2017-12-25T13:16:30.633,BUY,1.25e-06,4874.64574597
4865710,2017-12-25T13:16:30.633,BUY,1.25e-06,20000.0
4865711,2017-12-25T13:16:30.633,BUY,1.25e-06,800.0
4865712,2017-12-25T13:16:30.697,SELL,1.25e-06,20000.0
4865713,2017-12-25T13:16:30.98,SELL,1.25e-06,57611.06232903
4865715,2017-12-25T13:16:31.167,BUY,1.25e-06,60000.0
4865718,2017-12-25T13:16:33.9,BUY,1.25e-06,1000.0
4865720,2017-12-25T13:16:34.29,BUY,1.25e-06,99258.29832897
4865722,2017-12-25T13:16:34.993,BUY,1.25e-06,34392.02844
4865725,2017-12-25T13:16:35.48,BUY,1.25e-06,1151.58582
4865726,2017-12-25T13:16:35.807,SELL,1.24e-06,1000.0
4865729,2017-12-25T13:16:39.183,BUY,1.25e-06,63106.42885216
4865730,2017-12-25T13:16:39.183,BUY,1.25e-06,98004.68225895
4865735,2017-12-25T13:16:40.417,SELL,1.24e-06,4342.01990198
4865736,2017-12-25T13:16:40.417,SELL,1.24e-06,179598.09719758
4865737,2017-12-25T13:16:40.417,SELL,1.24e-06,92465.57927419
4865738,2017-12-25T13:16:40.417,SELL,1.24e-06,2413.30645161
4865739,2017-12-25T13:16:40.417,SELL,1.24e-06,116782.37103464
4865743,2017-12-25T13:16:42.15,SELL,1.24e-06,859.37112841
4865747,2017-12-25T13:16:42.277,BUY,1.25e-06,119700.0
4865748,2017-12-25T13:16:42.37,SELL,1.24e-06,12130.07706522
4865749,2017-12-25T13:16:42.95,SELL,1.24e-06,908.775
4865751,2017-12-25T13:16:43.48,BUY,1.25e-06,12691.61727734
4865752,2017-12-25T13:16:43.48,BUY,1.25e-06,178656.65974459
4865753,2017-12-25T13:16:43.48,BUY,1.25e-06,77459.865
4865763,2017-12-25T13:16:49.98,BUY,1.25e-06,35980.99482006
4865764,2017-12-25T13:16:51.073,SELL,1.24e-06,46218.54147738
4865765,2017-12-25T13:16:51.073,SELL,1.24e-06,15332.59663306
4865766,2017-12-25T13:16:51.073,SELL,1.24e-06,8100.0
4865767,2017-12-25T13:16:51.073,SELL,1.24e-06,8044.35483871
4865768,2017-12-25T13:16:51.073,SELL,1.24e-06,2949.66834117
4865770,2017-12-25T13:16:51.37,BUY,1.25e-06,2394.0
4865772,2017-12-25T13:16:51.59,BUY,1.25e-06,4000.0
4865773,2017-12-25T13:16:51.65,SELL,1.24e-06,5000.0
4865784,2017-12-25T13:17:00.357,BUY,1.25e-06,25058.46882
4865789,2017-12-25T13:17:02.153,BUY,1.25e-06,1825.20954
4865791,2017-12-25T13:17:03.12,BUY,1.25e-06,46741.32481994
4865792,2017-12-25T13:17:03.12,BUY,1.25e-06,21385.50594444
4865793,2017-12-25T13:17:03.12,BUY,1.25e-06,2578.54428571
4865794,2017-12-25T13:17:03.12,BUY,1.25e-06,4767.74382792
4865796,2017-12-25T13:17:03.277,BUY,1.25e-06,7997.28468
4865799,2017-12-25T13:17:04.183,BUY,1.25e-06,18482.02012658
4865801,2017-12-25T13:17:05.31,BUY,1.25e-06,20430.53964
4865810,2017-12-25T13:17:12.513,BUY,1.25e-06,223837.95627774
4865811,2017-12-25T13:17:12.513,BUY,1.25e-06,8100.0
4865812,2017-12-25T13:17:12.513,BUY,1.25e-06,72221.50820652
4865813,2017-12-25T13:17:12.513,BUY,1.25e-06,1488.80597015
4865814,2017-12-25T13:17:12.513,BUY,1.25e-06,10000.0
4865815,2017-12-25T13:17:12.513,BUY,1.25e-06,2000.0
4865816,2017-12-25T13:17:12.513,BUY,1.25e-06,60682.4885625
4865817,2017-12-25T13:17:12.513,BUY,1.25e-06,1011.07082661
4865818,2017-12-25T13:17:12.513,BUY,1.25e-06,117631.71225
4865823,2017-12-25T13:17:16.997,SELL,1.25e-06,6000.48584
4865828,2017-12-25T13:17:19.7,SELL,1.25e-06,5496.35219799
4865831,2017-12-25T13:17:22.42,SELL,1.25e-06,180000.0
4865833,2017-12-25T13:17:22.827,BUY,1.26e-06,77765.29
4865835,2017-12-25T13:17:22.873,BUY,1.26e-06,72727.27272727
4865838,2017-12-25T13:17:25.077,SELL,1.25e-06,6002.33881993
4865842,2017-12-25T13:17:25.733,SELL,1.25e-06,105527.28104855
4865843,2017-12-25T13:17:25.733,SELL,1.25e-06,14906.537
4865844,2017-12-25T13:17:25.733,SELL,1.25e-06,7940.0202
4865845,2017-12-25T13:17:25.733,SELL,1.25e-06,3000.0
4865846,2017-12-25T13:17:25.733,SELL,1.25e-06,47880.30324
4865847,2017-12-25T13:17:25.733,SELL,1.25e-06,222330.51626125
4865850,2017-12-25T13:17:27.09,SELL,1.25e-06,38542.83
4865856,2017-12-25T13:17:32.047,SELL,1.25e-06,715536.06435875
4865857,2017-12-25T13:17:32.047,SELL,1.25e-06,37689.1011
4865859,2017-12-25T13:17:33.373,BUY,1.25e-06,97942.00023479
4865861,2017-12-25T13:17:34.03,BUY,1.25e-06,3990.0
4865862,2017-12-25T13:17:34.217,SELL,1.24e-06,4902.12098435
4865864,2017-12-25T13:17:35.373,BUY,1.25e-06,12397.51397958
4865868,2017-12-25T13:17:37.67,BUY,1.25e-06,62344.71773105
4865870,2017-12-25T13:17:38.78,BUY,1.25e-06,32177.41935484
4865872,2017-12-25T13:17:38.797,BUY,1.25e-06,4000.0
4865875,2017-12-25T13:17:41.03,BUY,1.25e-06,7916.66666667
4865877,2017-12-25T13:17:41.03,BUY,1.25e-06,588070.06484355
4865878,2017-12-25T13:17:41.03,BUY,1.25e-06,50000.0
4865879,2017-12-25T13:17:41.03,BUY,1.25e-06,15373.719375
4865880,2017-12-25T13:17:41.03,BUY,1.25e-06,4282.44742
4865881,2017-12-25T13:17:41.03,BUY,1.25e-06,66033.49458333
4865882,2017-12-25T13:17:41.03,BUY,1.26e-06,344053.64483851
4865883,2017-12-25T13:17:41.03,BUY,1.26e-06,100773.3465121
4865884,2017-12-25T13:17:41.047,BUY,1.26e-06,1271942.28242751
4865886,2017-12-25T13:17:41.233,BUY,1.26e-06,20000.0
4865888,2017-12-25T13:17:43.11,SELL,1.25e-06,5000.0
4865889,2017-12-25T13:17:43.11,SELL,1.24e-06,20437.02683677
4865891,2017-12-25T13:17:44.06,BUY,1.26e-06,161188.0
4865896,2017-12-25T13:17:45.56,BUY,1.26e-06,11479.0
4865899,2017-12-25T13:17:47.263,SELL,1.25e-06,57000.0
4865901,2017-12-25T13:17:47.373,BUY,1.26e-06,817.0
4865904,2017-12-25T13:17:49.687,BUY,1.26e-06,9476.33708333
4865905,2017-12-25T13:17:49.97,SELL,1.25e-06,45048.0
4865907,2017-12-25T13:17:50.297,BUY,1.26e-06,874.99600394
4865913,2017-12-25T13:17:52.17,SELL,1.25e-06,6112.19636364
4865915,2017-12-25T13:17:56.123,SELL,1.25e-06,190000.96161266
4865926,2017-12-25T13:18:04.733,SELL,1.25e-06,30156.9177037
4865927,2017-12-25T13:18:04.733,SELL,1.25e-06,1923.0822963
4865929,2017-12-25T13:18:05.75,BUY,1.26e-06,1904.76190476
4865931,2017-12-25T13:18:06.687,BUY,1.26e-06,144268.84209266
4865932,2017-12-25T13:18:06.687,BUY,1.26e-06,145398.96249718
4865933,2017-12-25T13:18:07.11,SELL,1.25e-06,14413.88668255
4865935,2017-12-25T13:18:07.157,BUY,1.26e-06,2808.8175
4865939,2017-12-25T13:18:08.843,BUY,1.26e-06,79800.0
4865942,2017-12-25T13:18:11.47,BUY,1.26e-06,5772.67170416
4865948,2017-12-25T13:18:17.127,BUY,1.26e-06,4270.21235108
4865949,2017-12-25T13:18:17.127,BUY,1.26e-06,10905.42806559
4865952,2017-12-25T13:18:20.36,SELL,1.25e-06,27975.55606115
4865953,2017-12-25T13:18:20.36,SELL,1.25e-06,16836.77058
4865954,2017-12-25T13:18:20.36,SELL,1.25e-06,308842.67022
4865955,2017-12-25T13:18:20.36,SELL,1.25e-06,10000.0
4865956,2017-12-25T13:18:20.36,SELL,1.25e-06,718200.0
4865957,2017-12-25T13:18:20.36,SELL,1.25e-06,74436.144
4865958,2017-12-25T13:18:20.36,SELL,1.25e-06,71820.0
4865959,2017-12-25T13:18:20.36,SELL,1.25e-06,941.63202
4865960,2017-12-25T13:18:20.36,SELL,1.25e-06,4116.6426
4865961,2017-12-25T13:18:20.36,SELL,1.24e-06,44604.26952319
4865962,2017-12-25T13:18:20.36,SELL,1.24e-06,1612.0
4865963,2017-12-25T13:18:20.36,SELL,1.24e-06,1440.53471219
4865964,2017-12-25T13:18:20.36,SELL,1.24e-06,1000000.0
4865965,2017-12-25T13:18:20.36,SELL,1.24e-06,6146.57086694
4865966,2017-12-25T13:18:20.36,SELL,1.24e-06,5000.0
4865967,2017-12-25T13:18:20.36,SELL,1.24e-06,134001.007467
4865968,2017-12-25T13:18:20.36,SELL,1.24e-06,128937.50159274
4865969,2017-12-25T13:18:20.36,SELL,1.24e-06,4889.44735887
4865970,2017-12-25T13:18:20.36,SELL,1.24e-06,20000.0
4865971,2017-12-25T13:18:20.36,SELL,1.24e-06,20000.0
4865972,2017-12-25T13:18:20.36,SELL,1.24e-06,806.44354846
4865973,2017-12-25T13:18:20.36,SELL,1.24e-06,13405.80944946
4865976,2017-12-25T13:18:21.377,BUY,1.26e-06,20511.89476906
4865977,2017-12-25T13:18:21.39,BUY,1.26e-06,62653.39794
4865978,2017-12-25T13:18:21.39,BUY,1.26e-06,1223.90836694
4865979,2017-12-25T13:18:21.39,BUY,1.26e-06,35417.20175
4865980,2017-12-25T13:18:21.39,BUY,1.26e-06,10000.0
4865981,2017-12-25T13:18:21.39,BUY,1.26e-06,7301.01783871
4865982,2017-12-25T13:18:21.39,BUY,1.26e-06,60827.59826613
4865983,2017-12-25T13:18:21.39,BUY,1.26e-06,3260.0
4865984,2017-12-25T13:18:21.39,BUY,1.26e-06,214117.39717742
4865985,2017-12-25T13:18:21.39,BUY,1.26e-06,3000.0
4865986,2017-12-25T13:18:21.39,BUY,1.26e-06,3619.368
4865987,2017-12-25T13:18:21.39,BUY,1.26e-06,80443.5483871
4865988,2017-12-25T13:18:21.39,BUY,1.26e-06,81208.92307378
4865989,2017-12-25T13:18:21.39,BUY,1.26e-06,26834.91014901
4865990,2017-12-25T13:18:21.39,BUY,1.26e-06,34392.02844
4865991,2017-12-25T13:18:21.39,BUY,1.26e-06,18270.15368952
4865992,2017-12-25T13:18:21.39,BUY,1.26e-06,16297.29798566
4865995,2017-12-25T13:18:24.83,BUY,1.25e-06,797.62702388
4865996,2017-12-25T13:18:24.83,BUY,1.26e-06,1702.70201434
4866002,2017-12-25T13:18:26.55,SELL,1.26e-06,39682.53968253
4866003,2017-12-25T13:18:27.783,SELL,1.24e-06,1100.0
4866005,2017-12-25T13:18:27.813,BUY,1.26e-06,3749.11325209
4866006,2017-12-25T13:18:28.11,SELL,1.24e-06,1124.4828919
4866010,2017-12-25T13:18:28.673,SELL,1.24e-06,3216.92976744
4866012,2017-12-25T13:18:30.3,BUY,1.25e-06,10030.001003
4866014,2017-12-25T13:18:31.19,BUY,1.25e-06,1000.0
4866016,2017-12-25T13:18:31.41,BUY,1.25e-06,69413.5473841
4866017,2017-12-25T13:18:31.41,BUY,1.26e-06,85505.84865812
4866018,2017-12-25T13:18:31.41,BUY,1.26e-06,8000.0
4866019,2017-12-25T13:18:31.41,BUY,1.26e-06,4953.28447115
4866020,2017-12-25T13:18:31.41,BUY,1.27e-06,574511.62317596
4866021,2017-12-25T13:18:31.41,BUY,1.27e-06,852.17168792
4866022,2017-12-25T13:18:31.41,BUY,1.27e-06,11598.5
4866023,2017-12-25T13:18:31.41,BUY,1.27e-06,1000.0
4866024,2017-12-25T13:18:31.41,BUY,1.27e-06,105000.75225664
4866025,2017-12-25T13:18:31.41,BUY,1.27e-06,5904.86583383
4866026,2017-12-25T13:18:31.41,BUY,1.27e-06,201108.87096774
4866027,2017-12-25T13:18:31.41,BUY,1.27e-06,66833.36276144
4866028,2017-12-25T13:18:31.41,BUY,1.27e-06,106117.36085106
4866029,2017-12-25T13:18:31.41,BUY,1.27e-06,32670.0
4866030,2017-12-25T13:18:31.41,BUY,1.27e-06,34194.29077148
4866031,2017-12-25T13:18:31.41,BUY,1.27e-06,8169.0
4866032,2017-12-25T13:18:31.41,BUY,1.27e-06,397416.66666667
4866033,2017-12-25T13:18:31.41,BUY,1.27e-06,5000.0
4866034,2017-12-25T13:18:31.41,BUY,1.27e-06,4894.95401804
4866035,2017-12-25T13:18:31.423,BUY,1.27e-06,10662.11290323
4866036,2017-12-25T13:18:31.423,BUY,1.27e-06,68812.40961538
4866037,2017-12-25T13:18:31.423,BUY,1.27e-06,4655.0
4866038,2017-12-25T13:18:31.423,BUY,1.27e-06,1426.12936507
4866039,2017-12-25T13:18:31.423,BUY,1.27e-06,5000.0
4866040,2017-12-25T13:18:31.423,BUY,1.28e-06,590487.24861217
4866042,2017-12-25T13:18:31.673,SELL,1.26e-06,2359.12644917
4866045,2017-12-25T13:18:32.72,SELL,1.26e-06,4889.44735887
4866048,2017-12-25T13:18:33.16,BUY,1.28e-06,131276.0
4866051,2017-12-25T13:18:34.237,SELL,1.27e-06,81456.81532258
4866060,2017-12-25T13:18:36.22,SELL,1.27e-06,10000.0
4866068,2017-12-25T13:18:37.41,BUY,1.28e-06,9208.0
4866070,2017-12-25T13:18:38.27,SELL,1.27e-06,41910.50028261
4866076,2017-12-25T13:18:39.33,BUY,1.28e-06,7687.40519786
4866078,2017-12-25T13:18:39.753,SELL,1.27e-06,2680.19090003
4866082,2017-12-25T13:18:40.19,BUY,1.28e-06,1870.31249999
4866083,2017-12-25T13:18:40.33,SELL,1.27e-06,489420.01367072
4866087,2017-12-25T13:18:41.817,BUY,1.27e-06,228779.98632928
4866088,2017-12-25T13:18:41.817,BUY,1.27e-06,3625.52796206
4866093,2017-12-25T13:18:44.817,SELL,1.26e-06,668.25910863
4866094,2017-12-25T13:18:44.817,SELL,1.26e-06,793.65079365
4866095,2017-12-25T13:18:44.817,SELL,1.26e-06,1000.0
4866096,2017-12-25T13:18:44.817,SELL,1.25e-06,2538.09009772
4866100,2017-12-25T13:18:46.877,BUY,1.27e-06,7874.01574803
4866103,2017-12-25T13:18:47.253,BUY,1.27e-06,735831.20994141
4866109,2017-12-25T13:18:49.533,BUY,1.27e-06,12562.34444338
4866128,2017-12-25T13:18:54.27,SELL,1.25e-06,1520.17915485
4866134,2017-12-25T13:18:56.033,BUY,1.27e-06,959.06299213
4866145,2017-12-25T13:18:59.283,SELL,1.26e-06,15000.0
4866149,2017-12-25T13:19:01.037,SELL,1.26e-06,20000.0
4866154,2017-12-25T13:19:02.753,BUY,1.27e-06,52476.45643701
4866157,2017-12-25T13:19:04.083,SELL,1.26e-06,1000.0
4866159,2017-12-25T13:19:04.253,BUY,1.27e-06,1000.0
4866162,2017-12-25T13:19:07.05,SELL,1.26e-06,2079.99999999
4866164,2017-12-25T13:19:07.253,BUY,1.27e-06,118123.52887528
4866167,2017-12-25T13:19:07.38,BUY,1.27e-06,5600.0
4866171,2017-12-25T13:19:09.677,SELL,1.26e-06,5000.32102823
4866173,2017-12-25T13:19:09.74,BUY,1.27e-06,78543.30708661
4866183,2017-12-25T13:19:12.91,BUY,1.27e-06,833.55919147
4866185,2017-12-25T13:19:13.193,BUY,1.27e-06,573840.82859246
4866186,2017-12-25T13:19:13.193,BUY,1.27e-06,3165.27550953
4866187,2017-12-25T13:19:13.193,BUY,1.27e-06,800.0
4866188,2017-12-25T13:19:13.193,BUY,1.27e-06,163859.79505817
4866189,2017-12-25T13:19:13.567,SELL,1.26e-06,20000.0
4866194,2017-12-25T13:19:16.99,BUY,1.27e-06,1986.34452756
4866199,2017-12-25T13:19:18.833,SELL,1.26e-06,30801.703264
4866200,2017-12-25T13:19:19.693,SELL,1.26e-06,49239.12
4866203,2017-12-25T13:19:20.083,BUY,1.27e-06,2138.97773622
4866206,2017-12-25T13:19:21.583,BUY,1.27e-06,99481.20909449
4866208,2017-12-25T13:19:22.257,SELL,1.26e-06,20000.0
4866210,2017-12-25T13:19:22.333,BUY,1.27e-06,82980.60336614
4866213,2017-12-25T13:19:23.223,SELL,1.26e-06,1690677.9661017
4866221,2017-12-25T13:19:25.613,BUY,1.27e-06,1000.0
4866224,2017-12-25T13:19:26.803,BUY,1.27e-06,8014.58261811
4866226,2017-12-25T13:19:27.037,BUY,1.27e-06,52859.47765931
4866227,2017-12-25T13:19:27.037,BUY,1.27e-06,800.0
4866228,2017-12-25T13:19:27.037,BUY,1.27e-06,77893.08568548
4866229,2017-12-25T13:19:27.037,BUY,1.27e-06,1612.0
4866230,2017-12-25T13:19:27.037,BUY,1.27e-06,200000.0
4866231,2017-12-25T13:19:27.037,BUY,1.27e-06,937.13161417
4866232,2017-12-25T13:19:27.037,BUY,1.27e-06,10000.0
4866233,2017-12-25T13:19:27.037,BUY,1.27e-06,4336.95652174
4866234,2017-12-25T13:19:27.037,BUY,1.27e-06,40000.0
4866235,2017-12-25T13:19:27.037,BUY,1.27e-06,219692.1637156
4866236,2017-12-25T13:19:27.037,BUY,1.28e-06,2259531.01842458
4866237,2017-12-25T13:19:27.037,BUY,1.28e-06,6879.31034483
4866238,2017-12-25T13:19:27.037,BUY,1.28e-06,832.49496
4866239,2017-12-25T13:19:27.037,BUY,1.28e-06,47509.60032
4866240,2017-12-25T13:19:27.037,BUY,1.28e-06,20000.0
4866241,2017-12-25T13:19:27.037,BUY,1.28e-06,1582.24706693
4866242,2017-12-25T13:19:27.037,BUY,1.28e-06,56806.10687021
4866243,2017-12-25T13:19:27.037,BUY,1.28e-06,21352.58957661
4866244,2017-12-25T13:19:27.037,BUY,1.28e-06,51487.69320513
4866245,2017-12-25T13:19:27.037,BUY,1.28e-06,31527.84240507
4866246,2017-12-25T13:19:27.037,BUY,1.28e-06,1600.0
4866247,2017-12-25T13:19:27.037,BUY,1.28e-06,1337.01708
4866248,2017-12-25T13:19:27.037,BUY,1.28e-06,5000.0
4866249,2017-12-25T13:19:27.037,BUY,1.28e-06,14000.0
4866253,2017-12-25T13:19:28.74,SELL,1.28e-06,26370.27044118
4866261,2017-12-25T13:19:30.46,SELL,1.28e-06,20000.0
4866265,2017-12-25T13:19:30.803,SELL,1.28e-06,999.999
4866267,2017-12-25T13:19:31.13,SELL,1.28e-06,798000.0
4866270,2017-12-25T13:19:31.49,BUY,1.29e-06,33803.23360465
4866272,2017-12-25T13:19:31.897,BUY,1.29e-06,2221.44615835
4866280,2017-12-25T13:19:33.71,SELL,1.28e-06,20000.0
4866281,2017-12-25T13:19:34.037,SELL,1.28e-06,7936.5079365
4866284,2017-12-25T13:19:34.443,SELL,1.28e-06,8000.0
4866285,2017-12-25T13:19:34.74,SELL,1.28e-06,7936.5079365
4866286,2017-12-25T13:19:34.82,SELL,1.28e-06,4719.32619143
4866298,2017-12-25T13:19:36.443,SELL,1.28e-06,1554.6875
4866306,2017-12-25T13:19:38.1,BUY,1.29e-06,69790.64630475
4866307,2017-12-25T13:19:38.1,BUY,1.29e-06,10331.10078978
4866308,2017-12-25T13:19:38.1,BUY,1.29e-06,3000.0
4866309,2017-12-25T13:19:38.1,BUY,1.29e-06,11228.0
4866310,2017-12-25T13:19:38.1,BUY,1.29e-06,3478.94490234
4866311,2017-12-25T13:19:38.1,BUY,1.29e-06,804796.41798387
4866312,2017-12-25T13:19:38.1,BUY,1.29e-06,48742.75370251
4866313,2017-12-25T13:19:38.1,BUY,1.29e-06,5932.06866
4866314,2017-12-25T13:19:38.1,BUY,1.29e-06,613176.69492419
4866315,2017-12-25T13:19:38.24,SELL,1.28e-06,22234.0
4866319,2017-12-25T13:19:39.397,SELL,1.28e-06,13073.2152974
4866323,2017-12-25T13:19:40.74,BUY,1.29e-06,1154.53434083
4866325,2017-12-25T13:19:41.287,SELL,1.28e-06,793.65079365
4866327,2017-12-25T13:19:41.523,BUY,1.29e-06,28000.0
4866330,2017-12-25T13:19:41.647,BUY,1.29e-06,149335.43740165
4866331,2017-12-25T13:19:41.647,BUY,1.29e-06,11878.14326087
4866332,2017-12-25T13:19:41.647,BUY,1.29e-06,10445.66666667
4866333,2017-12-25T13:19:41.647,BUY,1.29e-06,8505.88
4866334,2017-12-25T13:19:41.647,BUY,1.29e-06,56445.2931
4866339,2017-12-25T13:19:42.053,SELL,1.29e-06,47285.73744186
4866340,2017-12-25T13:19:42.053,SELL,1.28e-06,24135.35176546
4866344,2017-12-25T13:19:42.93,SELL,1.28e-06,39682.53968253
4866352,2017-12-25T13:19:45.193,SELL,1.29e-06,4870.01769912
4866359,2017-12-25T13:19:46.93,SELL,1.29e-06,1528.42741935
4866363,2017-12-25T13:19:47.88,SELL,1.29e-06,5749.00162572
4866364,2017-12-25T13:19:47.88,SELL,1.29e-06,14250.99837428
4866378,2017-12-25T13:19:49.693,SELL,1.29e-06,1478.54046293
4866379,2017-12-25T13:19:49.693,SELL,1.29e-06,1696.06271167
4866385,2017-12-25T13:19:50.553,BUY,1.3e-06,79166.66666667
4866386,2017-12-25T13:19:50.553,BUY,1.3e-06,1574.0
4866387,2017-12-25T13:19:50.553,BUY,1.3e-06,151360.68117187
4866388,2017-12-25T13:19:50.553,BUY,1.3e-06,1277.76558
4866389,2017-12-25T13:19:50.553,BUY,1.3e-06,4000.0
4866390,2017-12-25T13:19:50.553,BUY,1.3e-06,9134.17072183
4866391,2017-12-25T13:19:50.553,BUY,1.3e-06,1396.98593143
4866392,2017-12-25T13:19:50.553,BUY,1.3e-06,204025.28244743
4866397,2017-12-25T13:19:51.54,SELL,1.29e-06,4741.83765066
4866399,2017-12-25T13:19:51.663,BUY,1.3e-06,55266.39897238
4866400,2017-12-25T13:19:51.663,BUY,1.3e-06,55532.2521103
4866402,2017-12-25T13:19:52.07,SELL,1.29e-06,18562.09963767
4866403,2017-12-25T13:19:52.07,SELL,1.29e-06,54686.99412791
4866404,2017-12-25T13:19:52.07,SELL,1.29e-06,40633.47953488
4866406,2017-12-25T13:19:52.74,SELL,1.28e-06,4149.0
4866411,2017-12-25T13:19:54.193,BUY,1.29e-06,944.19379845
4866414,2017-12-25T13:19:54.99,BUY,1.29e-06,27816.96023077
4866416,2017-12-25T13:19:55.053,BUY,1.29e-06,150450.00100299
4866419,2017-12-25T13:19:55.443,BUY,1.29e-06,157010.60598837
4866420,2017-12-25T13:19:56.227,SELL,1.28e-06,171783.0595216
4866421,2017-12-25T13:19:56.85,SELL,1.28e-06,1830.67873251
4866423,2017-12-25T13:19:57.227,BUY,1.29e-06,23963.01982558
4866428,2017-12-25T13:19:59.227,SELL,1.28e-06,1172.9277459
4866433,2017-12-25T13:20:00.82,SELL,1.28e-06,1904.76190476
4866437,2017-12-25T13:20:01.54,BUY,1.29e-06,88437.4994186
4866439,2017-12-25T13:20:01.993,SELL,1.28e-06,4006.90962
4866442,2017-12-25T13:20:03.117,BUY,1.29e-06,477754.4344186
4866443,2017-12-25T13:20:03.413,SELL,1.28e-06,6746.03174603
4866444,2017-12-25T13:20:04.257,SELL,1.28e-06,2343.75
4866447,2017-12-25T13:20:04.65,SELL,1.28e-06,6349.2063492
4866449,2017-12-25T13:20:04.65,BUY,1.29e-06,929.91014448
4866450,2017-12-25T13:20:04.867,SELL,1.28e-06,24603.17460317
4866451,2017-12-25T13:20:04.883,SELL,1.28e-06,1600.0
4866482,2017-12-25T13:20:09.743,BUY,1.29e-06,91646.9575117
4866483,2017-12-25T13:20:09.743,BUY,1.29e-06,20000.0
4866484,2017-12-25T13:20:09.743,BUY,1.29e-06,7874.01574803
4866485,2017-12-25T13:20:09.743,BUY,1.29e-06,25332.46900685
4866486,2017-12-25T13:20:09.743,BUY,1.29e-06,16191.65398148
4866487,2017-12-25T13:20:09.76,SELL,1.29e-06,793.65079365
4866489,2017-12-25T13:20:10.367,SELL,1.29e-06,7874.01574803
4866490,2017-12-25T13:20:10.557,SELL,1.29e-06,1039.99999999
4866493,2017-12-25T13:20:11.697,SELL,1.29e-06,3000.0
4866494,2017-12-25T13:20:12.493,SELL,1.29e-06,7936.5079365
4866496,2017-12-25T13:20:12.65,SELL,1.29e-06,2936.5079365
4866504,2017-12-25T13:20:14.477,SELL,1.29e-06,11409.62751923
4866507,2017-12-25T13:20:15.413,SELL,1.29e-06,14827.86326378
4866508,2017-12-25T13:20:15.43,SELL,1.28e-06,1000.0
4866509,2017-12-25T13:20:15.43,SELL,1.28e-06,4099.49900391
4866510,2017-12-25T13:20:15.43,SELL,1.28e-06,4982.55925781
4866511,2017-12-25T13:20:15.43,SELL,1.28e-06,3215.71173828
4866512,2017-12-25T13:20:15.663,SELL,1.28e-06,4687.5
4866514,2017-12-25T13:20:16.353,SELL,1.28e-06,20881.14754098
4866516,2017-12-25T13:20:16.993,SELL,1.28e-06,2222.22222222
4866520,2017-12-25T13:20:18.07,BUY,1.3e-06,260640.82481278
4866521,2017-12-25T13:20:18.07,BUY,1.3e-06,1573.07346
4866522,2017-12-25T13:20:18.07,BUY,1.3e-06,4022.17741935
4866523,2017-12-25T13:20:18.07,BUY,1.3e-06,4590.49740906
4866524,2017-12-25T13:20:18.07,BUY,1.3e-06,1390.21974
4866525,2017-12-25T13:20:18.07,BUY,1.3e-06,50568.96272699
4866532,2017-12-25T13:20:20.353,BUY,1.3e-06,10960.72182692
4866540,2017-12-25T13:20:21.243,SELL,1.29e-06,1365.28186046
4866544,2017-12-25T13:20:21.947,BUY,1.3e-06,138470.31544609
4866545,2017-12-25T13:20:21.947,BUY,1.3e-06,1000.0
4866546,2017-12-25T13:20:21.947,BUY,1.3e-06,2502.33399083
4866547,2017-12-25T13:20:21.947,BUY,1.3e-06,5147.05134147
4866548,2017-12-25T13:20:21.947,BUY,1.3e-06,8506.42258065
4866549,2017-12-25T13:20:21.947,BUY,1.3e-06,13664.38356164
4866550,2017-12-25T13:20:21.947,BUY,1.3e-06,5000.0
4866551,2017-12-25T13:20:21.947,BUY,1.3e-06,23835.19762195
4866552,2017-12-25T13:20:21.947,BUY,1.3e-06,2220.185625
4866553,2017-12-25T13:20:21.947,BUY,1.3e-06,5666.07305667
4866554,2017-12-25T13:20:21.947,BUY,1.3e-06,16000.0
4866555,2017-12-25T13:20:21.947,BUY,1.3e-06,4321.0367757
4866558,2017-12-25T13:20:22.493,SELL,1.29e-06,1949.33706976
4866560,2017-12-25T13:20:23.963,SELL,1.28e-06,47244.09448818
4866561,2017-12-25T13:20:24.727,SELL,1.28e-06,9448.8188976
4866565,2017-12-25T13:20:25.9,BUY,1.29e-06,13094.31294231
4866567,2017-12-25T13:20:26.01,BUY,1.29e-06,4892.72238636
4866569,2017-12-25T13:20:26.243,BUY,1.29e-06,24414.80242012
4866570,2017-12-25T13:20:26.243,BUY,1.29e-06,20000.0
4866571,2017-12-25T13:20:26.243,BUY,1.3e-06,3723.31806301
4866572,2017-12-25T13:20:26.243,BUY,1.3e-06,990.0399
4866573,2017-12-25T13:20:26.243,BUY,1.3e-06,10882.739
4866574,2017-12-25T13:20:26.243,BUY,1.3e-06,8198.8976378
4866575,2017-12-25T13:20:26.243,BUY,1.3e-06,26926.33578676
4866577,2017-12-25T13:20:27.01,SELL,1.28e-06,10000.0
4866578,2017-12-25T13:20:27.43,SELL,1.28e-06,4330.70866141
4866579,2017-12-25T13:20:27.43,SELL,1.28e-06,800.0
4866582,2017-12-25T13:20:27.743,BUY,1.3e-06,5448.73632692
4866585,2017-12-25T13:20:29.103,BUY,1.3e-06,14259.30086538
4866589,2017-12-25T13:20:30.713,BUY,1.3e-06,7673.07692308
4866593,2017-12-25T13:20:31.87,SELL,1.29e-06,41015.90866279
4866594,2017-12-25T13:20:31.87,SELL,1.28e-06,1300331.22613883
4866595,2017-12-25T13:20:31.883,SELL,1.28e-06,16217.59658203
4866596,2017-12-25T13:20:31.883,SELL,1.28e-06,198962.04357422
4866597,2017-12-25T13:20:31.883,SELL,1.28e-06,17894.98634766
4866598,2017-12-25T13:20:31.883,SELL,1.28e-06,16848.07996431
4866599,2017-12-25T13:20:32.057,SELL,1.28e-06,7936.5079365
4866602,2017-12-25T13:20:32.573,SELL,1.28e-06,7692.3076923
4866606,2017-12-25T13:20:33.93,BUY,1.3e-06,445692.55009786
4866607,2017-12-25T13:20:33.93,BUY,1.3e-06,16535.06461765
4866608,2017-12-25T13:20:33.93,BUY,1.3e-06,10000.0
4866609,2017-12-25T13:20:33.93,BUY,1.3e-06,227366.82267483
4866610,2017-12-25T13:20:33.93,BUY,1.3e-06,12404.74761628
4866611,2017-12-25T13:20:33.93,BUY,1.3e-06,1584.38582677
4866612,2017-12-25T13:20:33.93,BUY,1.3e-06,179598.09719758
4866613,2017-12-25T13:20:33.93,BUY,1.3e-06,40000.0
4866614,2017-12-25T13:20:33.93,BUY,1.3e-06,206298.07611779
