123498606,2017-12-25T12:50:12.49,SELL,0.0821097,1.593e-05
123498607,2017-12-25T12:50:12.49,SELL,0.0821097,0.49078407
123498608,2017-12-25T12:50:12.757,SELL,0.0821097,3.186e-05
123498619,2017-12-25T12:50:19.883,BUY,0.08228967,0.00412831
123498620,2017-12-25T12:50:19.883,BUY,0.08228967,0.04569568
123498623,2017-12-25T12:50:21.68,BUY,0.08228967,0.02618771
123498626,2017-12-25T12:50:23.277,SELL,0.08228968,0.00667877
123498630,2017-12-25T12:50:25.027,SELL,0.08228968,0.4908
123498632,2017-12-25T12:50:25.34,SELL,0.08228968,0.47194723
123498633,2017-12-25T12:50:25.34,SELL,0.08228967,3.49069735
123498634,2017-12-25T12:50:25.34,SELL,0.0821097,0.49081593
123498635,2017-12-25T12:50:25.34,SELL,0.0821097,0.49081593
123498636,2017-12-25T12:50:25.34,SELL,0.0821097,0.49081593
123498637,2017-12-25T12:50:25.34,SELL,0.0821097,0.49081593
123498638,2017-12-25T12:50:25.34,SELL,0.0821097,0.4907917
123498644,2017-12-25T12:50:27.04,SELL,0.0821097,2.423e-05
123498653,2017-12-25T12:50:31.12,SELL,0.0819425,3.1503
123498654,2017-12-25T12:50:31.903,SELL,0.0819425,4.327e-05
123498666,2017-12-25T12:50:35.373,BUY,0.08193315,2.18091727
123498873,2017-12-25T12:51:31.607,BUY,0.08210968,0.00626382
123498936,2017-12-25T12:51:48.05,BUY,0.08210968,1.2
123498938,2017-12-25T12:51:49.487,SELL,0.08175005,0.01855751
123499000,2017-12-25T12:52:15.73,BUY,0.08210968,0.09622847
123499106,2017-12-25T12:52:40.033,SELL,0.0817501,0.08269609
123499107,2017-12-25T12:52:40.033,SELL,0.08175005,0.03287252
123499134,2017-12-25T12:52:49.537,BUY,0.08175005,0.01900703
123499175,2017-12-25T12:52:57.897,BUY,0.08175005,0.01942727
123499176,2017-12-25T12:52:57.913,SELL,0.08175004,0.04080817
123499177,2017-12-25T12:52:57.913,SELL,0.08175004,0.07199701
123499178,2017-12-25T12:52:57.913,SELL,0.08175004,0.03456766
123499180,2017-12-25T12:53:00.587,BUY,0.08175004,3.85430125
123499182,2017-12-25T12:53:01.273,SELL,0.08175004,0.11293689
123499200,2017-12-25T12:53:04.807,BUY,0.08175005,0.15051839
123499201,2017-12-25T12:53:04.807,BUY,0.08210967,0.0085501
123499202,2017-12-25T12:53:04.807,BUY,0.08210969,0.06003252
123499249,2017-12-25T12:53:18.573,BUY,0.08210968,0.06547681
123499302,2017-12-25T12:53:25.78,BUY,0.08210968,0.17088619
123499452,2017-12-25T12:54:00.243,BUY,0.08210968,0.1012486
123499461,2017-12-25T12:54:01.07,BUY,0.08210968,0.2609797
123499465,2017-12-25T12:54:01.337,BUY,0.08210968,0.3117781
123499489,2017-12-25T12:54:06.057,BUY,0.08210968,0.03456766
123499490,2017-12-25T12:54:06.057,BUY,0.08210969,0.93998934
123499491,2017-12-25T12:54:06.057,BUY,0.08228986,0.0316731
123499492,2017-12-25T12:54:06.057,BUY,0.0824,0.25852905
123499493,2017-12-25T12:54:06.057,BUY,0.08244988,0.08018879
123499494,2017-12-25T12:54:06.057,BUY,0.08244995,0.03818882
123499495,2017-12-25T12:54:06.057,BUY,0.08249998,4.61686324
123499719,2017-12-25T12:54:34.237,BUY,0.08249993,0.06545593
123499841,2017-12-25T12:54:57.68,BUY,0.0824999,0.06516711
123499878,2017-12-25T12:55:02.603,BUY,0.08249989,0.16002589
123499917,2017-12-25T12:55:07.31,BUY,0.08249989,0.17007792
123499953,2017-12-25T12:55:11.06,BUY,0.08249987,0.06074382
123499960,2017-12-25T12:55:13.153,BUY,0.08249987,0.12563347
123500026,2017-12-25T12:55:25.847,BUY,0.08249993,0.12121226
123500047,2017-12-25T12:55:27.453,BUY,0.08249993,0.20282735
123500048,2017-12-25T12:55:27.453,BUY,0.08249994,0.07199701
123500049,2017-12-25T12:55:27.453,BUY,0.08249999,0.00869981
123500091,2017-12-25T12:55:30.77,BUY,0.08249999,0.10076959
123500096,2017-12-25T12:55:31.127,BUY,0.08249999,0.12121226
123500133,2017-12-25T12:55:37.427,BUY,0.08249999,0.5940031
123500155,2017-12-25T12:55:40.507,BUY,0.08249986,0.10771168
123500354,2017-12-25T12:56:07.73,BUY,0.08249974,0.03720708
123500391,2017-12-25T12:56:13.967,BUY,0.08249974,0.21713
123500401,2017-12-25T12:56:15.623,SELL,0.08249986,0.99197051
123500408,2017-12-25T12:56:16.187,BUY,0.08249987,0.14256708
123500432,2017-12-25T12:56:18.937,SELL,0.08180457,0.25748077
123500433,2017-12-25T12:56:18.937,SELL,0.08180447,0.01222426
123500434,2017-12-25T12:56:18.937,SELL,0.08180367,0.20987455
123500435,2017-12-25T12:56:18.937,SELL,0.08180367,0.51239093
123500597,2017-12-25T12:56:37.99,SELL,0.08180694,0.1990692
123500650,2017-12-25T12:56:45.553,BUY,0.08249935,0.03910042
123500673,2017-12-25T12:56:47.853,BUY,0.08249926,0.00678781
123500700,2017-12-25T12:56:54.403,BUY,0.08249853,0.03401612
123500950,2017-12-25T12:57:26.13,BUY,0.08249649,0.0201548
123501099,2017-12-25T12:57:47.51,BUY,0.08249633,0.03910182
123501122,2017-12-25T12:57:50.543,BUY,0.08249633,0.00615794
123501123,2017-12-25T12:57:50.543,BUY,0.08249633,0.00063012
123501183,2017-12-25T12:58:01.203,SELL,0.08180962,0.0122235
123501184,2017-12-25T12:58:01.203,SELL,0.08180883,0.0013124
123501303,2017-12-25T12:58:18.38,BUY,0.08249629,0.88378067
123501304,2017-12-25T12:58:18.38,BUY,0.08249633,0.08237812
123501323,2017-12-25T12:58:20.723,SELL,0.08249633,0.77701476
123501326,2017-12-25T12:58:22.443,SELL,0.08249633,0.2568
123501328,2017-12-25T12:58:22.723,SELL,0.08249633,2.645e-05
123501335,2017-12-25T12:58:24.897,SELL,0.08181135,0.2593
123501678,2017-12-25T12:59:05.753,SELL,0.08181641,0.07897771
123501921,2017-12-25T12:59:39.12,BUY,0.08249622,0.12091451
123501970,2017-12-25T12:59:47.123,SELL,0.08182138,0.01222174
123501971,2017-12-25T12:59:47.123,SELL,0.08182059,3.59716326
123502099,2017-12-25T13:00:03.267,BUY,0.08249617,0.09537525
123502111,2017-12-25T13:00:04.253,BUY,0.08249617,0.02346121
123502286,2017-12-25T13:00:30.26,BUY,0.08249614,0.01309152
123502327,2017-12-25T13:00:37.043,BUY,0.08249613,0.18204723
123502462,2017-12-25T13:00:51.547,BUY,0.08249612,0.1212177
123502490,2017-12-25T13:00:56.563,BUY,0.08249615,0.1212177
123502504,2017-12-25T13:01:02.063,BUY,0.08249615,0.09028954
123502505,2017-12-25T13:01:02.063,BUY,0.08249616,2.18926581
123502543,2017-12-25T13:01:09.427,SELL,0.08249612,0.7057
123502548,2017-12-25T13:01:09.85,SELL,0.08249612,3.584e-05
123502571,2017-12-25T13:01:13.4,BUY,0.08207686,0.02358107
123502684,2017-12-25T13:01:32.09,BUY,0.08249606,0.06109395
123502717,2017-12-25T13:01:35.463,BUY,0.08249606,0.06389683
123502718,2017-12-25T13:01:35.463,BUY,0.08249607,0.02996313
123502719,2017-12-25T13:01:35.463,BUY,0.08249607,0.02996313
123502720,2017-12-25T13:01:35.463,BUY,0.08249607,0.02996313
123502721,2017-12-25T13:01:35.463,BUY,0.08249616,0.32987266
123502775,2017-12-25T13:01:43.827,BUY,0.08249616,0.01309152
123502793,2017-12-25T13:01:45.483,SELL,0.08182067,0.02487898
123502794,2017-12-25T13:01:45.483,SELL,0.08182066,0.04932087
123502795,2017-12-25T13:01:45.483,SELL,0.08182056,0.01
123502796,2017-12-25T13:01:45.5,SELL,0.0818181,0.05079611
123502853,2017-12-25T13:01:52.47,BUY,0.08249616,0.00967318
123502857,2017-12-25T13:01:54.157,SELL,0.0818181,0.02487898
123502927,2017-12-25T13:02:06.847,SELL,0.08181891,0.01222211
123502928,2017-12-25T13:02:06.847,SELL,0.08181891,0.01222211
123502929,2017-12-25T13:02:06.847,SELL,0.0818181,0.54338287
123503162,2017-12-25T13:02:41.73,BUY,0.08249615,0.00840026
123503185,2017-12-25T13:02:45.92,SELL,0.08249615,0.01036874
123503219,2017-12-25T13:02:50.187,BUY,0.08249616,0.84372322
123503244,2017-12-25T13:02:53.89,SELL,0.08249615,0.2114
123503245,2017-12-25T13:02:54.127,SELL,0.08249615,2.28e-05
123503429,2017-12-25T13:03:26.667,BUY,0.08249614,0.08730554
123503442,2017-12-25T13:03:29.65,BUY,0.08249614,0.84640324
123503620,2017-12-25T13:04:04.69,BUY,0.082496,1.18274184
123503621,2017-12-25T13:04:04.69,BUY,0.08249613,17.8932
123503641,2017-12-25T13:04:08.067,BUY,0.08249614,1.0809942
123503642,2017-12-25T13:04:08.067,BUY,0.08249615,0.2114228
123503643,2017-12-25T13:04:08.067,BUY,0.08249616,0.12076429
123503644,2017-12-25T13:04:08.067,BUY,0.08249616,0.31705058
123503645,2017-12-25T13:04:08.067,BUY,0.08249617,0.11132176
123503646,2017-12-25T13:04:08.13,SELL,0.08249613,6.4865
123503653,2017-12-25T13:04:09.613,BUY,0.08249616,0.28833683
123503687,2017-12-25T13:04:12.617,BUY,0.08249613,0.09560398
123503722,2017-12-25T13:04:17.147,SELL,0.08182069,0.01222184
123503723,2017-12-25T13:04:17.147,SELL,0.08181991,0.66760906
123503724,2017-12-25T13:04:17.147,SELL,0.0818199,0.3201691
123503866,2017-12-25T13:04:44.653,BUY,0.08249603,0.01617998
123503951,2017-12-25T13:05:00.893,BUY,0.08249598,0.02580744
123504004,2017-12-25T13:05:09.02,BUY,0.08249595,0.01554554
123504057,2017-12-25T13:05:18.147,SELL,0.08182569,0.01222109
123504059,2017-12-25T13:05:18.633,BUY,0.0818249,0.04087619
123504091,2017-12-25T13:05:25.337,BUY,0.08249591,0.12121799
123504099,2017-12-25T13:05:26.167,BUY,0.0824959,0.02170568
123504105,2017-12-25T13:05:26.633,BUY,0.0824959,0.01
123504107,2017-12-25T13:05:26.65,BUY,0.0824959,0.12121799
123504157,2017-12-25T13:05:36.903,BUY,0.08249596,0.0219233
123504158,2017-12-25T13:05:36.903,BUY,0.082496,0.09929469
123504188,2017-12-25T13:05:43.047,BUY,0.082496,0.00070531
123504189,2017-12-25T13:05:43.047,BUY,0.08249613,0.03976865
123504217,2017-12-25T13:05:50,BUY,0.08249615,0.02580738
123504223,2017-12-25T13:05:50.907,BUY,0.08249615,0.08730552
123504342,2017-12-25T13:06:17.443,SELL,0.0824961,0.00932701
123504432,2017-12-25T13:06:38.59,BUY,0.08249498,0.0174613
123504507,2017-12-25T13:06:49.703,BUY,0.08229999,0.25739149
123504580,2017-12-25T13:07:08.147,BUY,0.08219996,0.87977836
123504624,2017-12-25T13:07:20.32,BUY,0.08219995,0.36496368
123504625,2017-12-25T13:07:20.32,BUY,0.08219996,0.59368718
123504626,2017-12-25T13:07:20.32,BUY,0.08219996,0.51827117
123504633,2017-12-25T13:07:21.837,SELL,0.08219995,0.01295013
123504670,2017-12-25T13:07:31.807,BUY,0.08219993,0.36496377
123504671,2017-12-25T13:07:31.807,BUY,0.08219994,0.00837333
123504672,2017-12-25T13:07:31.807,BUY,0.08219994,0.44019843
123504782,2017-12-25T13:08:02.613,BUY,0.0821999,0.01752399
123504790,2017-12-25T13:08:03.457,BUY,0.0821999,0.32107601
123504791,2017-12-25T13:08:03.457,BUY,0.0821999,0.9047223
123504833,2017-12-25T13:08:15.693,BUY,0.08219989,0.007
123504849,2017-12-25T13:08:19.24,SELL,0.08185032,0.03713835
123504850,2017-12-25T13:08:19.24,SELL,0.08185028,0.01772769
123504851,2017-12-25T13:08:19.24,SELL,0.08185027,0.06317993
123504852,2017-12-25T13:08:19.24,SELL,0.08185023,1.0
123504870,2017-12-25T13:08:25.447,BUY,0.08185023,0.05
123504879,2017-12-25T13:08:27.057,BUY,0.08185023,0.1504616
123504883,2017-12-25T13:08:27.383,BUY,0.08185023,0.1504616
123504887,2017-12-25T13:08:27.527,BUY,0.08185023,0.0471731
123504889,2017-12-25T13:08:27.837,BUY,0.08185023,0.1504616
123504893,2017-12-25T13:08:28.463,BUY,0.08185023,0.36883798
123504894,2017-12-25T13:08:28.463,BUY,0.08219989,0.44779701
123504895,2017-12-25T13:08:28.463,BUY,0.08219989,0.05076089
123504917,2017-12-25T13:08:34.62,BUY,0.0821998,0.35507379
123504918,2017-12-25T13:08:34.62,BUY,0.08219988,1.2780452
123504919,2017-12-25T13:08:34.62,BUY,0.08219989,0.00043278
123504934,2017-12-25T13:08:38.59,SELL,0.08219989,0.49684192
123504943,2017-12-25T13:08:43.403,SELL,0.08219989,0.31576462
123504954,2017-12-25T13:08:47.093,BUY,0.0821999,1.69465745
123504957,2017-12-25T13:08:50.093,BUY,0.08219994,0.01295013
123504959,2017-12-25T13:08:51.08,BUY,0.08219994,0.40638999
123504960,2017-12-25T13:08:51.08,BUY,0.08219995,0.10704987
123504984,2017-12-25T13:09:10.787,BUY,0.0822,0.09613822
123504990,2017-12-25T13:09:16.867,SELL,0.08219989,0.59036685
123504991,2017-12-25T13:09:16.867,SELL,0.08219989,1.0
123504992,2017-12-25T13:09:16.867,SELL,0.08219989,0.79329654
123505036,2017-12-25T13:09:42.39,SELL,0.08219989,0.20670346
123505037,2017-12-25T13:09:42.39,SELL,0.082,0.00279654
123505078,2017-12-25T13:09:51.313,BUY,0.0822,1.49422863
123505079,2017-12-25T13:09:51.313,BUY,0.0822,0.07344316
123505149,2017-12-25T13:10:19.977,SELL,0.08219989,1.7556
123505160,2017-12-25T13:10:30.023,SELL,0.08219989,0.3289
123505169,2017-12-25T13:10:32.493,BUY,0.0824961,0.0500035
123505170,2017-12-25T13:10:32.493,BUY,0.08249613,0.07121435
123505173,2017-12-25T13:10:35.747,BUY,0.08249613,0.12121785
123505176,2017-12-25T13:10:36.95,BUY,0.08249613,0.12121785
123505185,2017-12-25T13:10:51.373,SELL,0.0822,2.2725246
123505189,2017-12-25T13:10:53.42,SELL,0.0822,0.5787
123505197,2017-12-25T13:11:02.987,SELL,0.0822,1.5268
123505201,2017-12-25T13:11:12.74,BUY,0.08249609,0.09697424
123505203,2017-12-25T13:11:14.443,SELL,0.08220018,0.2095
123505224,2017-12-25T13:11:37.48,BUY,0.08249609,1.75389215
123505232,2017-12-25T13:11:40.667,SELL,0.08249609,0.02555475
123505233,2017-12-25T13:11:42.357,SELL,0.08249609,0.037
123505234,2017-12-25T13:11:42.56,SELL,0.08249609,4.83640525
123505236,2017-12-25T13:11:43.027,BUY,0.08235588,4.8734
123505237,2017-12-25T13:11:43.23,SELL,0.08249609,0.02556
123505239,2017-12-25T13:11:44.653,SELL,0.08220031,0.2588
123505241,2017-12-25T13:11:47.2,SELL,0.08220031,1.4985
123505245,2017-12-25T13:11:49.67,BUY,0.08249609,2.45437556
123505247,2017-12-25T13:11:49.717,BUY,0.08249609,0.30662783
123505262,2017-12-25T13:11:53.67,BUY,0.08249609,11.41283661
123505270,2017-12-25T13:11:56.047,BUY,0.0824961,0.84311673
123505271,2017-12-25T13:11:56.047,BUY,0.08249614,0.5
123505272,2017-12-25T13:11:56.047,BUY,0.08249617,0.73681394
123505274,2017-12-25T13:11:57.343,BUY,0.08249617,1.1518643
123505275,2017-12-25T13:11:57.343,BUY,0.08249626,8.69844342
123505280,2017-12-25T13:12:00.923,BUY,0.08249609,0.037
123505281,2017-12-25T13:12:00.923,BUY,0.08249627,2.22588426
123505282,2017-12-25T13:12:07.393,SELL,0.08220001,0.11691667
123505315,2017-12-25T13:12:54.903,SELL,0.08220009,0.14410136
123505316,2017-12-25T13:12:54.903,SELL,0.08220008,0.14410136
123505317,2017-12-25T13:12:54.903,SELL,0.08220008,0.14410136
123505318,2017-12-25T13:12:54.903,SELL,0.0822,7.56769592
123505400,2017-12-25T13:13:30.977,SELL,0.08220018,1.3
123505418,2017-12-25T13:13:35.807,BUY,0.08249609,0.00832318
123505426,2017-12-25T13:13:39.04,SELL,0.08249609,0.0069
123505427,2017-12-25T13:13:39.337,SELL,0.08249609,4.239e-05
123505429,2017-12-25T13:13:39.853,BUY,0.08220038,0.02428122
123505437,2017-12-25T13:13:42.933,BUY,0.08220038,0.17571878
123505472,2017-12-25T13:13:52.387,SELL,0.08242487,0.037
123505487,2017-12-25T13:13:57.437,SELL,0.08242487,0.21199684
123505488,2017-12-25T13:13:57.437,SELL,0.08242487,3.16e-06
123505489,2017-12-25T13:13:57.653,SELL,0.08242487,0.05541667
123505494,2017-12-25T13:13:58.967,SELL,0.08242487,0.037
123505500,2017-12-25T13:14:02.453,SELL,0.08242487,0.01376577
123505599,2017-12-25T13:14:24.96,BUY,0.08242487,0.00694839
123505686,2017-12-25T13:14:59.14,BUY,0.08242487,0.16133307
123505687,2017-12-25T13:14:59.14,BUY,0.08242487,0.0021344
123505877,2017-12-25T13:15:37.337,BUY,0.08242487,0.12132256
123505921,2017-12-25T13:15:48.353,SELL,0.08230038,0.01141273
123505963,2017-12-25T13:16:00.607,SELL,0.08230038,0.007
123505984,2017-12-25T13:16:22.097,SELL,0.08230038,0.3593
123505986,2017-12-25T13:16:24.393,SELL,0.08230038,1.0
123505992,2017-12-25T13:16:33.6,SELL,0.08230038,0.14574218
123505993,2017-12-25T13:16:34.147,SELL,0.08230038,0.56289518
123505994,2017-12-25T13:16:34.147,SELL,0.08230038,0.30699774
123505995,2017-12-25T13:16:34.147,SELL,0.08220038,0.08635009
123505996,2017-12-25T13:16:34.147,SELL,0.08220038,0.04375699
123506015,2017-12-25T13:16:39.773,SELL,0.08220038,0.05849792
123506056,2017-12-25T13:17:00.14,SELL,0.08220038,0.01376836
123506057,2017-12-25T13:17:04.25,SELL,0.08220038,0.1296
123506058,2017-12-25T13:17:08.373,SELL,0.08220038,0.037
123506064,2017-12-25T13:17:09.733,SELL,0.08220038,0.77705982
123506124,2017-12-25T13:17:20.533,BUY,0.08242474,0.00828281
123506125,2017-12-25T13:17:20.533,BUY,0.08242475,0.01085255
123506241,2017-12-25T13:18:12.56,BUY,0.0824247,0.01403314
123506263,2017-12-25T13:18:20.25,SELL,0.08220039,1.8458
123506332,2017-12-25T13:18:39.257,SELL,0.08230039,0.01239943
123506337,2017-12-25T13:18:39.693,SELL,0.08230039,1.6755
123506381,2017-12-25T13:18:50.337,SELL,0.08230039,1.7156
123506416,2017-12-25T13:18:56.23,SELL,0.08230039,0.13711183
123506445,2017-12-25T13:19:02.103,SELL,0.08230039,0.05369458
123506721,2017-12-25T13:19:59.26,BUY,0.08241977,0.14410136
123506722,2017-12-25T13:19:59.26,BUY,0.08241977,0.14410136
123506723,2017-12-25T13:19:59.26,BUY,0.08241986,1.34837204
123506724,2017-12-25T13:19:59.26,BUY,0.08242,0.04
123506725,2017-12-25T13:19:59.26,BUY,0.0824247,0.07631574
123506726,2017-12-25T13:19:59.26,BUY,0.08242486,1.23998456
123506727,2017-12-25T13:19:59.26,BUY,0.08242487,1.02667043
123506728,2017-12-25T13:19:59.26,BUY,0.08249591,0.14410136
123506729,2017-12-25T13:19:59.273,BUY,0.082496,0.64358207
123506739,2017-12-25T13:20:01.633,SELL,0.08230039,0.0210138
123506740,2017-12-25T13:20:02.18,SELL,0.08230039,0.037
123506829,2017-12-25T13:20:15.043,SELL,0.08241977,0.0262564
123506837,2017-12-25T13:20:15.873,SELL,0.08241977,0.2795
123506846,2017-12-25T13:20:18.623,SELL,0.08241977,0.037
123506856,2017-12-25T13:20:20.733,BUY,0.082496,1.23518512
123506857,2017-12-25T13:20:21,SELL,0.082496,0.037
123506866,2017-12-25T13:20:25.39,SELL,0.082496,0.037
123506877,2017-12-25T13:20:31.237,SELL,0.082496,0.037
123506881,2017-12-25T13:20:32.673,BUY,0.08249627,0.12133006
123506884,2017-12-25T13:20:33.283,BUY,0.08249627,0.12133006
123506885,2017-12-25T13:20:33.58,SELL,0.082496,0.037
123506887,2017-12-25T13:20:33.923,SELL,0.082496,0.02197802
123506890,2017-12-25T13:20:35.097,BUY,0.08249627,0.03288698
123506892,2017-12-25T13:20:37.8,SELL,0.082496,0.12133006
123506893,2017-12-25T13:20:38.143,SELL,0.082496,0.037
123506895,2017-12-25T13:20:41.113,SELL,0.082496,0.037
123506901,2017-12-25T13:20:44.08,SELL,0.082496,0.3995068
123506902,2017-12-25T13:20:44.08,SELL,0.082496,0.15265976
123506903,2017-12-25T13:20:44.08,SELL,0.082496,0.60601171
123506904,2017-12-25T13:20:44.957,SELL,0.08241977,0.037
123506911,2017-12-25T13:20:49.02,SELL,0.08241977,0.77036092
123506912,2017-12-25T13:20:49.02,SELL,0.08230177,0.22963908
123506991,2017-12-25T13:21:10.31,SELL,0.08230177,0.37711274
123506992,2017-12-25T13:21:10.31,SELL,0.0823004,0.03118253
123506993,2017-12-25T13:21:10.31,SELL,0.0823004,2.02286148
123507087,2017-12-25T13:21:24.31,SELL,0.08230039,0.03268036
123507088,2017-12-25T13:21:24.31,SELL,0.08230039,0.93610612
123507285,2017-12-25T13:22:08.51,BUY,0.08241974,0.023552
123507288,2017-12-25T13:22:09.87,SELL,0.08241974,0.01963384
123507289,2017-12-25T13:22:09.87,SELL,0.0823004,4.60536385
123507313,2017-12-25T13:22:16.073,SELL,0.08230039,0.06389388
123507314,2017-12-25T13:22:16.073,SELL,0.08230039,0.0040695
123507411,2017-12-25T13:22:43.503,SELL,0.08230039,0.01
123507439,2017-12-25T13:22:58.067,SELL,0.08230039,0.01487683
123507448,2017-12-25T13:23:05.57,SELL,0.08230039,0.14313848
123507534,2017-12-25T13:23:26.59,SELL,0.08230039,0.74545326
123507603,2017-12-25T13:23:41.623,BUY,0.08249599,0.00821828
123507604,2017-12-25T13:23:41.623,BUY,0.08249599,0.03
123507621,2017-12-25T13:23:48.517,SELL,0.08249599,0.56635656
123507622,2017-12-25T13:23:48.517,SELL,0.08230039,0.00104344
123507678,2017-12-25T13:24:00.52,SELL,0.08230039,0.08141849
123507679,2017-12-25T13:24:00.52,SELL,0.08230039,2.20368151
123507719,2017-12-25T13:24:12.13,SELL,0.08249595,0.21036832
123507723,2017-12-25T13:24:14.007,SELL,0.08249595,0.92611899
123507724,2017-12-25T13:24:14.007,SELL,0.08230039,2.518702
123507728,2017-12-25T13:24:14.477,BUY,0.08230039,0.02608668
123507760,2017-12-25T13:24:21.963,BUY,0.08230039,0.01599448
123507822,2017-12-25T13:24:34.87,BUY,0.08230039,0.04135127
123507826,2017-12-25T13:24:35.217,BUY,0.08230039,0.06060117
123507910,2017-12-25T13:24:50.187,BUY,0.08230039,1.028
123507950,2017-12-25T13:25:03.393,BUY,0.08230039,0.04848117
123508018,2017-12-25T13:25:19.083,SELL,0.08230006,0.04182204
123508019,2017-12-25T13:25:19.083,SELL,0.0823,0.5
123508048,2017-12-25T13:25:31.823,BUY,0.0823,0.01192572
123508067,2017-12-25T13:25:43.573,BUY,0.08230039,0.84
123508079,2017-12-25T13:25:46.73,SELL,0.08220039,0.2596
123508124,2017-12-25T13:25:59.593,SELL,0.08220039,1.70372846
123508167,2017-12-25T13:26:05.877,SELL,0.08220039,0.30998944
123508193,2017-12-25T13:26:12.473,SELL,0.08220039,0.05693099
123508232,2017-12-25T13:26:32.12,SELL,0.08220039,0.09471118
123508239,2017-12-25T13:26:33.12,BUY,0.08230039,0.20146391
123508255,2017-12-25T13:26:38.183,BUY,0.08230039,0.29853609
123508256,2017-12-25T13:26:38.183,BUY,0.08230039,0.06090494
123508266,2017-12-25T13:26:42.31,SELL,0.08230039,0.3892
123508280,2017-12-25T13:26:46.48,SELL,0.08230039,0.00433431
123508476,2017-12-25T13:27:48.9,SELL,0.08220039,0.57503993
123508499,2017-12-25T13:27:56.53,BUY,0.08220039,3.11767007
123508512,2017-12-25T13:27:59.53,BUY,0.08220039,0.0623398
123508524,2017-12-25T13:28:01.56,BUY,0.08220039,0.789265
123508535,2017-12-25T13:28:04.047,BUY,0.08220039,0.99929393
123508712,2017-12-25T13:28:56.543,SELL,0.08220039,0.00070607
123508713,2017-12-25T13:28:56.543,SELL,0.08220039,0.00994381
123508724,2017-12-25T13:29:06.327,BUY,0.08230039,0.0977864
123508725,2017-12-25T13:29:06.327,BUY,0.08230039,0.3237329
123508726,2017-12-25T13:29:06.327,BUY,0.08230039,0.07361625
123508749,2017-12-25T13:29:36.66,SELL,0.08230039,0.50486445
123508750,2017-12-25T13:29:36.66,SELL,0.08230039,1.73204132
123508752,2017-12-25T13:29:40.443,SELL,0.08230039,0.85186537
123508753,2017-12-25T13:29:40.443,SELL,0.08230039,0.30801006
123508754,2017-12-25T13:29:40.443,SELL,0.08230039,0.43893884
123508761,2017-12-25T13:29:52.663,BUY,0.082496,0.4
123508762,2017-12-25T13:29:52.663,BUY,0.08249627,0.8856901
123508769,2017-12-25T13:29:59.43,BUY,0.08249627,0.048
123508773,2017-12-25T13:30:11.92,SELL,0.0823004,1.22003606
123508791,2017-12-25T13:30:48.363,BUY,0.08248999,0.12122681
123508798,2017-12-25T13:30:53.833,BUY,0.08248999,0.12122681
123508822,2017-12-25T13:31:11.743,BUY,0.0823004,0.02834739
123508823,2017-12-25T13:31:11.743,BUY,0.08248999,0.07754638
123508825,2017-12-25T13:31:14.073,SELL,0.08248999,2.4642
123508830,2017-12-25T13:31:16.59,BUY,0.08249627,0.0307628
123508831,2017-12-25T13:31:16.59,BUY,0.08249627,0.99464672
123508832,2017-12-25T13:31:16.59,BUY,0.08249751,0.00845695
123508833,2017-12-25T13:31:16.59,BUY,0.08249987,0.05023792
123508834,2017-12-25T13:31:16.59,BUY,0.0825,0.78649991
123508838,2017-12-25T13:31:24.683,SELL,0.0825,0.1694
123508843,2017-12-25T13:31:34.297,SELL,0.0825,0.7485
123508846,2017-12-25T13:31:37.86,SELL,0.0825,0.09015214
123508850,2017-12-25T13:31:50.973,BUY,0.0825,0.00887442
123508858,2017-12-25T13:31:56.753,BUY,0.0825,0.01800921
123508860,2017-12-25T13:31:58.1,SELL,0.0825,1.1379
123508865,2017-12-25T13:32:00.333,SELL,0.0825,0.15381733
123508866,2017-12-25T13:32:01.537,SELL,0.0825,1.0
123508867,2017-12-25T13:32:02.007,SELL,0.0825,0.037
123508872,2017-12-25T13:32:03.35,SELL,0.0825,0.8
123508874,2017-12-25T13:32:06.333,SELL,0.0825,2.23961318
123508875,2017-12-25T13:32:08.273,SELL,0.08220038,2.2358
123508886,2017-12-25T13:32:19.227,SELL,0.08220038,0.36
123508888,2017-12-25T13:32:21.51,BUY,0.0825,0.01364291
123508896,2017-12-25T13:32:42.107,BUY,0.08249999,0.00815103
123508897,2017-12-25T13:32:42.107,BUY,0.0825,0.02335709
123508914,2017-12-25T13:33:09.223,BUY,0.0824999,0.2
123508915,2017-12-25T13:33:13.02,SELL,0.0824999,0.03657561
123508920,2017-12-25T13:33:28.197,SELL,0.0824999,4.76342439
123508921,2017-12-25T13:33:28.197,SELL,0.08220038,2.48617316
123508927,2017-12-25T13:33:34.93,SELL,0.08220038,0.87099424
123508943,2017-12-25T13:33:54.373,BUY,0.0825,0.01364291
123508947,2017-12-25T13:34:00.267,SELL,0.08220038,0.01163917
123508948,2017-12-25T13:34:04.297,SELL,0.08220038,0.89492693
123508984,2017-12-25T13:35:15.767,SELL,0.08220038,1.0
123508986,2017-12-25T13:35:16.8,BUY,0.08249999,0.00682146
123509000,2017-12-25T13:35:28.223,BUY,0.08249999,0.12121212
123509005,2017-12-25T13:35:29.927,BUY,0.08249999,0.11074415
123509006,2017-12-25T13:35:29.927,BUY,0.08249999,0.02473436
123509008,2017-12-25T13:35:32.003,SELL,0.08249999,0.1603608
123509021,2017-12-25T13:35:40.74,BUY,0.0825,0.04405824
123509022,2017-12-25T13:35:40.74,BUY,0.08252615,0.09014976
123509034,2017-12-25T13:36:08.48,SELL,0.08221,0.5
123509035,2017-12-25T13:36:08.497,SELL,0.08221,1.69087986
123509044,2017-12-25T13:36:11.81,BUY,0.0825,0.12048193
123509060,2017-12-25T13:36:40.723,BUY,0.0823,0.01251863
123509088,2017-12-25T13:37:06.65,BUY,0.0823,0.06302552
123509094,2017-12-25T13:37:09.527,BUY,0.0823,0.00683803
123509127,2017-12-25T13:37:25.437,BUY,0.08229999,0.00811525
123509128,2017-12-25T13:37:25.437,BUY,0.0823,0.06331537
123509134,2017-12-25T13:37:27.56,SELL,0.08220039,0.36117695
123509139,2017-12-25T13:37:33.187,SELL,0.08220039,0.06836605
123509150,2017-12-25T13:37:59.57,BUY,0.0823,0.05338174
123509166,2017-12-25T13:38:21.56,BUY,0.0823,0.02018019
123509176,2017-12-25T13:38:38.593,BUY,0.0823,0.02744807
123509184,2017-12-25T13:38:45.407,BUY,0.0823,0.07143062
123509190,2017-12-25T13:38:55.663,BUY,0.0823,0.02086467
123509195,2017-12-25T13:39:04.913,BUY,0.0823,5.0
123509230,2017-12-25T13:39:40.517,BUY,0.0823,0.06060194
123509237,2017-12-25T13:39:46.673,BUY,0.0823,0.01591477
123509248,2017-12-25T13:40:09.647,BUY,0.0823,4.53304522
123509250,2017-12-25T13:40:10.147,BUY,0.0823,4.53304522
123509252,2017-12-25T13:40:12.57,BUY,0.0823,4.53304522
123509253,2017-12-25T13:40:13.57,SELL,0.08220039,0.17720974
123509254,2017-12-25T13:40:13.57,SELL,0.08220038,0.08078341
123509255,2017-12-25T13:40:13.57,SELL,0.08220038,0.21888143
123509256,2017-12-25T13:40:13.57,SELL,0.08220038,0.04853992
123509257,2017-12-25T13:40:13.57,SELL,0.0822,4.00763072
123509265,2017-12-25T13:40:22.18,BUY,0.08220039,1.0
123509270,2017-12-25T13:40:24.98,BUY,0.0823,1.0
123509282,2017-12-25T13:40:34.607,BUY,0.0823,0.12150668
123509286,2017-12-25T13:40:35.7,BUY,0.0823,0.01428615
123509288,2017-12-25T13:40:38.107,BUY,0.0823,0.12150668
123509294,2017-12-25T13:40:42.84,BUY,0.0823,3.83568905
123509303,2017-12-25T13:40:45.187,BUY,0.0823,1.43197755
123509359,2017-12-25T13:40:58.14,SELL,0.0822,6.50637292
123509388,2017-12-25T13:41:03.36,SELL,0.0822,0.1821892
123509417,2017-12-25T13:41:26.837,BUY,0.08225,0.03710841
123509418,2017-12-25T13:41:26.837,BUY,0.08225,0.54789002
123509422,2017-12-25T13:41:28.727,SELL,0.0822,3.51688506
123509429,2017-12-25T13:41:31.617,SELL,0.0822,0.26867983
123509444,2017-12-25T13:41:42.12,BUY,0.08225,0.03012253
123509447,2017-12-25T13:41:45.2,BUY,0.08225,0.5
123509449,2017-12-25T13:41:46.353,BUY,0.08225,0.820316
123509457,2017-12-25T13:41:57.717,BUY,0.08225,0.68557814
123509458,2017-12-25T13:41:57.717,BUY,0.08225,0.05983465
123509462,2017-12-25T13:42:04.67,BUY,0.0823,2.22458721
123509508,2017-12-25T13:42:40.867,BUY,0.08224999,0.00806287
123509509,2017-12-25T13:42:40.867,BUY,0.08225,0.01574229
123509510,2017-12-25T13:42:40.867,BUY,0.0823,2.8871917
123509519,2017-12-25T13:42:46.79,SELL,0.0822,0.04035901
123509604,2017-12-25T13:43:52.79,SELL,0.0822,0.03150812
123509615,2017-12-25T13:43:58.82,SELL,0.0822,0.031
123509622,2017-12-25T13:44:05.23,SELL,0.0822,1.0
123509628,2017-12-25T13:44:07.807,BUY,0.0823,0.0979337
123509642,2017-12-25T13:44:13.917,SELL,0.0822,0.486642
123509651,2017-12-25T13:44:16.577,SELL,0.0822,0.2353218
123509655,2017-12-25T13:44:18.217,BUY,0.0823,0.77405444
123509656,2017-12-25T13:44:18.217,BUY,0.0823,0.91456259
123509657,2017-12-25T13:44:18.217,BUY,0.0823,0.56471749
123509664,2017-12-25T13:44:21.28,SELL,0.0823,0.48660668
123509693,2017-12-25T13:44:48.66,BUY,0.08250039,0.035
123509697,2017-12-25T13:44:53.52,BUY,0.08250039,0.00680682
123509699,2017-12-25T13:44:55.647,BUY,0.08250039,0.16705529
123509700,2017-12-25T13:44:55.647,BUY,0.08252,0.79360334
123509701,2017-12-25T13:44:55.647,BUY,0.08252615,0.13371003
123509702,2017-12-25T13:44:55.647,BUY,0.08268487,0.18068253
123509703,2017-12-25T13:44:55.647,BUY,0.08269822,0.33499569
123509704,2017-12-25T13:44:55.663,BUY,0.08269823,0.14819058
123509705,2017-12-25T13:44:55.663,BUY,0.08269823,2.72459794
123509725,2017-12-25T13:45:24.03,SELL,0.08250039,0.77403772
123509726,2017-12-25T13:45:24.03,SELL,0.08230001,0.22596228
123509745,2017-12-25T13:45:33.53,BUY,0.08269825,0.00894168
123509746,2017-12-25T13:45:33.53,BUY,0.0827,0.11199192
123509769,2017-12-25T13:46:15.303,SELL,0.08230001,0.12224968
123509770,2017-12-25T13:46:22.213,SELL,0.08230001,0.12563347
123509784,2017-12-25T13:46:39.327,SELL,0.08269823,0.01444315
123509785,2017-12-25T13:46:39.37,SELL,0.08269823,0.00072216
123509786,2017-12-25T13:46:39.37,SELL,0.08230001,0.0069519
123509824,2017-12-25T13:47:22.63,SELL,0.08230001,0.51689391
123509825,2017-12-25T13:47:22.647,SELL,0.08230001,0.19293568
123509826,2017-12-25T13:47:22.647,SELL,0.0823,0.29017041
123509840,2017-12-25T13:47:27.43,BUY,0.08230001,0.12494851
123509870,2017-12-25T13:47:47.04,SELL,0.08230001,0.025
123509884,2017-12-25T13:47:56.48,SELL,0.08230001,0.1215631
123509886,2017-12-25T13:47:57.12,SELL,0.08230001,0.1216249
123509897,2017-12-25T13:48:10.297,SELL,0.08230002,0.07723139
123509924,2017-12-25T13:48:53.35,SELL,0.0823001,0.72244525
123509925,2017-12-25T13:48:53.35,SELL,0.08230008,1.0
123509926,2017-12-25T13:48:53.35,SELL,0.08230002,0.28840252
123509927,2017-12-25T13:48:53.35,SELL,0.0823,0.47988839
123509928,2017-12-25T13:48:53.35,SELL,0.0823,0.6859814
123509929,2017-12-25T13:48:53.35,SELL,0.0823,2.0
123509930,2017-12-25T13:48:53.35,SELL,0.0823,5.55723016
123509931,2017-12-25T13:48:53.35,SELL,0.0823,4.26605228
123509932,2017-12-25T13:48:53.57,SELL,0.0823,0.58206437
123509933,2017-12-25T13:48:53.57,SELL,0.0822,14.41793563
123509940,2017-12-25T13:48:59.32,SELL,0.0822,7.32975519
123509941,2017-12-25T13:48:59.32,SELL,0.0822,7.67024481
123509942,2017-12-25T13:48:59.853,SELL,0.0822,4.46479169
123509943,2017-12-25T13:48:59.853,SELL,0.08219989,10.53520831
123509945,2017-12-25T13:49:00.37,SELL,0.08219989,15.0
123509958,2017-12-25T13:49:05.387,SELL,0.08219989,1.56743867
123509960,2017-12-25T13:49:06.777,BUY,0.08230002,0.01212174
123509964,2017-12-25T13:49:09.997,BUY,0.08230002,0.02151427
123509966,2017-12-25T13:49:11.323,BUY,0.08230002,0.96636399
123509967,2017-12-25T13:49:11.823,SELL,0.08230002,0.08105484
123509969,2017-12-25T13:49:12.887,SELL,0.08230002,3.16782574
123509972,2017-12-25T13:49:14.013,BUY,0.0822054,2.87911796
123509993,2017-12-25T13:49:38.27,SELL,0.08230002,0.01026928
123510027,2017-12-25T13:50:03.197,SELL,0.08230002,0.1797656
123510031,2017-12-25T13:50:03.79,BUY,0.0825,0.04047597
123510032,2017-12-25T13:50:03.79,BUY,0.08269998,0.91532485
123510033,2017-12-25T13:50:03.79,BUY,0.08269999,0.00801161
123510034,2017-12-25T13:50:03.79,BUY,0.0827,0.13297944
123510035,2017-12-25T13:50:03.79,BUY,0.0827,0.00969374
123510036,2017-12-25T13:50:03.79,BUY,0.08272893,0.05410227
123510037,2017-12-25T13:50:03.79,BUY,0.08275,0.1
123510038,2017-12-25T13:50:03.79,BUY,0.08276523,0.15740634
123510080,2017-12-25T13:50:32.827,BUY,0.082762,0.12082379
123510082,2017-12-25T13:50:33.813,BUY,0.082762,0.12082372
123510084,2017-12-25T13:50:36.39,SELL,0.08219991,2.96708906
123510085,2017-12-25T13:50:36.39,SELL,0.08219989,12.03291094
123510086,2017-12-25T13:50:36.797,SELL,0.08219989,8.77994208
123510090,2017-12-25T13:50:38.063,SELL,0.08218175,0.14785276
123510091,2017-12-25T13:50:38.44,SELL,0.0821635,0.194
123510141,2017-12-25T13:51:01.16,BUY,0.08275916,0.1186304
123510210,2017-12-25T13:51:22.743,SELL,0.08275912,0.084
123510213,2017-12-25T13:51:23.15,SELL,0.08275912,0.016
123510253,2017-12-25T13:51:32.7,BUY,0.0827591,0.18130723
123510255,2017-12-25T13:51:34.247,BUY,0.0827591,0.02416653
123510294,2017-12-25T13:51:44.75,BUY,0.0827591,0.41632002
123510309,2017-12-25T13:52:25.037,SELL,0.08228,0.0255
123510310,2017-12-25T13:52:27.083,SELL,0.08228,1.762e-05
123510319,2017-12-25T13:52:33.68,SELL,0.08215348,0.32435043
123510320,2017-12-25T13:52:33.68,SELL,0.08215345,0.12202519
123510321,2017-12-25T13:52:33.68,SELL,0.08207521,0.72921377
123510322,2017-12-25T13:52:33.68,SELL,0.0820752,0.01460279
123510417,2017-12-25T13:53:30.72,SELL,0.08215348,1.7
123510432,2017-12-25T13:53:33.707,BUY,0.08269992,0.01209191
123510449,2017-12-25T13:53:41.41,BUY,0.08269992,0.64704633
123510450,2017-12-25T13:53:41.41,BUY,0.08269992,0.06407667
123510566,2017-12-25T13:54:07.353,BUY,0.08269991,0.24123361
123510643,2017-12-25T13:54:26.373,BUY,0.08269992,0.03119549
123510718,2017-12-25T13:54:42.517,SELL,0.08215364,0.3
123510795,2017-12-25T13:54:57.253,BUY,0.082699,0.3
123510796,2017-12-25T13:54:57.253,BUY,0.08269992,0.06757338
123510797,2017-12-25T13:54:57.253,BUY,0.08269992,0.05020632
123510798,2017-12-25T13:54:57.253,BUY,0.08269992,0.2
123510799,2017-12-25T13:54:57.253,BUY,0.08269992,0.093904
123510800,2017-12-25T13:54:57.253,BUY,0.0827,1.0
123510815,2017-12-25T13:55:01.46,BUY,0.08273833,0.01214672
123510816,2017-12-25T13:55:01.46,BUY,0.08274,0.2
123510817,2017-12-25T13:55:01.46,BUY,0.08275,0.09367364
123510854,2017-12-25T13:55:09.49,BUY,0.0826999,0.27
123510855,2017-12-25T13:55:09.49,BUY,0.08275,0.03555407
123510960,2017-12-25T13:55:23.917,BUY,0.08275,0.12715041
123510961,2017-12-25T13:55:23.917,BUY,0.08275897,0.17840366
123510980,2017-12-25T13:55:25.98,BUY,0.0826999,0.12092044
123511005,2017-12-25T13:55:30.527,BUY,0.0826999,0.12092044
123511016,2017-12-25T13:55:32.103,BUY,0.0826999,0.10609226
123511029,2017-12-25T13:55:34.713,SELL,0.0826999,2.19263388
123511036,2017-12-25T13:55:35.107,SELL,0.0826999,0.6789
123511055,2017-12-25T13:55:39.403,SELL,0.0826999,0.00829188
123511076,2017-12-25T13:55:45.717,SELL,0.0826999,0.6279
123511085,2017-12-25T13:55:51.843,SELL,0.0826999,0.034854
123511108,2017-12-25T13:55:56.67,SELL,0.0826999,0.01219512
123511134,2017-12-25T13:56:01.03,SELL,0.0826999,0.27510303
123511135,2017-12-25T13:56:01.03,SELL,0.08216903,0.00399697
123511144,2017-12-25T13:56:02.173,BUY,0.0827,0.06015903
123511166,2017-12-25T13:56:04.407,BUY,0.0826999,0.06015903
123511169,2017-12-25T13:56:05.08,BUY,0.0826999,0.04038698
123511188,2017-12-25T13:56:08.44,BUY,0.0826999,0.02945399
123511189,2017-12-25T13:56:08.44,BUY,0.0827,0.03984097
123511190,2017-12-25T13:56:08.44,BUY,0.0827,0.006667
123511191,2017-12-25T13:56:08.44,BUY,0.08270888,0.02551762
123511209,2017-12-25T13:56:12.643,SELL,0.08270888,0.18359853
123511269,2017-12-25T13:56:24.757,BUY,0.08275897,0.1
123511273,2017-12-25T13:56:25.99,BUY,0.08275897,0.10661722
123511285,2017-12-25T13:56:30.6,BUY,0.08275898,0.00789794
123511286,2017-12-25T13:56:30.6,BUY,0.0827591,0.09818009
123511287,2017-12-25T13:56:30.6,BUY,0.08275912,0.037
123511288,2017-12-25T13:56:30.6,BUY,0.08275912,0.01331062
123511358,2017-12-25T13:56:45.15,SELL,0.08275912,0.02228516
123511403,2017-12-25T13:56:53.59,SELL,0.08275912,0.72842408
123511473,2017-12-25T13:57:04.7,BUY,0.08275912,0.39322708
123511489,2017-12-25T13:57:07.717,BUY,0.08275912,0.10233904
123511527,2017-12-25T13:57:14.763,SELL,0.08275912,0.3052503
123511561,2017-12-25T13:57:19.627,SELL,0.08275912,0.037
123511568,2017-12-25T13:57:21.953,BUY,0.08276522,0.00790072
123511578,2017-12-25T13:57:25.3,SELL,0.08276522,0.037
123511592,2017-12-25T13:57:28.75,BUY,0.08276523,0.01220897
123511593,2017-12-25T13:57:28.75,BUY,0.08276888,0.00899103
123511596,2017-12-25T13:57:29.283,BUY,0.08276888,4.75e-06
123511606,2017-12-25T13:57:30.72,SELL,0.08276523,1.0
123511610,2017-12-25T13:57:32.47,SELL,0.08276523,0.037
123511650,2017-12-25T13:57:46.833,SELL,0.08276522,0.02517333
123511655,2017-12-25T13:57:48.02,BUY,0.08279001,0.00721682
123511656,2017-12-25T13:57:48.02,BUY,0.08280479,0.00909655
123511657,2017-12-25T13:57:48.02,BUY,0.08281998,0.48798016
123511658,2017-12-25T13:57:48.02,BUY,0.08281999,0.03074702
123511669,2017-12-25T13:57:51.163,SELL,0.08281999,0.0061
123511701,2017-12-25T13:58:02.93,BUY,0.0828206,0.50292461
123511709,2017-12-25T13:58:03.9,SELL,0.08281999,0.01590425
123511711,2017-12-25T13:58:03.977,BUY,0.0828206,0.00030594
123511717,2017-12-25T13:58:05.883,BUY,0.08282069,0.0980175
123511738,2017-12-25T13:58:08.337,BUY,0.08282069,0.11578461
123511740,2017-12-25T13:58:08.493,SELL,0.0828206,0.10985327
123511803,2017-12-25T13:58:19.667,SELL,0.0828206,0.02578047
123511810,2017-12-25T13:58:20.34,BUY,0.08282069,11.9955
123511818,2017-12-25T13:58:20.92,BUY,0.08282069,2.2e-07
123511889,2017-12-25T13:58:30.2,BUY,0.08287249,0.49380777
123511911,2017-12-25T13:58:44.39,BUY,0.08287249,0.38843924
123511912,2017-12-25T13:58:44.39,BUY,0.08287249,0.0076457
123511929,2017-12-25T13:58:48.877,SELL,0.08287249,0.9483
123511943,2017-12-25T13:58:53.783,SELL,0.08287249,0.04507469
123511944,2017-12-25T13:58:53.783,SELL,0.08282061,0.09849584
123511945,2017-12-25T13:58:53.783,SELL,0.0828206,0.33692247
123511995,2017-12-25T13:59:06.567,BUY,0.08287249,0.0092008
123511996,2017-12-25T13:59:06.567,BUY,0.08289164,0.12009484
123512004,2017-12-25T13:59:10.49,BUY,0.08288904,0.08848738
123512007,2017-12-25T13:59:13.82,SELL,0.08282061,0.33760074
123512008,2017-12-25T13:59:13.82,SELL,0.0828206,0.00179926
123512009,2017-12-25T13:59:14.553,SELL,0.0828206,0.0964185
123512022,2017-12-25T13:59:28.79,SELL,0.0828206,0.12126856
123512025,2017-12-25T13:59:31.76,SELL,0.0828206,0.20945509
123512026,2017-12-25T13:59:31.76,SELL,0.0828206,0.03584295
123512046,2017-12-25T13:59:40.777,SELL,0.0828206,1.85526918
123512047,2017-12-25T13:59:40.777,SELL,0.0828206,0.07522531
123512048,2017-12-25T13:59:40.777,SELL,0.0828206,0.5
123512070,2017-12-25T13:59:51.45,BUY,0.0828,0.48430254
123512076,2017-12-25T13:59:53.967,BUY,0.0828,0.48430254
123512080,2017-12-25T13:59:57,BUY,0.0828,0.48430254
123512086,2017-12-25T13:59:59.203,BUY,0.0828,0.48430254
123512089,2017-12-25T13:59:59.343,SELL,0.08270891,0.05299777
123512099,2017-12-25T14:00:01.843,BUY,0.0828,0.48430254
123512110,2017-12-25T14:00:04.33,BUY,0.0828,0.48430254
123512125,2017-12-25T14:00:07.72,SELL,0.08270891,0.12150668
123512126,2017-12-25T14:00:07.72,SELL,0.08270891,0.12090684
123512127,2017-12-25T14:00:08.003,SELL,0.08270891,0.10661721
123512134,2017-12-25T14:00:09.47,BUY,0.0828,0.48430254
123512145,2017-12-25T14:00:12.067,BUY,0.0828,0.48430254
123512150,2017-12-25T14:00:13.02,SELL,0.08270891,0.36154671
123512151,2017-12-25T14:00:13.02,SELL,0.08270891,0.01286463
123512157,2017-12-25T14:00:14.643,BUY,0.08270891,0.0978196
123512158,2017-12-25T14:00:14.643,BUY,0.0828,0.38648294
123512170,2017-12-25T14:00:17.223,BUY,0.0828,0.48430254
123512196,2017-12-25T14:00:25.303,SELL,0.08270888,0.03934143
123512197,2017-12-25T14:00:25.35,SELL,0.08270888,0.02065857
123512198,2017-12-25T14:00:25.35,SELL,0.08263076,0.07802809
123512199,2017-12-25T14:00:25.35,SELL,0.08263076,0.22637973
123512200,2017-12-25T14:00:25.38,SELL,0.08263076,0.13393086
123512201,2017-12-25T14:00:25.38,SELL,0.08237003,0.81556724
123512207,2017-12-25T14:00:27.6,BUY,0.08279999,0.17585138
123512208,2017-12-25T14:00:27.6,BUY,0.0828,0.30845116
123512217,2017-12-25T14:00:30.193,BUY,0.082759,0.41041683
123512218,2017-12-25T14:00:30.193,BUY,0.0828,0.0739672
123512281,2017-12-25T14:00:59.823,BUY,0.0828,0.01361904
123512283,2017-12-25T14:00:59.997,BUY,0.0828,0.48430254
123512297,2017-12-25T14:01:03.013,BUY,0.082759,0.06157458
123512310,2017-12-25T14:01:08.92,BUY,0.082759,0.05044905
123512324,2017-12-25T14:01:22.093,SELL,0.082759,0.12277681
123512329,2017-12-25T14:01:27.377,SELL,0.082759,0.417
123512331,2017-12-25T14:01:28.66,BUY,0.0828,0.01267194
123512341,2017-12-25T14:01:52.6,SELL,0.082759,0.037
123512346,2017-12-25T14:02:12.98,SELL,0.082759,0.05968058
123512350,2017-12-25T14:02:46.97,SELL,0.082759,0.05968058
123512352,2017-12-25T14:02:52.017,BUY,0.0828,0.99333192
123512355,2017-12-25T14:03:17.867,SELL,0.082759,0.45871996
123512359,2017-12-25T14:03:33.353,SELL,0.0823701,0.6156
123512363,2017-12-25T14:04:29.41,BUY,0.082759,0.00701662
123512364,2017-12-25T14:04:29.41,BUY,0.082759,0.07632679
123512366,2017-12-25T14:04:53.227,BUY,0.082759,0.1
123512369,2017-12-25T14:05:10.293,SELL,0.08270891,0.06157458
123512374,2017-12-25T14:05:39.203,BUY,0.082759,1.34907252
123512375,2017-12-25T14:05:39.203,BUY,0.082759,0.46573658
123512376,2017-12-25T14:05:39.203,BUY,0.082759,0.01820698
123512377,2017-12-25T14:05:39.203,BUY,0.082759,0.037
123512378,2017-12-25T14:05:39.22,BUY,0.082759,0.11047967
123512382,2017-12-25T14:06:19.273,BUY,0.082759,1.41491964
123512383,2017-12-25T14:06:19.273,BUY,0.082759,0.58323336
123512386,2017-12-25T14:06:27.603,BUY,0.082759,0.31009356
123512387,2017-12-25T14:06:27.603,BUY,0.082759,0.05220644
123512392,2017-12-25T14:06:45.89,BUY,0.082759,0.0177208
123512393,2017-12-25T14:06:45.89,BUY,0.082759,0.06992724
123512394,2017-12-25T14:06:45.89,BUY,0.082759,0.0331249
123512395,2017-12-25T14:06:46.437,SELL,0.08270891,0.02176883
123512396,2017-12-25T14:06:46.437,SELL,0.08237011,0.42316433
123512399,2017-12-25T14:06:51.123,BUY,0.08275897,0.89332692
123512400,2017-12-25T14:06:51.123,BUY,0.082759,0.03680234
123512401,2017-12-25T14:06:51.123,BUY,0.082759,0.06992724
123512402,2017-12-25T14:06:51.123,BUY,0.0828,37.76990486
123512403,2017-12-25T14:06:51.123,BUY,0.08288904,1.11151262
123512404,2017-12-25T14:06:51.123,BUY,0.08289164,0.0092016
123512405,2017-12-25T14:06:51.123,BUY,0.0829,0.34373148
123512406,2017-12-25T14:06:51.123,BUY,0.08291128,0.00948306
123512407,2017-12-25T14:06:51.123,BUY,0.08291217,0.12057306
123512408,2017-12-25T14:06:51.123,BUY,0.0829134,0.46820613
123512409,2017-12-25T14:06:51.123,BUY,0.0829135,0.34
123512410,2017-12-25T14:06:51.123,BUY,0.08291379,1.0
123512411,2017-12-25T14:06:51.123,BUY,0.08291385,2.07599436
123512412,2017-12-25T14:06:51.123,BUY,0.08291417,0.00625595
123512413,2017-12-25T14:06:51.123,BUY,0.08291426,0.00953704
123512414,2017-12-25T14:06:51.123,BUY,0.08291427,0.00712014
123512415,2017-12-25T14:06:51.123,BUY,0.08292099,0.02185918
123512416,2017-12-25T14:06:51.123,BUY,0.0829227,0.1
123512417,2017-12-25T14:06:51.123,BUY,0.08292949,0.02
123512418,2017-12-25T14:06:51.14,BUY,0.08295725,0.60204568
123512419,2017-12-25T14:06:51.14,BUY,0.08295874,0.05913023
123512420,2017-12-25T14:06:51.14,BUY,0.0829589,0.16988674
123512421,2017-12-25T14:06:51.14,BUY,0.082968,0.66997942
123512422,2017-12-25T14:06:51.14,BUY,0.08296801,0.41501029
123512423,2017-12-25T14:06:51.14,BUY,0.08296802,0.51501029
123512424,2017-12-25T14:06:51.14,BUY,0.08296803,0.51501029
123512425,2017-12-25T14:06:51.14,BUY,0.08298442,0.12161187
123512426,2017-12-25T14:06:51.14,BUY,0.08298719,0.22582196
123512427,2017-12-25T14:06:51.14,BUY,0.08298868,0.14196728
123512428,2017-12-25T14:06:51.14,BUY,0.083,7.99506624
123512429,2017-12-25T14:06:51.14,BUY,0.083,0.13453047
123512430,2017-12-25T14:06:51.14,BUY,0.083,2.34733498
123512431,2017-12-25T14:06:51.14,BUY,0.083,0.05
123512432,2017-12-25T14:06:51.14,BUY,0.08301418,0.01463593
123512433,2017-12-25T14:06:51.14,BUY,0.08305134,1.0
123512434,2017-12-25T14:06:51.14,BUY,0.08305144,0.00989166
123512435,2017-12-25T14:06:51.14,BUY,0.08305144,0.19534057
123512436,2017-12-25T14:06:51.14,BUY,0.08305145,0.04637257
123512437,2017-12-25T14:06:51.14,BUY,0.08305251,0.05799754
123512438,2017-12-25T14:06:51.14,BUY,0.08308566,0.18266688
123512439,2017-12-25T14:06:51.14,BUY,0.08308675,0.07858864
123512440,2017-12-25T14:06:51.14,BUY,0.08309111,0.22489007
123512441,2017-12-25T14:06:51.14,BUY,0.08309419,0.22645508
123512442,2017-12-25T14:06:51.14,BUY,0.0831,0.74536134
123512446,2017-12-25T14:07:00.517,BUY,0.08270891,0.08334341
123512447,2017-12-25T14:07:00.517,BUY,0.08270891,0.03215266
123512448,2017-12-25T14:07:00.517,BUY,0.0831,0.00527687
123512454,2017-12-25T14:07:14.003,BUY,0.08270891,0.52541716
123512455,2017-12-25T14:07:14.003,BUY,0.08270891,0.19118284
123512457,2017-12-25T14:07:21.27,BUY,0.08270891,0.33423432
123512458,2017-12-25T14:07:21.27,BUY,0.08275895,0.42310217
123512459,2017-12-25T14:07:21.27,BUY,0.08275897,0.70298251
123512465,2017-12-25T14:07:51.37,BUY,0.08270891,0.0372031
123512466,2017-12-25T14:07:51.37,BUY,0.08270891,0.0027969
123512470,2017-12-25T14:08:00.497,BUY,0.08270891,0.0344062
123512471,2017-12-25T14:08:00.497,BUY,0.08275897,0.19034441
123512472,2017-12-25T14:08:00.497,BUY,0.08275897,0.66857631
123512477,2017-12-25T14:08:06.23,BUY,0.08275897,0.07532266
123512479,2017-12-25T14:08:08.78,BUY,0.08275897,0.08016545
123512481,2017-12-25T14:08:08.95,BUY,0.08275897,0.25223425
123512482,2017-12-25T14:08:08.95,BUY,0.082759,0.0174
123512483,2017-12-25T14:08:08.95,BUY,0.082759,0.15469798
123512486,2017-12-25T14:08:12.153,BUY,0.0831,1.27325773
123512487,2017-12-25T14:08:12.153,BUY,0.0831,0.07835497
123512488,2017-12-25T14:08:12.153,BUY,0.0831267,0.04216954
123512489,2017-12-25T14:08:12.153,BUY,0.08312847,0.02164489
123512490,2017-12-25T14:08:12.153,BUY,0.08314,2.92404887
123512497,2017-12-25T14:08:23.047,SELL,0.083011,0.10836
123512498,2017-12-25T14:08:23.047,SELL,0.0823701,0.01234842
123512499,2017-12-25T14:08:25.39,SELL,0.0823701,0.03623965
123512500,2017-12-25T14:08:26.093,SELL,0.0823701,1.57943484
123512501,2017-12-25T14:08:26.33,SELL,0.0823701,0.30915558
123512506,2017-12-25T14:08:33.127,SELL,0.08298501,0.11156936
123512510,2017-12-25T14:08:37.017,SELL,0.08298501,0.06745486
123512511,2017-12-25T14:08:37.017,SELL,0.08237101,0.02457917
123512521,2017-12-25T14:08:50.193,SELL,0.08237101,1.3421
123512522,2017-12-25T14:08:51.88,SELL,0.08237101,2.45340109
123512526,2017-12-25T14:08:57.07,BUY,0.08270883,0.02543308
123512528,2017-12-25T14:08:58.79,SELL,0.08270891,0.00056742
123512532,2017-12-25T14:09:02.743,BUY,0.0827089,0.04
123512553,2017-12-25T14:09:22.107,SELL,0.082372,0.52541716
123512555,2017-12-25T14:09:25.747,SELL,0.082372,0.09817995
123512557,2017-12-25T14:09:27.23,SELL,0.082372,1.01082005
123512558,2017-12-25T14:09:27.23,SELL,0.08237102,1.20310724
123512559,2017-12-25T14:09:27.23,SELL,0.082371,0.10846573
123512589,2017-12-25T14:10:11.003,SELL,0.08237227,0.07012883
123512590,2017-12-25T14:10:11.003,SELL,0.08237227,0.40422515
123512591,2017-12-25T14:10:11.003,SELL,0.08237223,0.68176102
123512596,2017-12-25T14:10:16.897,SELL,0.08237237,0.40422515
123512597,2017-12-25T14:10:16.897,SELL,0.08237223,2.09577485
123512598,2017-12-25T14:10:17.583,SELL,0.08237223,0.14688936
123512602,2017-12-25T14:10:23.587,BUY,0.08313827,0.0119679
123512616,2017-12-25T14:10:35.213,BUY,0.08313827,0.00012039
123512617,2017-12-25T14:10:35.213,BUY,0.08313827,0.04991507
123512618,2017-12-25T14:10:35.227,BUY,0.08313993,0.05901534
123512619,2017-12-25T14:10:35.227,BUY,0.08313995,0.0112294
123512622,2017-12-25T14:10:42.12,BUY,0.08313995,0.1202802
123512623,2017-12-25T14:10:46.997,SELL,0.08237247,0.07
123512624,2017-12-25T14:10:46.997,SELL,0.08237238,0.26532849
123512625,2017-12-25T14:10:46.997,SELL,0.08237224,0.72658427
123512626,2017-12-25T14:10:46.997,SELL,0.08237224,0.72658427
123512627,2017-12-25T14:10:46.997,SELL,0.08237223,0.06461361
123512636,2017-12-25T14:10:54.14,SELL,0.08237223,0.42
123512638,2017-12-25T14:10:57.483,BUY,0.08313827,0.30190299
123512647,2017-12-25T14:11:15.347,SELL,0.08237223,0.4287
123512655,2017-12-25T14:11:37.85,SELL,0.0823732,0.01213987
123512656,2017-12-25T14:11:37.863,SELL,0.08237305,0.01213989
123512657,2017-12-25T14:11:37.863,SELL,0.08237223,0.59673153
123512658,2017-12-25T14:11:38.037,SELL,0.08237223,0.47456847
123512661,2017-12-25T14:11:55.57,SELL,0.08237213,7.73
123512662,2017-12-25T14:11:55.57,SELL,0.08237212,1.17
123512663,2017-12-25T14:11:55.57,SELL,0.08237102,1.20592349
123512664,2017-12-25T14:11:55.57,SELL,0.08237011,0.07
123512665,2017-12-25T14:11:55.57,SELL,0.08237,0.36109691
123512666,2017-12-25T14:11:55.57,SELL,0.08234343,0.26898746
123512667,2017-12-25T14:11:55.57,SELL,0.08228158,0.82459242
123512668,2017-12-25T14:11:55.57,SELL,0.08215348,0.68433696
123512669,2017-12-25T14:11:55.57,SELL,0.08215348,0.3
123512670,2017-12-25T14:11:55.57,SELL,0.0820752,0.21205825
123512671,2017-12-25T14:11:55.57,SELL,0.08205744,0.05644949
123512672,2017-12-25T14:11:55.57,SELL,0.082,0.06097561
123512677,2017-12-25T14:12:00.65,BUY,0.082,0.11579319
123512679,2017-12-25T14:12:01.93,BUY,0.082,0.48902744
123512683,2017-12-25T14:12:03.26,BUY,0.082,0.08324978
123512685,2017-12-25T14:12:05.01,BUY,0.082,0.48902744
123512688,2017-12-25T14:12:08.057,BUY,0.082,0.48902744
123512691,2017-12-25T14:12:10.153,BUY,0.082,1.23911091
123512704,2017-12-25T14:12:20.903,SELL,0.08237213,0.06
123512710,2017-12-25T14:12:31.61,SELL,0.08237213,0.15
123512711,2017-12-25T14:12:31.827,SELL,0.08237213,0.01365778
123512713,2017-12-25T14:12:33.83,SELL,0.08237213,0.58131424
123512719,2017-12-25T14:12:49.66,SELL,0.08237213,0.1221074
123512723,2017-12-25T14:12:57.613,SELL,0.08237213,0.18909398
123512730,2017-12-25T14:13:04.067,SELL,0.08237213,0.08969192
123512731,2017-12-25T14:13:04.067,SELL,0.08237213,0.04954083
123512732,2017-12-25T14:13:04.927,SELL,0.08237213,3.95045917
123512733,2017-12-25T14:13:04.927,SELL,0.082,0.14304083
123512742,2017-12-25T14:13:21.68,SELL,0.08200001,0.01818601
123512743,2017-12-25T14:13:21.68,SELL,0.082,0.13443021
123512753,2017-12-25T14:13:36.557,SELL,0.08191991,0.1
123512756,2017-12-25T14:13:38.59,BUY,0.08196026,0.14
123512761,2017-12-25T14:13:40.107,BUY,0.08196026,0.19544138
123512762,2017-12-25T14:13:40.107,BUY,0.08196026,0.03520982
123512769,2017-12-25T14:13:44.23,SELL,0.08196033,0.5
123512788,2017-12-25T14:14:04.47,BUY,0.08299991,0.02409638
123512804,2017-12-25T14:14:17.55,SELL,0.08299991,0.60849524
123512806,2017-12-25T14:14:19.63,SELL,0.08200002,0.04682344
123512807,2017-12-25T14:14:19.63,SELL,0.082,0.04072319
123512808,2017-12-25T14:14:19.63,SELL,0.08196295,0.52094861
123512816,2017-12-25T14:14:29.41,BUY,0.08299982,0.1
123512817,2017-12-25T14:14:30.27,SELL,0.08196296,0.27
123512818,2017-12-25T14:14:30.27,SELL,0.08196295,0.73
123512825,2017-12-25T14:14:36.21,BUY,0.08299982,0.18483168
123512826,2017-12-25T14:14:36.21,BUY,0.08299982,0.42366422
123512832,2017-12-25T14:14:42.04,BUY,0.08299977,0.12861736
123512836,2017-12-25T14:14:44.837,SELL,0.08299977,0.4798789
123512837,2017-12-25T14:14:45.227,SELL,0.08196377,0.01220051
123512838,2017-12-25T14:14:45.227,SELL,0.08196302,0.46767839
123512843,2017-12-25T14:14:47.447,SELL,0.08196304,0.03868393
123512844,2017-12-25T14:14:47.447,SELL,0.08196302,0.44119497
123512862,2017-12-25T14:15:24.97,SELL,0.08237103,0.01084
123512868,2017-12-25T14:15:37.377,SELL,0.08196304,0.05115741
123512869,2017-12-25T14:15:37.377,SELL,0.08196302,0.67824832
123512871,2017-12-25T14:15:38.033,BUY,0.08237103,0.37636354
123512873,2017-12-25T14:15:43.817,BUY,0.08237103,0.12140194
123512876,2017-12-25T14:15:46.02,BUY,0.08237103,0.02719559
123512877,2017-12-25T14:15:48.19,SELL,0.08196564,2.5
123512879,2017-12-25T14:15:54.863,BUY,0.08237103,0.03142514
123512886,2017-12-25T14:16:03.21,BUY,0.08237103,0.09687872
123512893,2017-12-25T14:16:10.397,SELL,0.08196302,0.781083
123512894,2017-12-25T14:16:10.397,SELL,0.08196296,0.1565243
123512895,2017-12-25T14:16:10.397,SELL,0.08196033,1.0623927
123512897,2017-12-25T14:16:13.93,BUY,0.08237103,0.03194773
123512903,2017-12-25T14:16:20.633,BUY,0.08237103,0.02671424
123512910,2017-12-25T14:16:34.793,BUY,0.08237103,0.2878731
123512918,2017-12-25T14:16:39.543,SELL,0.08237103,0.32526783
123512920,2017-12-25T14:16:40.45,SELL,0.08196571,0.1597
123512922,2017-12-25T14:16:40.543,BUY,0.08237103,0.012407
123512957,2017-12-25T14:17:10.783,BUY,0.08237102,0.02581453
123512971,2017-12-25T14:17:26.3,BUY,0.08237102,0.01214019
123512975,2017-12-25T14:17:27.24,SELL,0.08237101,0.02499424
123512976,2017-12-25T14:17:27.24,SELL,0.08196579,0.09567785
123512978,2017-12-25T14:17:27.317,SELL,0.08196579,0.05554526
123512979,2017-12-25T14:17:27.317,SELL,0.08196571,0.06476272
123512985,2017-12-25T14:17:30.303,BUY,0.08237102,0.03635508
123513019,2017-12-25T14:17:59.137,BUY,0.08237102,0.01933556
123513022,2017-12-25T14:18:00.15,BUY,0.08237102,13.08329251
123513025,2017-12-25T14:18:02.637,BUY,0.08237102,0.16307573
123513057,2017-12-25T14:18:19.513,SELL,0.08237102,0.00775429
123513059,2017-12-25T14:18:19.873,SELL,0.08237102,1.79433969
123513068,2017-12-25T14:18:25.327,SELL,0.08196593,0.07210481
123513072,2017-12-25T14:18:34.877,BUY,0.08196593,0.01031929
123513077,2017-12-25T14:18:36.453,BUY,0.08196593,0.01943112
123513084,2017-12-25T14:18:40.25,BUY,0.08196593,0.04
123513096,2017-12-25T14:18:45.783,BUY,0.08196593,0.36266348
123513097,2017-12-25T14:18:47.753,SELL,0.08196571,0.11938241
123513104,2017-12-25T14:19:01.193,BUY,0.08196584,0.0504077
123513105,2017-12-25T14:19:01.193,BUY,0.08196584,0.0295923
123513107,2017-12-25T14:19:08.303,BUY,0.08196584,0.0208154
123513108,2017-12-25T14:19:08.303,BUY,0.08196584,0.0191846
123513112,2017-12-25T14:19:10.85,BUY,0.08196584,0.0312231
123513113,2017-12-25T14:19:10.85,BUY,0.08196584,0.0981239
123513115,2017-12-25T14:19:11.773,SELL,0.08196584,0.07630831
123513118,2017-12-25T14:19:15.743,BUY,0.08196593,0.14
123513130,2017-12-25T14:19:25.573,BUY,0.08196593,0.42240808
123513131,2017-12-25T14:19:25.573,BUY,0.08196593,0.10927635
123513132,2017-12-25T14:19:25.573,BUY,0.08196593,4.93740648
123513144,2017-12-25T14:19:38.323,BUY,0.0821684,0.01029386
123513147,2017-12-25T14:19:44.373,BUY,0.0821684,0.02838877
123513148,2017-12-25T14:19:45.327,SELL,0.08196593,0.2
123513152,2017-12-25T14:19:48.873,BUY,0.08237102,0.06295903
123513184,2017-12-25T14:20:15.567,BUY,0.08237102,6.0704904
123513207,2017-12-25T14:20:35.833,BUY,0.08237102,0.12140194
123513249,2017-12-25T14:20:48.053,BUY,0.08237102,0.1
123513258,2017-12-25T14:20:51.76,BUY,0.08237102,0.02222595
123513259,2017-12-25T14:20:51.76,BUY,0.08237102,0.02399102
123513263,2017-12-25T14:20:54.773,SELL,0.08237102,0.16570526
123513276,2017-12-25T14:20:57.9,SELL,0.08237102,0.47798037
123513277,2017-12-25T14:20:57.9,SELL,0.08201736,0.11238109
123513278,2017-12-25T14:20:57.917,SELL,0.08196604,0.02753854
123513290,2017-12-25T14:21:04.323,BUY,0.08247102,0.02283179
123513295,2017-12-25T14:21:08.2,BUY,0.08196604,0.49346215
123513300,2017-12-25T14:21:09.153,BUY,0.08196604,0.10653785
123513303,2017-12-25T14:21:10.67,BUY,0.08247102,0.04927302
123513317,2017-12-25T14:21:16.31,SELL,0.08247102,0.01218626
123513319,2017-12-25T14:21:16.903,SELL,0.08247102,0.27646583
123513337,2017-12-25T14:21:24.903,SELL,0.08247102,0.8063
123513358,2017-12-25T14:21:42.987,SELL,0.08247102,0.1
123513362,2017-12-25T14:21:46.72,SELL,0.08247102,0.11938241
123513367,2017-12-25T14:21:50.987,BUY,0.08298526,0.0239581
123513378,2017-12-25T14:21:59.55,SELL,0.08247102,0.12003231
123513379,2017-12-25T14:22:00.16,SELL,0.08247102,0.12106552
123513381,2017-12-25T14:22:01.457,SELL,0.08247102,0.07630831
123513382,2017-12-25T14:22:02.473,SELL,0.08247102,0.11955716
123513383,2017-12-25T14:22:02.817,SELL,0.08247102,0.35248141
123513387,2017-12-25T14:22:05.63,SELL,0.08247102,0.1210988
123513390,2017-12-25T14:22:18.32,SELL,0.08247102,0.1105081
123513404,2017-12-25T14:22:27.667,BUY,0.08298,0.05038359
123513408,2017-12-25T14:22:35.26,SELL,0.08247102,0.09016885
123513409,2017-12-25T14:22:38.48,SELL,0.08247102,0.11111111
123513410,2017-12-25T14:22:38.497,SELL,0.08247102,0.11111111
123513433,2017-12-25T14:22:54.28,BUY,0.08297226,2.32507782
123513438,2017-12-25T14:22:57.827,SELL,0.08247102,0.02044425
123513444,2017-12-25T14:23:00.64,BUY,0.08296978,0.17492141
123513448,2017-12-25T14:23:02.077,BUY,0.08296978,0.0597579
123513451,2017-12-25T14:23:03.72,BUY,0.08296978,0.35624755
123513452,2017-12-25T14:23:03.72,BUY,0.08296979,0.4695898
123513462,2017-12-25T14:23:06.623,SELL,0.08297226,0.33813325
123513522,2017-12-25T14:23:28.58,SELL,0.0828,0.05309179
123513527,2017-12-25T14:23:29.69,BUY,0.08296969,3.10683056
123513546,2017-12-25T14:23:39.037,BUY,0.0828,0.037
123513552,2017-12-25T14:23:43.257,SELL,0.0828,0.01349312
123513566,2017-12-25T14:23:52.773,BUY,0.0829696,0.03991861
123513597,2017-12-25T14:24:06.557,BUY,0.08247102,0.18337323
123513614,2017-12-25T14:24:14.543,BUY,0.08247102,0.01028608
123513615,2017-12-25T14:24:14.543,BUY,0.08247102,0.06202956
123513618,2017-12-25T14:24:15.543,SELL,0.08237102,0.1
123513619,2017-12-25T14:24:15.543,SELL,0.08227539,0.02110628
123513649,2017-12-25T14:24:29.17,BUY,0.08247102,0.09
123513656,2017-12-25T14:24:31.17,BUY,0.08247102,0.02419032
123513672,2017-12-25T14:24:46.33,BUY,0.08247102,0.07111007
123513675,2017-12-25T14:24:51.66,BUY,0.08247102,0.24130771
123513682,2017-12-25T14:25:13.443,SELL,0.08237102,0.24
123513695,2017-12-25T14:25:26.15,BUY,0.08247102,0.12125474
123513698,2017-12-25T14:25:26.93,BUY,0.08247102,0.60240964
123513701,2017-12-25T14:25:27.213,BUY,0.08247102,0.04700184
123513714,2017-12-25T14:25:55.623,SELL,0.08227539,0.21705497
123513716,2017-12-25T14:25:56.153,BUY,0.08227539,0.00796672
123513717,2017-12-25T14:25:56.153,BUY,0.08247101,1.13742043
123513729,2017-12-25T14:26:14.237,SELL,0.082371,0.2428
123513731,2017-12-25T14:26:15.83,SELL,0.082371,3.9e-06
123513733,2017-12-25T14:26:16.5,BUY,0.08239999,0.08832343
123513739,2017-12-25T14:26:18.47,BUY,0.08239999,0.02734915
123513744,2017-12-25T14:26:27.223,BUY,0.082371,0.17
123513746,2017-12-25T14:26:29.037,BUY,0.082371,2.45663128
123513747,2017-12-25T14:26:31.393,SELL,0.08239999,0.48538117
123513752,2017-12-25T14:26:43.943,SELL,0.08227539,0.1
123513753,2017-12-25T14:26:43.943,SELL,0.08223201,0.066
123513756,2017-12-25T14:26:52.6,BUY,0.082371,0.0125249
123513768,2017-12-25T14:27:17.23,BUY,0.082371,0.02428014
123513770,2017-12-25T14:27:19.42,BUY,0.082371,0.02735878
123513772,2017-12-25T14:27:19.59,BUY,0.082371,0.016
123513783,2017-12-25T14:27:37.453,SELL,0.08223201,0.80333957
123513784,2017-12-25T14:27:37.453,SELL,0.08223201,0.80722516
123513808,2017-12-25T14:28:09.38,SELL,0.08223201,0.28629045
123513815,2017-12-25T14:28:17.68,SELL,0.08223201,0.03028179
123513819,2017-12-25T14:28:22.32,SELL,0.08223201,0.54639721
123513831,2017-12-25T14:28:26.383,SELL,0.08223201,0.73120641
123513832,2017-12-25T14:28:26.383,SELL,0.08223201,0.1
123513833,2017-12-25T14:28:26.383,SELL,0.08223201,0.0248914
123513834,2017-12-25T14:28:26.383,SELL,0.08223201,0.15113994
123513841,2017-12-25T14:28:32.26,BUY,0.08223201,0.99543104
123513858,2017-12-25T14:28:55.623,SELL,0.08223201,0.07534759
123513872,2017-12-25T14:29:14.487,SELL,0.08223201,0.07444195
123513882,2017-12-25T14:29:22.22,BUY,0.08237097,0.00966184
123513907,2017-12-25T14:29:37.723,SELL,0.08223201,2.85477942
123513915,2017-12-25T14:29:44.85,SELL,0.08207539,0.1
123513916,2017-12-25T14:29:44.867,SELL,0.08207539,1.16457387
123513931,2017-12-25T14:29:56.79,BUY,0.08237097,0.02415459
123513944,2017-12-25T14:30:51.25,SELL,0.08207549,0.02265766
123513973,2017-12-25T14:31:26.273,BUY,0.08237096,0.02501817
123513974,2017-12-25T14:31:26.273,BUY,0.08237097,0.01618357
123513975,2017-12-25T14:31:26.273,BUY,0.08237097,0.01439241
123513980,2017-12-25T14:31:31.023,SELL,0.08237097,0.04040585
123513981,2017-12-25T14:31:31.023,SELL,0.08237096,0.02429415
123513982,2017-12-25T14:31:31.553,SELL,0.08237096,4.665e-05
123513985,2017-12-25T14:31:35.79,SELL,0.08207539,0.24302192
123513986,2017-12-25T14:31:35.79,SELL,0.08207539,0.32725156
123513987,2017-12-25T14:31:35.807,SELL,0.08207539,0.03876604
123513988,2017-12-25T14:31:35.807,SELL,0.08207539,0.04920936
123513993,2017-12-25T14:31:43.9,BUY,0.08207539,0.1827588
123514004,2017-12-25T14:32:16.657,SELL,0.08200004,0.06434821
123514005,2017-12-25T14:32:16.657,SELL,0.082,0.2
123514006,2017-12-25T14:32:16.657,SELL,0.082,0.1
123514008,2017-12-25T14:32:16.873,BUY,0.082,0.08415199
123514016,2017-12-25T14:32:25.173,BUY,0.08207538,0.00762537
123514017,2017-12-25T14:32:25.173,BUY,0.08207539,0.01440254
123514020,2017-12-25T14:32:28.347,SELL,0.08207549,0.0145238
123514021,2017-12-25T14:32:28.347,SELL,0.08200004,1.0
123514022,2017-12-25T14:32:28.347,SELL,0.082,0.5559666
123514027,2017-12-25T14:32:31.423,BUY,0.08237097,0.18341266
123514028,2017-12-25T14:32:31.423,BUY,0.08237099,0.00767677
123514029,2017-12-25T14:32:31.423,BUY,0.08239991,0.04823448
123514030,2017-12-25T14:32:31.423,BUY,0.08239991,0.04823448
123514031,2017-12-25T14:32:31.423,BUY,0.08239991,0.04823448
123514032,2017-12-25T14:32:31.423,BUY,0.0824,0.66420713
123514045,2017-12-25T14:32:53.147,SELL,0.08237097,0.11018579
123514049,2017-12-25T14:32:59.397,SELL,0.08237097,0.11111111
123514051,2017-12-25T14:33:02.79,SELL,0.08237097,0.16983618
123514053,2017-12-25T14:33:03.837,SELL,0.08237097,0.03648721
123514059,2017-12-25T14:33:09.18,BUY,0.0824,0.01213592
123514065,2017-12-25T14:33:11.12,SELL,0.08237097,0.48805763
123514069,2017-12-25T14:33:13.667,SELL,0.08237097,0.48805763
123514070,2017-12-25T14:33:14.727,SELL,0.08237097,1.55236515
123514071,2017-12-25T14:33:14.727,SELL,0.08237097,1.78870848
123514072,2017-12-25T14:33:16.273,SELL,0.08200001,0.36493898
123514073,2017-12-25T14:33:16.273,SELL,0.082,0.1231246
123514088,2017-12-25T14:33:32.12,SELL,0.082,0.05557004
123514096,2017-12-25T14:33:54.733,SELL,0.08200005,0.05813724
123514097,2017-12-25T14:33:54.733,SELL,0.08200005,15.0
123514116,2017-12-25T14:34:03.597,SELL,0.082,1.85726743
123514158,2017-12-25T14:34:29.537,BUY,0.08200005,0.651042
123514161,2017-12-25T14:34:37.477,SELL,0.082,0.1064614
123514162,2017-12-25T14:34:37.477,SELL,0.08197547,0.0070595
123514168,2017-12-25T14:34:46.96,SELL,0.08200001,0.01023751
123514169,2017-12-25T14:34:46.96,SELL,0.08197547,0.03688014
123514170,2017-12-25T14:34:46.96,SELL,0.08197539,0.06307992
123514171,2017-12-25T14:34:47.133,SELL,0.08197539,0.03692008
123514172,2017-12-25T14:34:47.133,SELL,0.08197539,0.07742326
123514175,2017-12-25T14:34:49.43,BUY,0.08200005,0.01466218
123514179,2017-12-25T14:34:55.603,BUY,0.08200005,0.01487716
123514190,2017-12-25T14:35:06.213,SELL,0.082,0.0060884
123514191,2017-12-25T14:35:06.213,SELL,0.08197547,0.01430293
123514192,2017-12-25T14:35:06.23,SELL,0.08197539,0.09300136
123514196,2017-12-25T14:35:07.573,BUY,0.08200005,0.00926561
123514198,2017-12-25T14:35:08.107,BUY,0.08200005,0.37
123514201,2017-12-25T14:35:09.543,SELL,0.08197539,0.13378253
123514211,2017-12-25T14:35:17.123,BUY,0.08197539,0.07387105
123514214,2017-12-25T14:35:26.89,BUY,0.08197539,0.12195121
123514215,2017-12-25T14:35:28.217,SELL,0.08196593,0.07218756
123514217,2017-12-25T14:35:30.563,BUY,0.08196593,0.1
123514221,2017-12-25T14:35:31.343,BUY,0.08196593,0.01927471
123514224,2017-12-25T14:35:31.86,BUY,0.08196593,0.00853773
123514225,2017-12-25T14:35:31.86,BUY,0.08197539,0.02014144
123514226,2017-12-25T14:35:31.86,BUY,0.08197539,0.09327204
123514253,2017-12-25T14:35:58.537,BUY,0.08196593,0.01299519
123514277,2017-12-25T14:36:18.227,SELL,0.08196571,0.01156598
123514278,2017-12-25T14:36:18.227,SELL,0.08196571,0.11082644
123514296,2017-12-25T14:36:33.133,SELL,0.08196571,0.13317803
123514298,2017-12-25T14:36:37.353,SELL,0.08191977,0.12210444
123514300,2017-12-25T14:36:37.823,BUY,0.08196571,0.17882021
123514305,2017-12-25T14:36:42.683,BUY,0.08196571,0.11211612
123514329,2017-12-25T14:37:02.577,SELL,0.08191977,0.46575456
123514331,2017-12-25T14:37:04.25,BUY,0.08191977,0.53226135
123514332,2017-12-25T14:37:04.263,BUY,0.08191977,0.16817166
123514333,2017-12-25T14:37:04.263,BUY,0.08196571,1.29956699
123514334,2017-12-25T14:37:05.157,SELL,0.081918,0.00976586
123514335,2017-12-25T14:37:05.157,SELL,0.08191036,0.00466167
123514338,2017-12-25T14:37:15.19,BUY,0.08196571,0.01220022
123514340,2017-12-25T14:37:16.563,BUY,0.08196571,0.13690969
123514364,2017-12-25T14:37:34.393,BUY,0.08196571,0.02115609
123514368,2017-12-25T14:37:38.05,SELL,0.08191036,0.11661136
123514379,2017-12-25T14:37:51.413,BUY,0.08196571,0.01220022
123514385,2017-12-25T14:38:01.447,BUY,0.08196571,0.1
123514391,2017-12-25T14:38:14.98,BUY,0.08196571,2.43779978
123514392,2017-12-25T14:38:14.98,BUY,0.08196571,2.00864909
123514393,2017-12-25T14:38:14.98,BUY,0.08196571,0.40302129
123514394,2017-12-25T14:38:14.98,BUY,0.08196593,0.99102284
123514399,2017-12-25T14:38:20.387,SELL,0.08195406,0.37886199
123514400,2017-12-25T14:38:20.387,SELL,0.08191036,0.78645696
123514401,2017-12-25T14:38:20.387,SELL,0.08191036,0.1055828
123514402,2017-12-25T14:38:20.387,SELL,0.08191036,0.0122
123514403,2017-12-25T14:38:20.387,SELL,0.0819,0.30193237
123514404,2017-12-25T14:38:20.4,SELL,0.0819,0.01220397
123514405,2017-12-25T14:38:20.4,SELL,0.08185588,0.02
123514406,2017-12-25T14:38:20.4,SELL,0.08185588,0.88224701
123514407,2017-12-25T14:38:20.4,SELL,0.08185588,0.0076457
123514408,2017-12-25T14:38:20.4,SELL,0.08185005,1.0
123514409,2017-12-25T14:38:20.4,SELL,0.08182915,1.0
123514410,2017-12-25T14:38:20.4,SELL,0.08182229,0.13388039
123514411,2017-12-25T14:38:20.4,SELL,0.0818,12.43516222
123514414,2017-12-25T14:38:26.387,BUY,0.0818,0.01222493
123514416,2017-12-25T14:38:28.777,BUY,0.0818,4.701938
123514418,2017-12-25T14:38:30.59,BUY,0.0818,0.19773212
123514420,2017-12-25T14:38:30.933,BUY,0.08196593,0.70465493
123514438,2017-12-25T14:38:43.843,BUY,0.08196593,0.03571936
123514447,2017-12-25T14:38:47.67,BUY,0.08196593,0.01795983
123514548,2017-12-25T14:39:40.697,SELL,0.08194277,0.06021545
123514549,2017-12-25T14:39:40.697,SELL,0.08194277,0.04970291
123514586,2017-12-25T14:40:01.4,SELL,0.08194281,0.04617732
123514587,2017-12-25T14:40:01.4,SELL,0.08194277,0.05029709
123514598,2017-12-25T14:40:12.763,BUY,0.08194277,0.04659866
123514637,2017-12-25T14:40:26.657,BUY,0.08194277,0.02676784
123514638,2017-12-25T14:40:26.657,BUY,0.08196593,2.33764785
123514639,2017-12-25T14:40:26.657,BUY,0.08196593,0.025
123514640,2017-12-25T14:40:26.657,BUY,0.08196593,0.16415131
123514642,2017-12-25T14:40:28.407,SELL,0.08194274,0.03546221
123514653,2017-12-25T14:40:33.343,BUY,0.08194274,0.12203634
123514706,2017-12-25T14:40:55.913,BUY,0.08194274,0.02250382
123514716,2017-12-25T14:41:05.227,BUY,0.08194274,0.81999763
123514717,2017-12-25T14:41:05.227,BUY,0.08194274,0.68071137
123514722,2017-12-25T14:41:07.603,BUY,0.08194274,1.107997
123514740,2017-12-25T14:41:18.133,BUY,0.08194274,1.1e-07
123514741,2017-12-25T14:41:18.133,BUY,0.08196593,1.9e-07
123514742,2017-12-25T14:41:18.133,BUY,0.08237097,0.11347256
123514747,2017-12-25T14:41:21.243,BUY,0.08237097,0.08652744
123514815,2017-12-25T14:42:06.5,SELL,0.08237097,0.99692527
123514821,2017-12-25T14:42:13.22,BUY,0.0824,0.06064644
123514822,2017-12-25T14:42:13.673,SELL,0.08237097,0.03117519
123514824,2017-12-25T14:42:15.393,SELL,0.08237097,0.24469942
123514828,2017-12-25T14:42:19.38,BUY,0.0824,0.09987557
123514832,2017-12-25T14:42:25.677,SELL,0.08237097,0.02364297
123514838,2017-12-25T14:42:28.427,SELL,0.08237097,0.41733609
123514867,2017-12-25T14:42:47.243,BUY,0.08239999,0.00753737
123514877,2017-12-25T14:43:01.23,SELL,0.08239999,0.0166738
123514905,2017-12-25T14:43:20.013,BUY,0.08239999,1.81243411
123514983,2017-12-25T14:43:58.347,SELL,0.08237097,0.28622106
123514984,2017-12-25T14:43:58.347,SELL,0.08237097,0.45805763
123514993,2017-12-25T14:44:14.63,BUY,0.08239999,0.12823053
123514994,2017-12-25T14:44:14.63,BUY,0.08239999,0.23681291
123514995,2017-12-25T14:44:14.63,BUY,0.0824,3.56313494
123514996,2017-12-25T14:44:14.63,BUY,0.08247101,0.13227729
123514997,2017-12-25T14:44:14.63,BUY,0.08247102,0.01454987
123514998,2017-12-25T14:44:14.63,BUY,0.08249999,1.17
123514999,2017-12-25T14:44:14.63,BUY,0.0825,1.38001946
123515020,2017-12-25T14:44:25.6,BUY,0.0825,11.05514276
123515093,2017-12-25T14:44:52.26,SELL,0.08237117,0.1209336
123515125,2017-12-25T14:44:58.87,SELL,0.08237126,0.12121785
123515324,2017-12-25T14:45:37.63,BUY,0.08271196,0.02
123515325,2017-12-25T14:45:37.63,BUY,0.08271196,0.10090144
123515351,2017-12-25T14:45:41.583,BUY,0.08271196,0.78134557
123515352,2017-12-25T14:45:41.583,BUY,0.08271196,0.0076457
123515353,2017-12-25T14:45:41.583,BUY,0.08271196,0.07654412
123515354,2017-12-25T14:45:41.583,BUY,0.08271196,0.63335061
123515365,2017-12-25T14:45:42.723,BUY,0.08271196,1.2e-07
123515401,2017-12-25T14:45:50.867,BUY,0.08273721,0.00976586
123515402,2017-12-25T14:45:50.867,BUY,0.08286553,0.0028352
123515408,2017-12-25T14:45:51.663,BUY,0.08286553,0.3971648
123515409,2017-12-25T14:45:51.663,BUY,0.08287102,0.63469097
123515410,2017-12-25T14:45:51.663,BUY,0.08296952,0.0850934
123515411,2017-12-25T14:45:51.663,BUY,0.0829696,0.00625894
123515412,2017-12-25T14:45:51.663,BUY,0.08298261,0.00764396
123515413,2017-12-25T14:45:51.663,BUY,0.08298526,0.05346741
123515414,2017-12-25T14:45:51.663,BUY,0.08299207,0.01210959
123515415,2017-12-25T14:45:51.663,BUY,0.08299872,0.45947818
123515416,2017-12-25T14:45:51.663,BUY,0.08299889,0.00774849
123515417,2017-12-25T14:45:51.663,BUY,0.082999,0.0979097
123515418,2017-12-25T14:45:51.663,BUY,0.08299977,0.3
123515419,2017-12-25T14:45:51.663,BUY,0.0829998,1.48483189
123515420,2017-12-25T14:45:51.663,BUY,0.08299991,0.25674881
123515421,2017-12-25T14:45:51.663,BUY,0.08299991,0.3
123515422,2017-12-25T14:45:51.663,BUY,0.083,0.01452703
123515423,2017-12-25T14:45:51.663,BUY,0.083,0.1186304
123515424,2017-12-25T14:45:51.663,BUY,0.083,0.92445143
123515426,2017-12-25T14:45:51.803,BUY,0.083,0.01260117
123515434,2017-12-25T14:45:55.21,BUY,0.083,2.694345
123515436,2017-12-25T14:45:55.367,BUY,0.083,1.3686024
123515463,2017-12-25T14:46:00.883,BUY,0.08299991,0.04040595
123515464,2017-12-25T14:46:00.883,BUY,0.0831399,0.50827753
123515465,2017-12-25T14:46:00.883,BUY,0.08313991,0.04040595
123515466,2017-12-25T14:46:00.883,BUY,0.08313992,0.48686157
123515508,2017-12-25T14:46:09.197,BUY,0.083,0.01
123515618,2017-12-25T14:46:37.187,SELL,0.08271206,0.00976603
123515621,2017-12-25T14:46:38.953,BUY,0.08271202,0.01154562
123515622,2017-12-25T14:46:38.953,BUY,0.08271203,0.67925592
123515711,2017-12-25T14:47:06.02,SELL,0.08262927,0.20371712
123515716,2017-12-25T14:47:06.957,BUY,0.08271196,3.66660261
123515726,2017-12-25T14:47:11.567,SELL,0.08262927,0.20371712
123515733,2017-12-25T14:47:14.147,SELL,0.08271196,0.01210981
123515735,2017-12-25T14:47:14.943,BUY,0.08271195,1.38859552
123515800,2017-12-25T14:47:34.447,BUY,0.08271202,0.00750826
123515804,2017-12-25T14:47:35.57,BUY,0.08271202,1.883e-05
123515935,2017-12-25T14:48:09.543,SELL,0.08271202,3.01797951
123515936,2017-12-25T14:48:09.543,SELL,0.08271202,2.42196978
123515937,2017-12-25T14:48:09.543,SELL,0.08271202,0.1201
123515938,2017-12-25T14:48:09.543,SELL,0.08271202,0.006765
123515939,2017-12-25T14:48:09.543,SELL,0.08271202,1.26170477
123515943,2017-12-25T14:48:10.577,BUY,0.08271203,0.04380749
123516011,2017-12-25T14:48:23.86,BUY,0.08271203,0.0375666
123516112,2017-12-25T14:48:49.05,SELL,0.08262927,0.23631084
123516160,2017-12-25T14:49:03.6,BUY,0.08262927,0.02687682
123516203,2017-12-25T14:49:12.307,BUY,0.08262927,0.01184637
123516208,2017-12-25T14:49:13.07,BUY,0.08262927,0.04469045
123516211,2017-12-25T14:49:13.46,SELL,0.08262926,0.0096818
123516212,2017-12-25T14:49:13.46,SELL,0.08224131,0.28311377
123516261,2017-12-25T14:49:23.057,BUY,0.08262927,0.18027551
123516295,2017-12-25T14:49:26.917,BUY,0.08262927,1e-08
123516330,2017-12-25T14:49:33.137,BUY,0.08271203,3.019e-05
123516454,2017-12-25T14:50:01.53,BUY,0.08299992,0.011988
123516474,2017-12-25T14:50:05.047,SELL,0.08262979,0.11303371
123516550,2017-12-25T14:50:34.333,BUY,0.08299992,0.12048207
123516554,2017-12-25T14:50:35.6,BUY,0.08299992,0.12048207
123516608,2017-12-25T14:50:51.743,BUY,0.08262979,0.01106848
123516615,2017-12-25T14:50:53.367,SELL,0.0826298,0.32472072
123516616,2017-12-25T14:50:53.367,SELL,0.08262973,0.25317928
123516641,2017-12-25T14:50:59.963,SELL,0.08262973,0.32144441
123516642,2017-12-25T14:50:59.963,SELL,0.08262927,0.70854273
123516652,2017-12-25T14:51:02.98,SELL,0.08262927,0.07756392
123516668,2017-12-25T14:51:07.713,SELL,0.0826293,0.01428253
123516680,2017-12-25T14:51:11.997,SELL,0.0826293,0.74977963
123516699,2017-12-25T14:51:23.543,SELL,0.0826293,0.208327
123516706,2017-12-25T14:51:25.623,SELL,0.0826293,0.977452
123516709,2017-12-25T14:51:26.92,SELL,0.0826293,0.7288
123516716,2017-12-25T14:51:27.89,SELL,0.0826293,0.97933049
123516717,2017-12-25T14:51:27.89,SELL,0.08262927,0.42411823
123516772,2017-12-25T14:51:45.5,SELL,0.08249104,0.0536275
123516796,2017-12-25T14:51:56.783,BUY,0.0829994,0.10306852
123516812,2017-12-25T14:52:05.253,BUY,0.08299938,0.10230991
123516827,2017-12-25T14:52:09.927,BUY,0.08299935,0.03695746
123516834,2017-12-25T14:52:15.503,BUY,0.08299926,2.68213163
123516880,2017-12-25T14:52:31.99,SELL,0.08249104,0.01483618
123516881,2017-12-25T14:52:31.99,SELL,0.08241771,0.17545646
123516882,2017-12-25T14:52:31.99,SELL,0.08221611,0.01002237
123516883,2017-12-25T14:52:31.99,SELL,0.08221455,0.2036918
123516884,2017-12-25T14:52:31.99,SELL,0.08216655,0.14261351
123516885,2017-12-25T14:52:31.99,SELL,0.08216534,0.23343626
123516886,2017-12-25T14:52:31.99,SELL,0.08215997,0.22048142
123516898,2017-12-25T14:52:36.46,BUY,0.08229369,0.02960039
123516901,2017-12-25T14:52:38.477,SELL,0.08215997,4e-08
123516910,2017-12-25T14:52:40.557,BUY,0.08215997,2.35265813
123516921,2017-12-25T14:52:42.273,BUY,0.08229369,0.05985049
123516922,2017-12-25T14:52:42.273,BUY,0.08289998,1.47334951
123516978,2017-12-25T14:53:03.247,SELL,0.08229369,0.05985049
123516979,2017-12-25T14:53:03.247,SELL,0.082155,0.14658721
123517159,2017-12-25T14:53:47.11,BUY,0.08289793,0.01475492
123517193,2017-12-25T14:53:59.897,SELL,0.08229369,0.11691667
123517198,2017-12-25T14:54:01.52,SELL,0.08229369,0.0262
123517216,2017-12-25T14:54:07.697,BUY,0.08289763,0.48656213
123517317,2017-12-25T14:54:38.993,BUY,0.08289733,0.01278965
123517390,2017-12-25T14:55:04.32,SELL,0.0822937,0.13668878
123517398,2017-12-25T14:55:05.883,SELL,0.0822937,0.13661036
123517401,2017-12-25T14:55:07.413,SELL,0.0822937,0.09
123517404,2017-12-25T14:55:08.743,BUY,0.08289704,0.13040224
123517406,2017-12-25T14:55:10.51,SELL,0.0822937,0.13666238
123517417,2017-12-25T14:55:14.387,SELL,0.0822937,0.20218779
123517423,2017-12-25T14:55:15.23,BUY,0.08289696,0.03845192
123517444,2017-12-25T14:55:20.17,SELL,0.0822937,0.02036594
123517446,2017-12-25T14:55:20.53,BUY,0.08289695,0.0072379
123517474,2017-12-25T14:55:32.287,BUY,0.08289686,0.01625079
123517511,2017-12-25T14:55:47.81,BUY,0.08289674,0.101168
123517512,2017-12-25T14:55:47.81,BUY,0.08289686,1.61768573
123517558,2017-12-25T14:56:06.413,SELL,0.08229369,0.03979728
123517559,2017-12-25T14:56:06.413,SELL,0.08229369,0.03006141
123517696,2017-12-25T14:56:47.62,SELL,0.08229369,0.02993859
123517697,2017-12-25T14:56:47.637,SELL,0.08229369,0.00660735
123517775,2017-12-25T14:57:14.84,BUY,0.0828961,0.86053179
123517980,2017-12-25T14:58:34.72,BUY,0.08289592,0.58934799
123518098,2017-12-25T14:59:25.59,BUY,0.0827,0.16
123518181,2017-12-25T15:00:15.13,BUY,0.0827,0.01813784
123518185,2017-12-25T15:00:16.083,BUY,0.0827,0.18186216
123518222,2017-12-25T15:00:24.117,BUY,0.08289577,0.1206334
123518232,2017-12-25T15:00:30.527,SELL,0.08229369,0.0379208
123518233,2017-12-25T15:00:30.527,SELL,0.08229369,0.03168576
123518234,2017-12-25T15:00:30.527,SELL,0.08229369,0.43039344
123518266,2017-12-25T15:00:48.257,BUY,0.08289574,0.12091898
123518282,2017-12-25T15:00:59.527,SELL,0.08229369,0.07085449
123518318,2017-12-25T15:01:42.407,SELL,0.08229369,0.12300387
123518365,2017-12-25T15:02:21.677,SELL,0.0824,0.55318732
123518379,2017-12-25T15:02:32.93,BUY,0.0824,0.0209892
123518399,2017-12-25T15:02:59.083,BUY,0.0824,0.08527159
123518456,2017-12-25T15:03:30.897,BUY,0.0824,0.59762408
123518511,2017-12-25T15:03:47.577,BUY,0.0824,0.85808442
123518512,2017-12-25T15:03:47.577,BUY,0.0824,0.03766302
123518513,2017-12-25T15:03:47.577,BUY,0.0824,0.10425256
123518544,2017-12-25T15:04:04.71,BUY,0.0824,0.0128225
123518594,2017-12-25T15:04:26.047,BUY,0.0824,0.0209892
123518630,2017-12-25T15:04:39.257,SELL,0.0822937,0.03655171
123518695,2017-12-25T15:05:12.63,BUY,0.0824,0.10579164
123518717,2017-12-25T15:05:28.683,BUY,0.0824,0.12135922
123518772,2017-12-25T15:06:08.5,BUY,0.0824,0.01049454
123518823,2017-12-25T15:06:56.363,SELL,0.08229374,0.1298
123518829,2017-12-25T15:06:58.32,BUY,0.0823,0.01050729
123518831,2017-12-25T15:07:00.74,BUY,0.0823,0.01215066
123518853,2017-12-25T15:07:25.393,SELL,0.08229374,0.0002
123518854,2017-12-25T15:07:25.393,SELL,0.0822937,0.05029881
123518869,2017-12-25T15:07:39.26,BUY,0.08229999,0.00732066
123518870,2017-12-25T15:07:39.26,BUY,0.0823,0.97734205
123518871,2017-12-25T15:07:39.26,BUY,0.0823,0.03300556
123518872,2017-12-25T15:07:39.26,BUY,0.0823,0.05300073
123518897,2017-12-25T15:07:56.787,SELL,0.0822937,0.94970119
123518898,2017-12-25T15:07:56.787,SELL,0.0822937,0.05029881
123518929,2017-12-25T15:08:14.263,BUY,0.0823,0.0910881
123518930,2017-12-25T15:08:14.263,BUY,0.0824,0.2486119
123518933,2017-12-25T15:08:14.87,SELL,0.0822937,0.04970119
123518938,2017-12-25T15:08:20.75,BUY,0.0822937,0.87114403
123518940,2017-12-25T15:08:20.983,BUY,0.0822937,0.970001
123518958,2017-12-25T15:08:29.177,BUY,0.0822937,0.04005069
123518967,2017-12-25T15:08:39.65,BUY,0.0822937,8.211716
123518974,2017-12-25T15:08:43.76,BUY,0.0822937,2.2e-07
123518977,2017-12-25T15:08:43.883,BUY,0.0824,0.18969344
123518989,2017-12-25T15:08:49.12,SELL,0.08229369,0.18969344
123518992,2017-12-25T15:08:49.247,BUY,0.0824,0.05500776
123519041,2017-12-25T15:09:14.837,BUY,0.0824,0.01049454
123519080,2017-12-25T15:09:55.167,BUY,0.0824,0.01798883
123519102,2017-12-25T15:10:11.987,BUY,0.0824,0.2094948
123519118,2017-12-25T15:10:34.26,BUY,0.08239999,0.12135922
123519121,2017-12-25T15:10:35.823,BUY,0.08239999,0.03376368
123519123,2017-12-25T15:10:38.183,BUY,0.08239999,0.12135922
123519151,2017-12-25T15:11:04.917,BUY,0.08239999,0.0455207
123519157,2017-12-25T15:11:12.153,BUY,0.0824,0.09777625
123519158,2017-12-25T15:11:12.153,BUY,0.0824,0.083
123519159,2017-12-25T15:11:12.153,BUY,0.0824,0.00735112
123519161,2017-12-25T15:11:12.263,BUY,0.0824,1.19e-06
123519168,2017-12-25T15:11:14.14,SELL,0.0824001,0.07272007
123519169,2017-12-25T15:11:14.14,SELL,0.0824,0.1237809
123519176,2017-12-25T15:11:15.03,BUY,0.08239996,0.05549201
123519188,2017-12-25T15:11:20.08,BUY,0.08239996,0.09684471
123519198,2017-12-25T15:11:28.833,BUY,0.08239996,0.2
123519200,2017-12-25T15:11:44.307,SELL,0.08229369,0.51858177
123519207,2017-12-25T15:11:51.78,SELL,0.08229369,1.81129112
123519215,2017-12-25T15:12:17.993,SELL,0.08229369,0.05496094
123519221,2017-12-25T15:12:27.64,SELL,0.08229369,0.14597684
123519244,2017-12-25T15:12:42.757,SELL,0.08229369,0.10493997
123519247,2017-12-25T15:12:48.523,SELL,0.08229369,0.27149999
123519262,2017-12-25T15:13:02.39,SELL,0.08239996,3.0
123519263,2017-12-25T15:13:02.42,SELL,0.08229369,0.6586
123519367,2017-12-25T15:14:34.13,SELL,0.08229369,25.92325653
123519368,2017-12-25T15:14:34.13,SELL,0.08229369,0.21893749
123519369,2017-12-25T15:14:34.13,SELL,0.08229369,0.43478747
123519370,2017-12-25T15:14:34.13,SELL,0.08229369,0.05
123519416,2017-12-25T15:15:15.743,BUY,0.0822936,0.34201467
123519417,2017-12-25T15:15:15.743,BUY,0.0822936,0.01221253
123519418,2017-12-25T15:15:15.743,BUY,0.08229369,0.8457728
123519426,2017-12-25T15:15:33.237,BUY,0.08229369,0.12151598
123519428,2017-12-25T15:15:33.347,BUY,0.08229369,0.12151598
123519430,2017-12-25T15:15:33.987,BUY,0.08229369,0.12151598
123519432,2017-12-25T15:15:34.613,BUY,0.08229369,0.12151598
123519457,2017-12-25T15:16:33.967,BUY,0.08229368,0.1159
123519463,2017-12-25T15:16:52.817,BUY,0.08229,0.1
123519466,2017-12-25T15:16:56.57,SELL,0.08212756,0.03256958
123519467,2017-12-25T15:16:56.57,SELL,0.08212756,1.09587328
123519475,2017-12-25T15:17:13.17,SELL,0.08212756,0.95009091
123519481,2017-12-25T15:17:32.253,SELL,0.08212756,0.2
123519482,2017-12-25T15:17:34.787,SELL,0.08212756,0.9396766
123519483,2017-12-25T15:17:34.85,SELL,0.08212756,4.27950918
123519496,2017-12-25T15:17:52.607,BUY,0.0821,0.04019488
123519501,2017-12-25T15:18:03.55,BUY,0.0821,0.10179438
123519508,2017-12-25T15:18:08.13,BUY,0.0821,0.36540803
123519519,2017-12-25T15:18:22.743,SELL,0.08207642,0.0607287
123519520,2017-12-25T15:18:22.743,SELL,0.08207642,0.0987713
123519524,2017-12-25T15:18:29.06,BUY,0.0821,0.37668683
123519526,2017-12-25T15:18:30.997,SELL,0.08207642,0.0012287
123519529,2017-12-25T15:18:33.14,BUY,0.08207642,0.02557856
123519533,2017-12-25T15:18:37.36,BUY,0.08207642,0.08222711
123519534,2017-12-25T15:18:37.36,BUY,0.0821,0.29445972
123519538,2017-12-25T15:18:38.423,BUY,0.0821,0.12180267
123519553,2017-12-25T15:18:53.757,BUY,0.0821,0.035367
123519558,2017-12-25T15:19:00.68,BUY,0.0821,0.035367
123519567,2017-12-25T15:19:10.92,BUY,0.0821,0.0353
123519579,2017-12-25T15:19:21.08,BUY,0.0821,0.25
123519584,2017-12-25T15:19:24.833,BUY,0.0821,1.0
123519608,2017-12-25T15:20:01.24,BUY,0.0821,3.39500826
123519618,2017-12-25T15:20:11.96,BUY,0.0821,0.0223213
123519638,2017-12-25T15:20:17.573,BUY,0.0821,0.02429963
123519640,2017-12-25T15:20:18.433,SELL,0.08207642,0.1597
123519659,2017-12-25T15:20:24.17,SELL,0.08207642,0.91984634
123519660,2017-12-25T15:20:24.17,SELL,0.08207642,0.08015366
123519665,2017-12-25T15:20:27.437,SELL,0.08207642,0.00622747
123519669,2017-12-25T15:20:27.78,BUY,0.0821,0.02819982
123519670,2017-12-25T15:20:27.78,BUY,0.0821,0.01744995
123519671,2017-12-25T15:20:27.78,BUY,0.0821,0.00046551
123519673,2017-12-25T15:20:28.313,BUY,0.0821,0.01030242
123519685,2017-12-25T15:20:34.957,BUY,0.0821,0.12180267
123519703,2017-12-25T15:20:38.677,BUY,0.08213219,0.04168221
123519704,2017-12-25T15:20:38.677,BUY,0.08228998,0.0072059
123519705,2017-12-25T15:20:38.677,BUY,0.08269972,0.07291456
123519715,2017-12-25T15:20:44.02,BUY,0.0821,0.30450669
123519717,2017-12-25T15:20:44.57,BUY,0.0821,0.12091942
123519719,2017-12-25T15:20:44.617,BUY,0.0821,0.12091942
123519722,2017-12-25T15:20:44.96,BUY,0.0821,0.03362826
123519723,2017-12-25T15:20:44.96,BUY,0.08269971,0.08729116
123519725,2017-12-25T15:20:45.023,BUY,0.08269971,0.12091942
123519739,2017-12-25T15:20:49.413,BUY,0.0826997,0.12091942
123519741,2017-12-25T15:20:53.447,BUY,0.08269961,0.00725516
123519743,2017-12-25T15:20:54.84,BUY,0.0826996,0.12091942
123519762,2017-12-25T15:21:07.577,BUY,0.08269952,3.32946409
123519763,2017-12-25T15:21:07.577,BUY,0.08269957,1.21654501
123519764,2017-12-25T15:21:07.577,BUY,0.08269957,1.33224912
123519765,2017-12-25T15:21:08.127,SELL,0.0826996,6.1834688
123519768,2017-12-25T15:21:10.25,SELL,0.08207642,0.02204205
123519769,2017-12-25T15:21:10.25,SELL,0.08207642,0.25
123519770,2017-12-25T15:21:10.25,SELL,0.08207641,0.05459364
123519771,2017-12-25T15:21:10.25,SELL,0.08206014,0.04498384
123519772,2017-12-25T15:21:10.25,SELL,0.08206014,0.10067162
123519773,2017-12-25T15:21:10.25,SELL,0.08202724,0.21569908
123519774,2017-12-25T15:21:10.25,SELL,0.08200008,0.18358411
123519843,2017-12-25T15:21:40.373,SELL,0.08200008,0.00985915
123519916,2017-12-25T15:22:20.357,SELL,0.08200009,0.15
123519923,2017-12-25T15:22:30.203,BUY,0.08228609,0.00714519
123519924,2017-12-25T15:22:30.203,BUY,0.0822861,0.48614401
123519925,2017-12-25T15:22:30.203,BUY,0.0822861,0.01221364
123519926,2017-12-25T15:22:30.203,BUY,0.08245149,2.30528449
123519937,2017-12-25T15:22:36.77,BUY,0.0824515,0.4524
123520083,2017-12-25T15:23:28.477,BUY,0.0824515,0.01212834
123520118,2017-12-25T15:23:49.863,BUY,0.08245149,0.5766413
123520129,2017-12-25T15:23:57.053,SELL,0.08210007,0.1
123520135,2017-12-25T15:24:09.417,SELL,0.08210019,0.12091942
123520158,2017-12-25T15:24:29.723,BUY,0.08245149,1.35697091
123520180,2017-12-25T15:24:40.26,SELL,0.08215,0.07683407
123520183,2017-12-25T15:24:48.81,BUY,0.08245149,0.03069389
123520202,2017-12-25T15:25:20.353,BUY,0.08245149,0.12128343
123520204,2017-12-25T15:25:20.37,BUY,0.08245149,0.0424492
123520214,2017-12-25T15:25:25.31,BUY,0.08245149,0.12128342
123520216,2017-12-25T15:25:27.293,BUY,0.08245149,0.07219328
123520218,2017-12-25T15:25:29.047,BUY,0.08245149,0.12128342
123520220,2017-12-25T15:25:33.957,BUY,0.08245149,0.08821714
123520224,2017-12-25T15:25:39.567,BUY,0.08245149,0.02185145
123520233,2017-12-25T15:25:46.07,SELL,0.08215,0.07316593
123520234,2017-12-25T15:25:46.07,SELL,0.08211006,3.42903421
123520239,2017-12-25T15:26:00.577,BUY,0.08245149,0.07010151
123520240,2017-12-25T15:26:02.077,SELL,0.0821502,0.09229299
123520243,2017-12-25T15:26:06.907,BUY,0.08215,0.24329426
123520257,2017-12-25T15:26:15.817,SELL,0.08215,0.03462517
123520258,2017-12-25T15:26:16.583,SELL,0.08215,0.02694009
123520259,2017-12-25T15:26:20.1,SELL,0.08215,1.02905674
123520264,2017-12-25T15:26:23.773,BUY,0.08215,0.055
123520272,2017-12-25T15:26:28.84,BUY,0.08215,0.026
123520276,2017-12-25T15:26:38.263,BUY,0.08215,0.026
123520279,2017-12-25T15:26:42.25,BUY,0.08215,0.3386
123520282,2017-12-25T15:26:47.627,BUY,0.0821106,0.026
123520286,2017-12-25T15:26:52.69,BUY,0.0821106,0.026
123520288,2017-12-25T15:26:55.88,BUY,0.0821106,2.0
123520290,2017-12-25T15:26:56.193,SELL,0.08211006,0.05
123520292,2017-12-25T15:26:57.427,BUY,0.0821106,0.026
123520296,2017-12-25T15:27:03.35,BUY,0.0821106,0.29843279
123520298,2017-12-25T15:27:04.35,BUY,0.0821106,0.026
123520301,2017-12-25T15:27:07.947,BUY,0.0821106,0.36536087
123520304,2017-12-25T15:27:09.573,BUY,0.0821106,0.026
123520308,2017-12-25T15:27:12.4,BUY,0.0821106,0.3385
123520312,2017-12-25T15:27:14.12,BUY,0.0821106,0.026
123520318,2017-12-25T15:27:18.14,BUY,0.08211059,0.00712044
123520319,2017-12-25T15:27:18.14,BUY,0.0821106,0.01887956
123520324,2017-12-25T15:27:22.187,BUY,0.0821106,0.026
123520326,2017-12-25T15:27:27.157,BUY,0.0821106,0.026
123520333,2017-12-25T15:27:42.477,BUY,0.0821106,0.3393
123520334,2017-12-25T15:27:43.133,SELL,0.08211006,0.04072105
123520341,2017-12-25T15:27:44.1,BUY,0.0821106,0.12178695
123520347,2017-12-25T15:27:47.963,BUY,0.0821106,0.08
123520360,2017-12-25T15:27:59.45,BUY,0.0821106,0.20183222
123520395,2017-12-25T15:28:12.627,BUY,0.0821106,0.02790761
123520396,2017-12-25T15:28:12.627,BUY,0.0821106,0.06475869
123520397,2017-12-25T15:28:12.627,BUY,0.0821106,0.2458337
123520430,2017-12-25T15:28:26.007,BUY,0.0821106,1.3641663
123520431,2017-12-25T15:28:26.007,BUY,0.0821106,0.44456649
123520432,2017-12-25T15:28:26.007,BUY,0.0821106,0.01452821
123520445,2017-12-25T15:28:30.853,BUY,0.0821106,1e-08
123520480,2017-12-25T15:28:43,BUY,0.0824515,0.17019092
123520481,2017-12-25T15:28:43,BUY,0.0824515,0.16820908
123520502,2017-12-25T15:28:49.047,SELL,0.0821106,0.09229299
123520503,2017-12-25T15:28:49.08,SELL,0.0821106,0.05611774
123520516,2017-12-25T15:28:51.283,SELL,0.08211061,0.22057583
123520535,2017-12-25T15:28:54.283,SELL,0.08211061,0.00946404
123520549,2017-12-25T15:28:56.05,SELL,0.08211061,0.21131732
123520586,2017-12-25T15:29:17.81,BUY,0.0824515,0.11355208
123520604,2017-12-25T15:29:26.25,SELL,0.08211061,0.04
123520632,2017-12-25T15:29:35.393,BUY,0.0824515,0.09702674
123520636,2017-12-25T15:29:36.113,BUY,0.0824515,0.01592011
123520743,2017-12-25T15:30:07.467,SELL,0.08211085,0.01223972
123520782,2017-12-25T15:30:19.16,SELL,0.08211086,0.22228324
123520862,2017-12-25T15:30:45.967,BUY,0.0824515,0.12128342
123520909,2017-12-25T15:31:01.91,BUY,0.0824515,0.01887364
123520920,2017-12-25T15:31:07.677,SELL,0.08211062,0.01223975
123520932,2017-12-25T15:31:15.307,BUY,0.08245149,0.01256351
123520940,2017-12-25T15:31:26.263,BUY,0.08245149,0.09702675
123520950,2017-12-25T15:32:04.56,SELL,0.08211062,0.34829252
123520951,2017-12-25T15:32:04.56,SELL,0.08211061,0.0516015
123520952,2017-12-25T15:32:04.56,SELL,0.08211061,0.60741237
123520953,2017-12-25T15:32:04.56,SELL,0.08211061,0.7
123520954,2017-12-25T15:32:04.56,SELL,0.0821106,0.09455424
123520955,2017-12-25T15:32:04.56,SELL,0.08211015,0.16409682
123520956,2017-12-25T15:32:04.56,SELL,0.08211006,8.60024474
123520957,2017-12-25T15:32:04.56,SELL,0.08211006,0.04262571
123520958,2017-12-25T15:32:04.56,SELL,0.0820882,0.26080273
123520959,2017-12-25T15:32:04.56,SELL,0.08200008,2.84771231
123520960,2017-12-25T15:32:04.56,SELL,0.082,0.12164634
123520961,2017-12-25T15:32:04.56,SELL,0.082,0.01
123520963,2017-12-25T15:32:05.543,BUY,0.082,0.0187778
123520973,2017-12-25T15:32:08.84,BUY,0.082,0.14013604
123520983,2017-12-25T15:32:12.31,BUY,0.082,1.09219331
123520990,2017-12-25T15:32:14.797,BUY,0.082,0.02165775
123520995,2017-12-25T15:32:16.687,BUY,0.082,0.06573181
123521009,2017-12-25T15:32:23.08,BUY,0.082,0.02817907
123521025,2017-12-25T15:32:29.88,BUY,0.082,0.11729323
123521030,2017-12-25T15:32:32.88,BUY,0.082,0.19445287
123521039,2017-12-25T15:32:38.35,BUY,0.08199999,0.00708058
123521040,2017-12-25T15:32:38.35,BUY,0.082,1.30620742
123521042,2017-12-25T15:32:38.46,BUY,0.082,0.02150646
123521056,2017-12-25T15:32:56.593,BUY,0.082,0.24544212
123521062,2017-12-25T15:33:03.033,BUY,0.08199999,0.05771741
123521064,2017-12-25T15:33:04.203,BUY,0.082,0.1014202
123521068,2017-12-25T15:33:06.02,BUY,0.082,1.12024527
123521072,2017-12-25T15:33:08.27,BUY,0.082,1.65
123521077,2017-12-25T15:33:10.083,BUY,0.082,0.14037227
123521087,2017-12-25T15:33:19.163,BUY,0.082,0.63371867
123521093,2017-12-25T15:33:20.007,BUY,0.082,7.716391
123521095,2017-12-25T15:33:20.633,BUY,0.082,0.04469093
123521101,2017-12-25T15:33:21.273,SELL,0.08199999,0.06392893
123521102,2017-12-25T15:33:21.273,SELL,0.08196571,0.03650917
123521103,2017-12-25T15:33:21.273,SELL,0.08196571,0.03964969
123521104,2017-12-25T15:33:21.273,SELL,0.08195079,0.11851954
123521105,2017-12-25T15:33:21.273,SELL,0.08194274,0.10369267
123521112,2017-12-25T15:33:24.023,BUY,0.082,13.714048
123521115,2017-12-25T15:33:25.07,BUY,0.082,0.20980996
123521119,2017-12-25T15:33:26.65,BUY,0.082,0.03451418
123521121,2017-12-25T15:33:32.31,BUY,0.082,0.04883853
123521123,2017-12-25T15:33:33.48,BUY,0.082,0.92709325
123521129,2017-12-25T15:33:39.233,BUY,0.082,0.92697391
123521144,2017-12-25T15:33:45.75,BUY,0.082,3.81540279
123521161,2017-12-25T15:34:07.48,BUY,0.082,0.04772927
123521163,2017-12-25T15:34:07.543,BUY,0.082,0.02912936
123521171,2017-12-25T15:34:16.86,BUY,0.082,0.04772933
123521179,2017-12-25T15:34:26.423,BUY,0.082,1.55
123521196,2017-12-25T15:34:38.397,BUY,0.082,0.03658536
123521206,2017-12-25T15:34:48.76,SELL,0.08194274,1.0
123521208,2017-12-25T15:34:49.573,BUY,0.082,4.60212468
123521211,2017-12-25T15:34:57.623,BUY,0.082,1.697
123521221,2017-12-25T15:35:04,BUY,0.082,0.0076457
123521228,2017-12-25T15:35:06.737,BUY,0.082,3.303138
123521236,2017-12-25T15:35:11.677,BUY,0.082,0.88224701
123521239,2017-12-25T15:35:12.253,BUY,0.082,0.04865854
123521242,2017-12-25T15:35:13.643,BUY,0.082,0.3397
123520286,2017-12-25T15:26:52.69,BUY,0.0821106,0.026
123520288,2017-12-25T15:26:55.88,BUY,0.0821106,2.0
123520290,2017-12-25T15:26:56.193,SELL,0.08211006,0.05
123520292,2017-12-25T15:26:57.427,BUY,0.0821106,0.026
123520296,2017-12-25T15:27:03.35,BUY,0.0821106,0.29843279
123520298,2017-12-25T15:27:04.35,BUY,0.0821106,0.026
123520301,2017-12-25T15:27:07.947,BUY,0.0821106,0.36536087
123520304,2017-12-25T15:27:09.573,BUY,0.0821106,0.026
123520308,2017-12-25T15:27:12.4,BUY,0.0821106,0.3385
123520312,2017-12-25T15:27:14.12,BUY,0.0821106,0.026
123520318,2017-12-25T15:27:18.14,BUY,0.08211059,0.00712044
123520319,2017-12-25T15:27:18.14,BUY,0.0821106,0.01887956
123520324,2017-12-25T15:27:22.187,BUY,0.0821106,0.026
123520326,2017-12-25T15:27:27.157,BUY,0.0821106,0.026
123520333,2017-12-25T15:27:42.477,BUY,0.0821106,0.3393
123520334,2017-12-25T15:27:43.133,SELL,0.08211006,0.04072105
123520341,2017-12-25T15:27:44.1,BUY,0.0821106,0.12178695
123520347,2017-12-25T15:27:47.963,BUY,0.0821106,0.08
123520360,2017-12-25T15:27:59.45,BUY,0.0821106,0.20183222
123520395,2017-12-25T15:28:12.627,BUY,0.0821106,0.02790761
123520396,2017-12-25T15:28:12.627,BUY,0.0821106,0.06475869
123520397,2017-12-25T15:28:12.627,BUY,0.0821106,0.2458337
123520430,2017-12-25T15:28:26.007,BUY,0.0821106,1.3641663
123520431,2017-12-25T15:28:26.007,BUY,0.0821106,0.44456649
123520432,2017-12-25T15:28:26.007,BUY,0.0821106,0.01452821
123520445,2017-12-25T15:28:30.853,BUY,0.0821106,1e-08
123520480,2017-12-25T15:28:43,BUY,0.0824515,0.17019092
123520481,2017-12-25T15:28:43,BUY,0.0824515,0.16820908
123520502,2017-12-25T15:28:49.047,SELL,0.0821106,0.09229299
123520503,2017-12-25T15:28:49.08,SELL,0.0821106,0.05611774
123520516,2017-12-25T15:28:51.283,SELL,0.08211061,0.22057583
123520535,2017-12-25T15:28:54.283,SELL,0.08211061,0.00946404
123520549,2017-12-25T15:28:56.05,SELL,0.08211061,0.21131732
123520586,2017-12-25T15:29:17.81,BUY,0.0824515,0.11355208
123520604,2017-12-25T15:29:26.25,SELL,0.08211061,0.04
123520632,2017-12-25T15:29:35.393,BUY,0.0824515,0.09702674
123520636,2017-12-25T15:29:36.113,BUY,0.0824515,0.01592011
123520743,2017-12-25T15:30:07.467,SELL,0.08211085,0.01223972
123520782,2017-12-25T15:30:19.16,SELL,0.08211086,0.22228324
123520862,2017-12-25T15:30:45.967,BUY,0.0824515,0.12128342
123520909,2017-12-25T15:31:01.91,BUY,0.0824515,0.01887364
123520920,2017-12-25T15:31:07.677,SELL,0.08211062,0.01223975
123520932,2017-12-25T15:31:15.307,BUY,0.08245149,0.01256351
123520940,2017-12-25T15:31:26.263,BUY,0.08245149,0.09702675
123520950,2017-12-25T15:32:04.56,SELL,0.08211062,0.34829252
123520951,2017-12-25T15:32:04.56,SELL,0.08211061,0.0516015
123520952,2017-12-25T15:32:04.56,SELL,0.08211061,0.60741237
123520953,2017-12-25T15:32:04.56,SELL,0.08211061,0.7
123520954,2017-12-25T15:32:04.56,SELL,0.0821106,0.09455424
123520955,2017-12-25T15:32:04.56,SELL,0.08211015,0.16409682
123520956,2017-12-25T15:32:04.56,SELL,0.08211006,8.60024474
123520957,2017-12-25T15:32:04.56,SELL,0.08211006,0.04262571
123520958,2017-12-25T15:32:04.56,SELL,0.0820882,0.26080273
123520959,2017-12-25T15:32:04.56,SELL,0.08200008,2.84771231
123520960,2017-12-25T15:32:04.56,SELL,0.082,0.12164634
123520961,2017-12-25T15:32:04.56,SELL,0.082,0.01
123520963,2017-12-25T15:32:05.543,BUY,0.082,0.0187778
123520973,2017-12-25T15:32:08.84,BUY,0.082,0.14013604
123520983,2017-12-25T15:32:12.31,BUY,0.082,1.09219331
123520990,2017-12-25T15:32:14.797,BUY,0.082,0.02165775
123520995,2017-12-25T15:32:16.687,BUY,0.082,0.06573181
123521009,2017-12-25T15:32:23.08,BUY,0.082,0.02817907
123521025,2017-12-25T15:32:29.88,BUY,0.082,0.11729323
123521030,2017-12-25T15:32:32.88,BUY,0.082,0.19445287
123521039,2017-12-25T15:32:38.35,BUY,0.08199999,0.00708058
123521040,2017-12-25T15:32:38.35,BUY,0.082,1.30620742
123521042,2017-12-25T15:32:38.46,BUY,0.082,0.02150646
123521056,2017-12-25T15:32:56.593,BUY,0.082,0.24544212
123521062,2017-12-25T15:33:03.033,BUY,0.08199999,0.05771741
123521064,2017-12-25T15:33:04.203,BUY,0.082,0.1014202
123521068,2017-12-25T15:33:06.02,BUY,0.082,1.12024527
123521072,2017-12-25T15:33:08.27,BUY,0.082,1.65
123521077,2017-12-25T15:33:10.083,BUY,0.082,0.14037227
123521087,2017-12-25T15:33:19.163,BUY,0.082,0.63371867
123521093,2017-12-25T15:33:20.007,BUY,0.082,7.716391
123521095,2017-12-25T15:33:20.633,BUY,0.082,0.04469093
123521101,2017-12-25T15:33:21.273,SELL,0.08199999,0.06392893
123521102,2017-12-25T15:33:21.273,SELL,0.08196571,0.03650917
123521103,2017-12-25T15:33:21.273,SELL,0.08196571,0.03964969
123521104,2017-12-25T15:33:21.273,SELL,0.08195079,0.11851954
123521105,2017-12-25T15:33:21.273,SELL,0.08194274,0.10369267
123521112,2017-12-25T15:33:24.023,BUY,0.082,13.714048
123521115,2017-12-25T15:33:25.07,BUY,0.082,0.20980996
123521119,2017-12-25T15:33:26.65,BUY,0.082,0.03451418
123521121,2017-12-25T15:33:32.31,BUY,0.082,0.04883853
123521123,2017-12-25T15:33:33.48,BUY,0.082,0.92709325
123521129,2017-12-25T15:33:39.233,BUY,0.082,0.92697391
123521144,2017-12-25T15:33:45.75,BUY,0.082,3.81540279
123521161,2017-12-25T15:34:07.48,BUY,0.082,0.04772927
123521163,2017-12-25T15:34:07.543,BUY,0.082,0.02912936
123521171,2017-12-25T15:34:16.86,BUY,0.082,0.04772933
123521179,2017-12-25T15:34:26.423,BUY,0.082,1.55
123521196,2017-12-25T15:34:38.397,BUY,0.082,0.03658536
123521206,2017-12-25T15:34:48.76,SELL,0.08194274,1.0
123521208,2017-12-25T15:34:49.573,BUY,0.082,4.60212468
123521211,2017-12-25T15:34:57.623,BUY,0.082,1.697
123521221,2017-12-25T15:35:04,BUY,0.082,0.0076457
123521228,2017-12-25T15:35:06.737,BUY,0.082,3.303138
123521236,2017-12-25T15:35:11.677,BUY,0.082,0.88224701
123521239,2017-12-25T15:35:12.253,BUY,0.082,0.04865854
123521242,2017-12-25T15:35:13.643,BUY,0.082,0.3397
123521251,2017-12-25T15:35:24.837,BUY,0.082,0.12195121
123521253,2017-12-25T15:35:25.57,BUY,0.082,0.12195121
123521255,2017-12-25T15:35:25.587,BUY,0.082,0.12195121
123521257,2017-12-25T15:35:30.243,BUY,0.082,1.49198463
123521261,2017-12-25T15:35:38.543,SELL,0.08194274,0.4786418
123521264,2017-12-25T15:35:43.75,BUY,0.082,0.3397
123521284,2017-12-25T15:36:05.943,BUY,0.082,0.0996205
123521287,2017-12-25T15:36:07.053,BUY,0.082,0.21539489
123521302,2017-12-25T15:36:10.18,BUY,0.082,0.03536585
123521304,2017-12-25T15:36:10.447,BUY,0.082,2.16770384
123521310,2017-12-25T15:36:12.383,BUY,0.082,1.08385192
123521319,2017-12-25T15:36:27.47,BUY,0.082,0.12164634
123521321,2017-12-25T15:36:29.407,BUY,0.082,0.21777003
123521324,2017-12-25T15:36:36.063,BUY,0.082,1.434
123521326,2017-12-25T15:36:38.363,BUY,0.082,0.36385026
123521328,2017-12-25T15:36:46.537,SELL,0.08194274,0.36385026
123521330,2017-12-25T15:36:47.507,BUY,0.082,0.06038647
123521332,2017-12-25T15:36:48.977,BUY,0.082,0.14597561
123521339,2017-12-25T15:37:01.373,BUY,0.082,0.17468755
123521340,2017-12-25T15:37:08.423,SELL,0.08194274,0.02
123521348,2017-12-25T15:37:24.287,BUY,0.08199999,0.00701697
123521349,2017-12-25T15:37:24.287,BUY,0.082,0.01798303
123521361,2017-12-25T15:37:34.993,SELL,0.08194274,1.03381527
123521362,2017-12-25T15:37:34.993,SELL,0.08194274,0.00681503
123521363,2017-12-25T15:37:34.993,SELL,0.08194274,0.1165339
123521364,2017-12-25T15:37:34.993,SELL,0.08194274,2.33516659
123521365,2017-12-25T15:37:34.993,SELL,0.08194274,3.50486596
123521397,2017-12-25T15:37:54.94,SELL,0.08189485,0.73438464
123521398,2017-12-25T15:37:54.94,SELL,0.08188484,0.02
123521399,2017-12-25T15:37:54.94,SELL,0.08187313,0.21892711
123521416,2017-12-25T15:38:03.96,BUY,0.082,0.10112593
123521461,2017-12-25T15:38:32.047,SELL,0.08194274,0.01614004
123521462,2017-12-25T15:38:32.047,SELL,0.08189489,0.06382274
123521463,2017-12-25T15:38:32.047,SELL,0.08187312,0.73937776
123521471,2017-12-25T15:38:40.13,BUY,0.08183784,0.11608322
123521476,2017-12-25T15:38:43.13,BUY,0.08183784,0.06457624
123521478,2017-12-25T15:38:44.177,BUY,0.0818415,0.12193645
123521479,2017-12-25T15:38:44.177,BUY,0.082,0.24932988
123521498,2017-12-25T15:38:59.09,BUY,0.082,0.10393
123521502,2017-12-25T15:39:04.607,BUY,0.082,30.0
123521518,2017-12-25T15:39:18.41,SELL,0.08194277,0.0421402
123521533,2017-12-25T15:39:24.537,BUY,0.08194277,2.0278598
123521592,2017-12-25T15:40:03.66,SELL,0.08183788,0.05304665
123521593,2017-12-25T15:40:03.66,SELL,0.08183784,0.12547591
123521613,2017-12-25T15:40:18.273,BUY,0.082,0.43478701
123521614,2017-12-25T15:40:18.273,BUY,0.082,0.0325
123521615,2017-12-25T15:40:18.273,BUY,0.082,0.2
123521616,2017-12-25T15:40:18.273,BUY,0.082,1.25
123521617,2017-12-25T15:40:18.273,BUY,0.082,0.12136188
123521619,2017-12-25T15:40:19.947,BUY,0.082,0.07863812
123521620,2017-12-25T15:40:19.947,BUY,0.082,0.47184388
123521623,2017-12-25T15:40:20.887,BUY,0.082,2.14339125
123521626,2017-12-25T15:40:23.45,BUY,0.082,0.6052483
123521629,2017-12-25T15:40:23.603,BUY,0.082,4.60589611
123521651,2017-12-25T15:40:35.61,SELL,0.08183787,0.04631297
123521653,2017-12-25T15:40:39.813,BUY,0.08183787,0.055754
123521661,2017-12-25T15:40:47.66,BUY,0.08183787,0.0027877
123521662,2017-12-25T15:40:47.66,BUY,0.08183787,0.10878166
123521664,2017-12-25T15:40:51.507,BUY,0.08183787,0.1
123521666,2017-12-25T15:40:52.507,BUY,0.08183787,0.0305482
123521668,2017-12-25T15:40:54.193,BUY,0.08183787,0.24438563
123521670,2017-12-25T15:40:55.117,BUY,0.08183787,0.03665784
123521672,2017-12-25T15:40:59.617,BUY,0.08183787,0.0304813
123521673,2017-12-25T15:40:59.617,BUY,0.08183787,0.03669519
123521677,2017-12-25T15:41:10.95,SELL,0.08183789,0.06090636
