33643611,2017-12-25T13:00:06.07,BUY,0.00346678,0.21569945
33643612,2017-12-25T13:00:06.07,BUY,0.00346996,9.09512315
33643615,2017-12-25T13:00:06.79,SELL,0.00346298,9.0127
33643626,2017-12-25T13:00:08.65,SELL,0.00346298,2.5235
33643638,2017-12-25T13:00:11.743,SELL,0.00346298,0.98139282
33643639,2017-12-25T13:00:11.743,SELL,0.00346298,0.23277488
33643645,2017-12-25T13:00:12.697,BUY,0.00346297,0.8742
33643646,2017-12-25T13:00:12.697,BUY,0.00346298,1.62860454
33643655,2017-12-25T13:00:14.82,SELL,0.00346294,8.2619
33643663,2017-12-25T13:00:15.727,BUY,0.00346298,51.87477451
33643675,2017-12-25T13:00:16.62,BUY,0.00346298,0.72965624
33643678,2017-12-25T13:00:16.993,SELL,0.00346288,16.002
33643680,2017-12-25T13:00:17.133,BUY,0.00346298,15.11067572
33643683,2017-12-25T13:00:17.213,BUY,0.00346298,39.48612229
33643698,2017-12-25T13:00:19.133,SELL,0.00346298,0.95868605
33643700,2017-12-25T13:00:19.353,BUY,0.00346313,0.60119883
33643706,2017-12-25T13:00:20.68,BUY,0.00346313,1.87835193
33643708,2017-12-25T13:00:20.697,SELL,0.00346298,26.36414227
33643709,2017-12-25T13:00:20.713,BUY,0.00346313,17.40284606
33643710,2017-12-25T13:00:20.713,BUY,0.00346678,2.78946325
33643711,2017-12-25T13:00:20.713,BUY,0.00346678,2.65706532
33643712,2017-12-25T13:00:20.713,BUY,0.00346996,63.38108031
33643722,2017-12-25T13:00:21.65,SELL,0.00346298,0.27731333
33643724,2017-12-25T13:00:22.01,BUY,0.00346996,50.6218476
33643725,2017-12-25T13:00:22.01,BUY,0.00346996,20.0
33643742,2017-12-25T13:00:26.4,SELL,0.00346996,70.5437
33643745,2017-12-25T13:00:26.697,BUY,0.00347059,70.0
33643746,2017-12-25T13:00:26.697,BUY,0.00348,7.15
33643747,2017-12-25T13:00:26.697,BUY,0.00348046,4.3528729
33643754,2017-12-25T13:00:29.057,SELL,0.00348046,0.46213936
33643757,2017-12-25T13:00:29.743,SELL,0.00348046,1.18333781
33643769,2017-12-25T13:00:31.527,SELL,0.00348046,0.5916689
33643774,2017-12-25T13:00:32.387,BUY,0.0034808,1.8004969
33643788,2017-12-25T13:00:34.823,BUY,0.00348999,1.12480525
33643789,2017-12-25T13:00:34.823,BUY,0.00349,15.0
33643804,2017-12-25T13:00:36.557,SELL,0.00349,11.51832312
33643806,2017-12-25T13:00:36.807,BUY,0.00349007,0.60961632
33643808,2017-12-25T13:00:37.183,SELL,0.00349,5.786
33643818,2017-12-25T13:00:39.103,SELL,0.00349,2.47452259
33643820,2017-12-25T13:00:39.29,BUY,0.00349007,1.13487686
33643821,2017-12-25T13:00:39.34,SELL,0.00349007,2.64997339
33643822,2017-12-25T13:00:39.34,SELL,0.00349,33.19298774
33643830,2017-12-25T13:00:40.823,BUY,0.00349041,3.34987896
33643831,2017-12-25T13:00:40.823,BUY,0.00349042,14.38915257
33643842,2017-12-25T13:00:43.09,SELL,0.00349007,1.0
33643844,2017-12-25T13:00:43.463,BUY,0.00349042,66.70685778
33643849,2017-12-25T13:00:44.37,SELL,0.00349007,0.20212342
33643850,2017-12-25T13:00:44.387,SELL,0.00349007,5.54756799
33643852,2017-12-25T13:00:44.417,BUY,0.00349042,2.65442764
33643859,2017-12-25T13:00:45.353,BUY,0.00349042,3.76190577
33643860,2017-12-25T13:00:45.62,SELL,0.00349007,8.227981
33643862,2017-12-25T13:00:45.73,BUY,0.00349042,3.01510908
33643863,2017-12-25T13:00:45.73,BUY,0.00349042,14.44572839
33643864,2017-12-25T13:00:45.747,BUY,0.00349434,0.54929311
33643865,2017-12-25T13:00:45.747,BUY,0.003495,1.18254813
33643866,2017-12-25T13:00:45.747,BUY,0.003498,2.0
33643869,2017-12-25T13:00:46.15,SELL,0.003498,18.80732129
33643870,2017-12-25T13:00:46.15,SELL,0.00349007,55.63674931
33643884,2017-12-25T13:00:47.7,SELL,0.00349042,1.1710943
33643885,2017-12-25T13:00:47.7,SELL,0.00349042,1.4576694
33643886,2017-12-25T13:00:47.7,SELL,0.00349042,0.3328363
33643888,2017-12-25T13:00:48.37,SELL,0.00349042,0.75212317
33643891,2017-12-25T13:00:48.777,SELL,0.00349042,1.0
33643897,2017-12-25T13:00:49.23,BUY,0.00349817,57.823
33643915,2017-12-25T13:00:51.98,SELL,0.00349817,0.39999999
33643918,2017-12-25T13:00:52.603,SELL,0.00349817,17.29116784
33643919,2017-12-25T13:00:52.603,SELL,0.00349817,0.40390513
33643920,2017-12-25T13:00:52.603,SELL,0.00349817,5.05441901
33643921,2017-12-25T13:00:52.603,SELL,0.00349817,4.23379471
33643925,2017-12-25T13:00:53.87,BUY,0.00349817,18.7027664
33643928,2017-12-25T13:00:53.9,BUY,0.00349817,8.93423338
33643930,2017-12-25T13:00:54.027,SELL,0.00349042,17.691168
33643936,2017-12-25T13:00:54.853,BUY,0.00349817,2.7994273
33643939,2017-12-25T13:00:55.59,BUY,0.00349817,17.47033431
33643940,2017-12-25T13:00:55.59,BUY,0.00349817,23.66500545
33643941,2017-12-25T13:00:55.59,BUY,0.00349819,29.5047
33643942,2017-12-25T13:00:56.01,SELL,0.00349819,0.7553534
33643955,2017-12-25T13:00:57.857,SELL,0.00349819,10.0
33643963,2017-12-25T13:00:58.9,SELL,0.00349819,50.12038416
33643968,2017-12-25T13:00:59.667,SELL,0.00349819,13.75658433
33643970,2017-12-25T13:01:00.12,SELL,0.00349819,10.0
33643971,2017-12-25T13:01:00.153,SELL,0.00349819,10.0
33643973,2017-12-25T13:01:00.293,BUY,0.00349824,0.59937107
33643974,2017-12-25T13:01:00.293,BUY,0.00349824,16.1766306
33643980,2017-12-25T13:01:01.043,SELL,0.00349819,10.0
33643982,2017-12-25T13:01:02.12,SELL,0.00349819,74.3344
33643983,2017-12-25T13:01:02.37,SELL,0.00349819,13.392649
33643988,2017-12-25T13:01:02.997,BUY,0.00349824,3.8233694
33643989,2017-12-25T13:01:02.997,BUY,0.00349824,0.962517
33643990,2017-12-25T13:01:02.997,BUY,0.0034983,0.2350234
33643991,2017-12-25T13:01:02.997,BUY,0.00349833,8.7
33643992,2017-12-25T13:01:02.997,BUY,0.00349833,8.7
33643993,2017-12-25T13:01:02.997,BUY,0.00349845,77.59861387
33643997,2017-12-25T13:01:03.26,SELL,0.00349849,10.0
33643998,2017-12-25T13:01:03.417,SELL,0.00349849,11.404861
33644006,2017-12-25T13:01:03.793,SELL,0.00349849,25.327
33644019,2017-12-25T13:01:06.09,SELL,0.00349849,17.2577
33644021,2017-12-25T13:01:06.51,BUY,0.00349853,0.59407265
33644022,2017-12-25T13:01:06.51,BUY,0.00349853,0.00027467
33644043,2017-12-25T13:01:09.01,BUY,0.00349853,5.88224584
33644052,2017-12-25T13:01:10.31,SELL,0.00349853,0.29064764
33644072,2017-12-25T13:01:13.31,SELL,0.00349853,12.6134
33644073,2017-12-25T13:01:13.31,SELL,0.00349853,1.4042
33644075,2017-12-25T13:01:13.59,BUY,0.00349858,12.20250847
33644076,2017-12-25T13:01:13.59,BUY,0.003499,29.58343912
33644077,2017-12-25T13:01:13.59,BUY,0.003499,4.12115924
33644078,2017-12-25T13:01:13.59,BUY,0.003499,17.24997167
33644079,2017-12-25T13:01:13.59,BUY,0.003499,5.92810632
33644080,2017-12-25T13:01:13.59,BUY,0.0035,10.0
33644081,2017-12-25T13:01:13.59,BUY,0.0035,30.0
33644082,2017-12-25T13:01:13.59,BUY,0.0035,16.47522523
33644083,2017-12-25T13:01:13.59,BUY,0.0035,75.0905425
33644090,2017-12-25T13:01:15.34,SELL,0.00349853,4.00178626
33644091,2017-12-25T13:01:15.34,SELL,0.00349853,2.41771374
33644096,2017-12-25T13:01:15.967,SELL,0.00349858,0.3
33644100,2017-12-25T13:01:17.043,SELL,0.00349858,11.63062881
33644101,2017-12-25T13:01:17.043,SELL,0.00349858,4.45172704
33644102,2017-12-25T13:01:17.043,SELL,0.00349853,2.496539
33644103,2017-12-25T13:01:17.043,SELL,0.00349853,3.14443461
33644104,2017-12-25T13:01:17.043,SELL,0.00349853,1.02603264
33644105,2017-12-25T13:01:17.043,SELL,0.0034985,2.35969173
33644106,2017-12-25T13:01:17.043,SELL,0.00349849,1.78779706
33644114,2017-12-25T13:01:18.543,BUY,0.0035,22.4751684
33644117,2017-12-25T13:01:18.653,BUY,0.0035,30.30880228
33644118,2017-12-25T13:01:19.043,SELL,0.00349853,19.108272
33644119,2017-12-25T13:01:19.043,SELL,0.00349853,0.5
33644120,2017-12-25T13:01:19.043,SELL,0.00349849,53.87903581
33644124,2017-12-25T13:01:19.433,BUY,0.0035,4.09820025
33644129,2017-12-25T13:01:19.967,SELL,0.00349849,83.74001897
33644132,2017-12-25T13:01:20.683,SELL,0.00349849,13.8024
33644136,2017-12-25T13:01:20.903,SELL,0.003499,28.50814518
33644137,2017-12-25T13:01:20.903,SELL,0.00349849,39.15352299
33644149,2017-12-25T13:01:21.967,BUY,0.0035,1.0
33644152,2017-12-25T13:01:22.373,BUY,0.0035,49.27765995
33644154,2017-12-25T13:01:22.607,BUY,0.0035,156.79413498
33644155,2017-12-25T13:01:22.607,BUY,0.0035,3.91743987
33644163,2017-12-25T13:01:23.607,SELL,0.0035,17.3897
33644168,2017-12-25T13:01:23.967,BUY,0.00350031,0.59285187
33644169,2017-12-25T13:01:24.077,SELL,0.0035,100.99652335
33644170,2017-12-25T13:01:24.077,SELL,0.0035,11.79624405
33644171,2017-12-25T13:01:24.077,SELL,0.00349853,3.208074
33644172,2017-12-25T13:01:24.077,SELL,0.00349853,2.63329408
33644173,2017-12-25T13:01:24.077,SELL,0.00349849,0.50958209
33644174,2017-12-25T13:01:24.077,SELL,0.00349849,6.94230397
33644175,2017-12-25T13:01:24.077,SELL,0.00349849,11.4049033
33644176,2017-12-25T13:01:24.077,SELL,0.00349849,6.73118332
33644177,2017-12-25T13:01:24.077,SELL,0.00349824,8.69912791
33644179,2017-12-25T13:01:24.827,BUY,0.00349824,28.89430883
33644182,2017-12-25T13:01:25.043,BUY,0.00349824,292.92353691
33644183,2017-12-25T13:01:25.043,BUY,0.00349998,38.82079191
33644184,2017-12-25T13:01:25.043,BUY,0.0035,10.0
33644188,2017-12-25T13:01:25.373,SELL,0.0035,137.28610327
33644195,2017-12-25T13:01:26.09,SELL,0.0035,214.97497825
33644196,2017-12-25T13:01:26.357,SELL,0.0035,8.0459
33644197,2017-12-25T13:01:26.53,SELL,0.0035,31.70430924
33644199,2017-12-25T13:01:26.717,SELL,0.0035,80.69986717
33644202,2017-12-25T13:01:26.95,BUY,0.0035,5.71426939
33644210,2017-12-25T13:01:28.293,SELL,0.00349849,27.72401223
33644211,2017-12-25T13:01:28.293,SELL,0.00349849,1.62845888
33644212,2017-12-25T13:01:28.293,SELL,0.00349819,22.14805132
33644213,2017-12-25T13:01:28.293,SELL,0.00349819,17.799569
33644214,2017-12-25T13:01:28.293,SELL,0.00349819,0.83950788
33644215,2017-12-25T13:01:28.293,SELL,0.00349819,5.0
33644216,2017-12-25T13:01:28.293,SELL,0.00349045,14.32480052
33644217,2017-12-25T13:01:28.293,SELL,0.00349042,22.93977658
33644219,2017-12-25T13:01:28.327,BUY,0.0035,10.66270688
33644220,2017-12-25T13:01:28.327,BUY,0.0035,17.99227851
33644223,2017-12-25T13:01:28.433,SELL,0.00349042,47.86812461
33644224,2017-12-25T13:01:28.433,SELL,0.00349042,2.85647539
33644226,2017-12-25T13:01:28.67,BUY,0.0035,26.4765684
33644233,2017-12-25T13:01:29.653,SELL,0.00349849,7.88427645
33644237,2017-12-25T13:01:29.95,BUY,0.00349819,90.16526081
33644239,2017-12-25T13:01:30.217,BUY,0.00349819,11.17472175
33644242,2017-12-25T13:01:30.607,BUY,0.00349819,41.48425515
33644245,2017-12-25T13:01:30.873,BUY,0.00349819,1.42347274
33644247,2017-12-25T13:01:30.95,BUY,0.00349819,7.0
33644253,2017-12-25T13:01:32.497,SELL,0.00349356,56.09065409
33644257,2017-12-25T13:01:32.92,BUY,0.00349819,30.23274904
33644258,2017-12-25T13:01:32.92,BUY,0.0035,8.55707639
33644268,2017-12-25T13:01:34.217,BUY,0.0035,6.9740767
33644269,2017-12-25T13:01:34.217,BUY,0.0035,1.72505121
33644276,2017-12-25T13:01:35.48,BUY,0.0035,4.480317
33644277,2017-12-25T13:01:35.48,BUY,0.0035,70.3058301
33644279,2017-12-25T13:01:36.013,SELL,0.0035,2.79784965
33644282,2017-12-25T13:01:36.467,BUY,0.00349998,3.42187388
33644286,2017-12-25T13:01:36.983,BUY,0.00349998,37.78027647
33644288,2017-12-25T13:01:37.013,SELL,0.0035,130.0
33644296,2017-12-25T13:01:38.483,SELL,0.0035,60.51224183
33644297,2017-12-25T13:01:38.483,SELL,0.0035,1.88664196
33644302,2017-12-25T13:01:39.043,SELL,0.00349849,1.82080407
33644303,2017-12-25T13:01:39.043,SELL,0.00349849,6.56884541
33644310,2017-12-25T13:01:40.327,BUY,0.00349849,82.49326793
33644311,2017-12-25T13:01:40.327,BUY,0.0035,13.11528404
33644312,2017-12-25T13:01:40.327,BUY,0.0035,6.87679751
33644315,2017-12-25T13:01:41.233,SELL,0.00349819,3.93843288
33644316,2017-12-25T13:01:41.233,SELL,0.00349819,1.4746584
33644317,2017-12-25T13:01:41.233,SELL,0.00349356,1.33022874
33644318,2017-12-25T13:01:41.233,SELL,0.00349149,0.17716108
33644319,2017-12-25T13:01:41.233,SELL,0.00349042,5.1822189
33644323,2017-12-25T13:01:42.14,BUY,0.00349849,0.285
33644328,2017-12-25T13:01:42.653,BUY,0.00349849,3.32998585
33644332,2017-12-25T13:01:42.967,BUY,0.00349849,7.7016421
33644336,2017-12-25T13:01:43.293,BUY,0.0035,0.4991148
33644339,2017-12-25T13:01:43.95,BUY,0.0035,1.96520325
33644352,2017-12-25T13:01:45.92,BUY,0.0035,0.74599944
33644353,2017-12-25T13:01:45.92,BUY,0.0035,18.79843783
33644354,2017-12-25T13:01:45.92,BUY,0.0035,56.66558896
33644355,2017-12-25T13:01:45.92,BUY,0.00350031,8.18273075
33644356,2017-12-25T13:01:45.92,BUY,0.00350318,8.0
33644357,2017-12-25T13:01:45.92,BUY,0.00350377,2.5910812
33644365,2017-12-25T13:01:47.403,SELL,0.00350377,18.05607354
33644384,2017-12-25T13:01:50.437,BUY,0.00350638,0.56873681
33644386,2017-12-25T13:01:50.733,SELL,0.00350377,51.43849119
33644388,2017-12-25T13:01:50.78,BUY,0.00350377,8.31571396
33644396,2017-12-25T13:01:52.06,SELL,0.0035,0.57540424
33644403,2017-12-25T13:01:53.327,BUY,0.00350377,1.16522297
33644404,2017-12-25T13:01:53.343,SELL,0.0035,2.27459576
33644405,2017-12-25T13:01:53.343,SELL,0.0035,29.97160424
33644409,2017-12-25T13:01:53.95,BUY,0.00350377,0.18591899
33644412,2017-12-25T13:01:54.7,BUY,0.00350377,1.07826465
33644414,2017-12-25T13:01:55.047,BUY,0.00350377,6.0
33644419,2017-12-25T13:01:56.403,SELL,0.0035,44.2452
33644429,2017-12-25T13:01:56.78,BUY,0.00350377,0.46867491
33644430,2017-12-25T13:01:56.78,BUY,0.00350377,13.8232053
33644432,2017-12-25T13:01:56.92,BUY,0.00350377,5.55012344
33644440,2017-12-25T13:01:58.047,BUY,0.00350377,2.15907324
33644443,2017-12-25T13:01:58.36,BUY,0.00350377,1.25373753
33644451,2017-12-25T13:01:59.467,BUY,0.00350377,8.75475308
33644468,2017-12-25T13:02:05.67,SELL,0.0035,0.17337233
33644471,2017-12-25T13:02:05.89,BUY,0.00350377,7.28657726
33644472,2017-12-25T13:02:05.89,BUY,0.00350377,5.80300967
33644473,2017-12-25T13:02:05.89,BUY,0.00350377,2.9272191
33644474,2017-12-25T13:02:06.827,SELL,0.0035,0.50781127
33644478,2017-12-25T13:02:07.687,SELL,0.0035,0.79743385
33644480,2017-12-25T13:02:07.797,BUY,0.00350377,0.30492365
33644482,2017-12-25T13:02:07.89,BUY,0.00350377,1.0
33644484,2017-12-25T13:02:07.89,BUY,0.00350377,7.25578853
33644487,2017-12-25T13:02:08.03,BUY,0.00350377,111.52532766
33644489,2017-12-25T13:02:08.373,BUY,0.00350377,0.85951203
33644497,2017-12-25T13:02:09.797,SELL,0.0035,10.99653416
33644500,2017-12-25T13:02:10.093,BUY,0.00350377,0.17081601
33644506,2017-12-25T13:02:11.123,SELL,0.0035,113.30804415
33644507,2017-12-25T13:02:11.123,SELL,0.0035,27.70855585
33644523,2017-12-25T13:02:15.47,SELL,0.0035,6.4208093
33644524,2017-12-25T13:02:15.47,SELL,0.0035,6.77892814
33644538,2017-12-25T13:02:20.03,BUY,0.00350374,1.8004969
33644540,2017-12-25T13:02:21.25,BUY,0.00350377,15.0
33644541,2017-12-25T13:02:21.517,SELL,0.00350374,14.22337795
33644542,2017-12-25T13:02:21.517,SELL,0.00350001,1.31931792
33644543,2017-12-25T13:02:21.517,SELL,0.0035,2.22107186
33644544,2017-12-25T13:02:21.517,SELL,0.0035,31.66236206
33644546,2017-12-25T13:02:21.64,SELL,0.0035,25.36223998
33644547,2017-12-25T13:02:21.64,SELL,0.0035,15.0
33644548,2017-12-25T13:02:21.64,SELL,0.0035,1.34657655
33644549,2017-12-25T13:02:21.64,SELL,0.0035,9.21576877
33644550,2017-12-25T13:02:21.64,SELL,0.0035,0.28804671
33644551,2017-12-25T13:02:21.64,SELL,0.0035,1.7685219
33644552,2017-12-25T13:02:21.64,SELL,0.0035,0.31343438
33644553,2017-12-25T13:02:21.64,SELL,0.0035,34.27107659
33644554,2017-12-25T13:02:21.64,SELL,0.0035,11.20778816
33644556,2017-12-25T13:02:21.83,BUY,0.00350374,1.0
33644557,2017-12-25T13:02:21.83,BUY,0.00350377,22.89762397
33644558,2017-12-25T13:02:21.83,BUY,0.00350377,4.56424315
33644562,2017-12-25T13:02:22.343,BUY,0.00350638,0.22704477
33644563,2017-12-25T13:02:22.343,BUY,0.00350811,0.17716108
33644564,2017-12-25T13:02:22.343,BUY,0.00351,0.17038078
33644566,2017-12-25T13:02:22.83,SELL,0.00350377,8.78925837
33644567,2017-12-25T13:02:22.907,SELL,0.00350377,23.18907097
33644568,2017-12-25T13:02:23.11,SELL,0.00350377,24.13339255
33644569,2017-12-25T13:02:23.483,SELL,0.00350374,6.43798553
33644570,2017-12-25T13:02:23.483,SELL,0.00350374,0.855
33644571,2017-12-25T13:02:23.483,SELL,0.0035,8.04472341
33644572,2017-12-25T13:02:23.483,SELL,0.0035,12.02554328
33644573,2017-12-25T13:02:23.483,SELL,0.0035,11.91494778
33644583,2017-12-25T13:02:26.093,SELL,0.00350374,63.16922584
33644587,2017-12-25T13:02:26.55,BUY,0.00350377,4.3
33644589,2017-12-25T13:02:26.737,BUY,0.00350377,2.90976263
33644593,2017-12-25T13:02:27.22,SELL,0.00350374,36.83077416
33644594,2017-12-25T13:02:27.267,SELL,0.0035,34.32178324
33644595,2017-12-25T13:02:27.267,SELL,0.0035,2.08612305
33644596,2017-12-25T13:02:27.267,SELL,0.0035,26.76131955
33644599,2017-12-25T13:02:27.533,BUY,0.00350374,4.99522654
33644601,2017-12-25T13:02:27.783,SELL,0.003499,4.11568131
33644602,2017-12-25T13:02:27.783,SELL,0.003499,0.28508145
33644603,2017-12-25T13:02:27.783,SELL,0.00349849,13.90989888
33644604,2017-12-25T13:02:27.783,SELL,0.00349849,0.18204476
33644605,2017-12-25T13:02:27.783,SELL,0.00349849,0.59065311
33644606,2017-12-25T13:02:27.783,SELL,0.00349849,25.53983382
33644608,2017-12-25T13:02:28.25,BUY,0.00350374,2.1739993
33644609,2017-12-25T13:02:28.25,BUY,0.00350377,0.8472179
33644610,2017-12-25T13:02:28.25,BUY,0.00350377,12.94573786
33644619,2017-12-25T13:02:29.673,BUY,0.00350377,1.0
33644631,2017-12-25T13:02:31.86,SELL,0.00350374,39.93691526
33644632,2017-12-25T13:02:31.86,SELL,0.0035,7.48391592
33644633,2017-12-25T13:02:31.86,SELL,0.00349849,3.26706882
33644642,2017-12-25T13:02:33.517,BUY,0.0035,33.16142894
33644643,2017-12-25T13:02:33.673,SELL,0.00349849,48.95386752
33644644,2017-12-25T13:02:33.673,SELL,0.00349849,2.89667685
33644645,2017-12-25T13:02:33.673,SELL,0.00349849,8.0
33644646,2017-12-25T13:02:33.673,SELL,0.00349849,4.0899216
33644647,2017-12-25T13:02:33.673,SELL,0.00349356,0.57105073
33644648,2017-12-25T13:02:33.673,SELL,0.00349356,54.09465778
33644650,2017-12-25T13:02:33.83,SELL,0.00349042,15.65332622
33644651,2017-12-25T13:02:33.83,SELL,0.00349024,0.83642854
33644652,2017-12-25T13:02:33.83,SELL,0.00349019,0.25
33644653,2017-12-25T13:02:33.847,SELL,0.00349007,4.35964524
33644666,2017-12-25T13:02:36.16,BUY,0.00349042,43.31203268
33644674,2017-12-25T13:02:37.11,BUY,0.00349042,9.11396052
33644675,2017-12-25T13:02:37.11,BUY,0.00349356,7.56077362
33644680,2017-12-25T13:02:37.643,SELL,0.00349007,7.556179
33644681,2017-12-25T13:02:38.033,SELL,0.00349007,2.37480939
33644682,2017-12-25T13:02:38.033,SELL,0.00349,26.47889061
33644694,2017-12-25T13:02:39.66,BUY,0.00349356,0.28624096
33644697,2017-12-25T13:02:40.063,BUY,0.00349356,0.2565
33644699,2017-12-25T13:02:40.313,BUY,0.00349356,5.61006545
33644702,2017-12-25T13:02:40.72,BUY,0.00349356,0.59132897
33644705,2017-12-25T13:02:40.813,BUY,0.00349356,0.28624096
33644709,2017-12-25T13:02:41.533,BUY,0.00349356,36.09675004
33644710,2017-12-25T13:02:41.533,BUY,0.00349848,5.71426939
33644711,2017-12-25T13:02:41.533,BUY,0.00349849,100.69073047
33644712,2017-12-25T13:02:41.72,SELL,0.00349007,1.0
33644713,2017-12-25T13:02:41.72,SELL,0.00349,10.502
33644715,2017-12-25T13:02:41.83,SELL,0.00349,20.81152598
33644717,2017-12-25T13:02:42.003,SELL,0.00346295,31.31352598
33644719,2017-12-25T13:02:42.017,BUY,0.00349,10.502
33644724,2017-12-25T13:02:42.83,SELL,0.00349007,9.498
33644727,2017-12-25T13:02:43.237,SELL,0.00346296,28.80501751
33644728,2017-12-25T13:02:43.237,SELL,0.00346295,7.26208249
33644734,2017-12-25T13:02:43.86,BUY,0.00349,1.0
33644738,2017-12-25T13:02:43.94,BUY,0.00349,28.42771105
33644741,2017-12-25T13:02:44.207,SELL,0.00349022,4.62118597
33644748,2017-12-25T13:02:44.847,SELL,0.00349022,1.815526
33644751,2017-12-25T13:02:45.127,SELL,0.00349356,0.69605523
33644752,2017-12-25T13:02:45.127,SELL,0.00349022,0.16693069
33644754,2017-12-25T13:02:45.253,SELL,0.00349022,9.498
33644755,2017-12-25T13:02:45.267,SELL,0.00349022,5.96953326
33644757,2017-12-25T13:02:45.83,SELL,0.00349022,16.760082
33644760,2017-12-25T13:02:46.457,SELL,0.00349022,37.29776498
33644761,2017-12-25T13:02:46.563,SELL,0.00349022,12.589
33644765,2017-12-25T13:02:47.283,SELL,0.00349022,6.54458469
33644766,2017-12-25T13:02:47.283,SELL,0.00349007,1.72603195
33644767,2017-12-25T13:02:47.283,SELL,0.00349,13.66312013
33644768,2017-12-25T13:02:47.283,SELL,0.00349,20.32477831
33644769,2017-12-25T13:02:47.283,SELL,0.00346297,5.77538933
33644770,2017-12-25T13:02:47.283,SELL,0.00346295,19.40739153
33644771,2017-12-25T13:02:47.283,SELL,0.00346288,1.82090406
33644774,2017-12-25T13:02:48.503,SELL,0.00346288,90.64142162
33644777,2017-12-25T13:02:49.643,SELL,0.00346288,21.61284444
33644779,2017-12-25T13:02:49.783,SELL,0.00349,1.0
33644780,2017-12-25T13:02:49.783,SELL,0.00346288,1.19554181
33644781,2017-12-25T13:02:49.813,SELL,0.00346288,2.42208718
33644783,2017-12-25T13:02:49.893,BUY,0.00349007,5.17850886
33644784,2017-12-25T13:02:50.02,SELL,0.00346288,17.5349355
33644791,2017-12-25T13:02:51.33,SELL,0.00346289,6.0
33644795,2017-12-25T13:02:52.41,SELL,0.00346289,4.8663
33644796,2017-12-25T13:02:52.423,SELL,0.00346288,10.81227392
33644798,2017-12-25T13:02:52.503,SELL,0.00346288,2.35969173
33644801,2017-12-25T13:02:53.8,SELL,0.00346288,7.57639043
33644802,2017-12-25T13:02:53.893,SELL,0.00346288,105.3504745
33644803,2017-12-25T13:02:53.893,SELL,0.00346288,1.62847383
33644804,2017-12-25T13:02:53.893,SELL,0.00346002,0.25
33644805,2017-12-25T13:02:53.893,SELL,0.00346,10.15860812
33644806,2017-12-25T13:02:53.893,SELL,0.00346,1.0
33644807,2017-12-25T13:02:53.893,SELL,0.00345967,1.12421642
33644808,2017-12-25T13:02:53.893,SELL,0.003458,0.5
33644809,2017-12-25T13:02:53.893,SELL,0.00344988,0.87590165
33644810,2017-12-25T13:02:53.893,SELL,0.00344541,1.62407838
33644811,2017-12-25T13:02:53.893,SELL,0.00344341,7.26151731
33644818,2017-12-25T13:02:56.113,BUY,0.00346289,14.0
33644829,2017-12-25T13:02:58.097,BUY,0.00346289,0.943419
33644832,2017-12-25T13:02:58.3,BUY,0.00346289,1.4316835
33644841,2017-12-25T13:02:58.83,BUY,0.00348993,2.0
33644859,2017-12-25T13:03:01.13,BUY,0.0034899,2.85820862
33644865,2017-12-25T13:03:03.003,BUY,0.00348991,3.92578739
33644870,2017-12-25T13:03:03.287,BUY,0.00348991,1.80501942
33644871,2017-12-25T13:03:03.287,BUY,0.00348992,13.07356466
33644877,2017-12-25T13:03:03.957,BUY,0.00348992,1.12025626
33644881,2017-12-25T13:03:04.19,BUY,0.00348992,7.0
33644889,2017-12-25T13:03:05.177,BUY,0.00348992,2.51375819
33644893,2017-12-25T13:03:05.567,SELL,0.00346294,5.73085685
33644894,2017-12-25T13:03:05.567,SELL,0.00346293,2.97204821
33644895,2017-12-25T13:03:05.567,SELL,0.0034629,7.54756113
33644902,2017-12-25T13:03:06.16,BUY,0.00346293,0.32840722
33644921,2017-12-25T13:03:09.037,SELL,0.00346827,4.081
33644933,2017-12-25T13:03:10.833,BUY,0.00348986,2.6059969
33644956,2017-12-25T13:03:13.66,SELL,0.0034638,0.3933271
33644964,2017-12-25T13:03:14.16,SELL,0.0034638,2.20904325
33644965,2017-12-25T13:03:14.16,SELL,0.00346301,8.37956401
33644970,2017-12-25T13:03:14.583,SELL,0.00346827,0.38883303
33644975,2017-12-25T13:03:15.317,SELL,0.00346827,0.39331923
33644978,2017-12-25T13:03:16.1,SELL,0.00346827,0.39550424
33644986,2017-12-25T13:03:16.647,SELL,0.00346827,2.89187556
33644987,2017-12-25T13:03:16.647,SELL,0.00346827,1.0
33644988,2017-12-25T13:03:16.647,SELL,0.0034638,1.97516312
33644989,2017-12-25T13:03:16.863,SELL,0.00346301,0.39492189
33644994,2017-12-25T13:03:17.02,BUY,0.0034638,0.13296132
33644998,2017-12-25T13:03:17.63,SELL,0.00346828,0.3948921
33645002,2017-12-25T13:03:18.457,SELL,0.00346828,0.41098578
33645013,2017-12-25T13:03:19.443,BUY,0.00348981,11.4665919
33645014,2017-12-25T13:03:19.443,BUY,0.00348981,2.96842166
33645015,2017-12-25T13:03:19.443,BUY,0.00348983,67.39576479
33645018,2017-12-25T13:03:19.677,BUY,0.00348983,59.605078
33645020,2017-12-25T13:03:19.723,BUY,0.00348983,26.43017369
33645027,2017-12-25T13:03:21.223,SELL,0.00346828,9.7440608
33645028,2017-12-25T13:03:21.223,SELL,0.00346827,27.12158016
33645029,2017-12-25T13:03:21.333,SELL,0.00346827,0.41876443
33645031,2017-12-25T13:03:22.177,SELL,0.00346827,6.8207
33645033,2017-12-25T13:03:22.537,SELL,0.00346827,0.41672729
33645041,2017-12-25T13:03:23.41,SELL,0.00346829,3.80014403
33645043,2017-12-25T13:03:23.723,SELL,0.00346829,0.42305847
33645045,2017-12-25T13:03:23.99,SELL,0.00346829,10.08749984
33645046,2017-12-25T13:03:23.99,SELL,0.00346827,42.49680802
33645052,2017-12-25T13:03:24.77,BUY,0.00346827,10.6031
33645060,2017-12-25T13:03:26.46,BUY,0.00346827,0.43652859
33645062,2017-12-25T13:03:26.473,BUY,0.00346827,10.0
33645064,2017-12-25T13:03:26.71,BUY,0.00346827,10.0
33645066,2017-12-25T13:03:26.817,SELL,0.00346381,0.4186799
33645069,2017-12-25T13:03:27.223,BUY,0.00346827,10.0
33645076,2017-12-25T13:03:27.927,BUY,0.00346827,2.90743236
33645077,2017-12-25T13:03:27.927,BUY,0.00346827,11.79624405
33645078,2017-12-25T13:03:28.02,SELL,0.00347421,0.4218563
33645089,2017-12-25T13:03:29.007,SELL,0.00347205,0.42087015
33645091,2017-12-25T13:03:29.037,BUY,0.00348975,9.77476026
33645108,2017-12-25T13:03:31.257,SELL,0.00347206,10.6048
33645109,2017-12-25T13:03:31.257,SELL,0.00346827,89.3952
33645117,2017-12-25T13:03:32.723,SELL,0.00347,26.0
33645118,2017-12-25T13:03:32.723,SELL,0.00346827,24.08878977
33645119,2017-12-25T13:03:32.723,SELL,0.00346827,2.5649169
33645123,2017-12-25T13:03:32.833,BUY,0.00347206,12.55137562
33645131,2017-12-25T13:03:33.6,SELL,0.00346827,13.53798942
33645132,2017-12-25T13:03:33.6,SELL,0.00346827,1.4746584
33645133,2017-12-25T13:03:33.6,SELL,0.00346827,10.170225
33645134,2017-12-25T13:03:33.6,SELL,0.003465,43.39588773
33645135,2017-12-25T13:03:33.6,SELL,0.0034638,7.78829558
33645136,2017-12-25T13:03:33.6,SELL,0.0034638,21.85636109
33645137,2017-12-25T13:03:33.6,SELL,0.00346301,25.0
33645138,2017-12-25T13:03:33.6,SELL,0.003463,15.41091716
33645139,2017-12-25T13:03:33.6,SELL,0.003463,124.30592905
33645140,2017-12-25T13:03:33.6,SELL,0.00346294,5.40244963
33645141,2017-12-25T13:03:33.6,SELL,0.00346294,19.47733581
33645142,2017-12-25T13:03:33.6,SELL,0.00346294,1.93769015
33645144,2017-12-25T13:03:33.66,BUY,0.00346294,7.91477873
33645146,2017-12-25T13:03:34.02,BUY,0.00347206,48.12139191
33645158,2017-12-25T13:03:35.193,BUY,0.00348972,2.64266709
33645160,2017-12-25T13:03:35.223,SELL,0.00347292,25.18287282
33645162,2017-12-25T13:03:35.257,SELL,0.00346828,0.88888888
33645170,2017-12-25T13:03:35.833,SELL,0.00347296,10.4744
33645171,2017-12-25T13:03:35.833,SELL,0.00346828,1.75343239
33645174,2017-12-25T13:03:36.053,BUY,0.00346827,0.57521473
33645183,2017-12-25T13:03:38.223,BUY,0.00346827,3.16860532
33645186,2017-12-25T13:03:38.507,BUY,0.00346827,8.90603847
33645187,2017-12-25T13:03:38.507,BUY,0.00346827,10.47439999
33645188,2017-12-25T13:03:38.507,BUY,0.00348972,9.20327097
33645208,2017-12-25T13:03:40.35,SELL,0.00347206,0.937745
33645209,2017-12-25T13:03:40.35,SELL,0.00346302,10.4802
33645210,2017-12-25T13:03:40.35,SELL,0.00346301,18.72340367
33645211,2017-12-25T13:03:40.35,SELL,0.00346289,1.44885848
33645212,2017-12-25T13:03:40.35,SELL,0.00346289,2.37
33645213,2017-12-25T13:03:40.35,SELL,0.00346289,17.44187928
33645219,2017-12-25T13:03:41.897,BUY,0.00346827,5.7826087
33645235,2017-12-25T13:03:43.037,SELL,0.00347253,10.0
33645236,2017-12-25T13:03:43.037,SELL,0.00346828,4.72312707
33645237,2017-12-25T13:03:43.037,SELL,0.00346827,4.5847698
33645238,2017-12-25T13:03:43.037,SELL,0.00346292,14.4386818
33645239,2017-12-25T13:03:43.037,SELL,0.00346289,22.83489849
33645240,2017-12-25T13:03:43.037,SELL,0.00346288,8.66330915
33645241,2017-12-25T13:03:43.037,SELL,0.00346001,12.32930653
33645242,2017-12-25T13:03:43.037,SELL,0.00346,1.0
33645243,2017-12-25T13:03:43.037,SELL,0.0034501,25.0
33645244,2017-12-25T13:03:43.037,SELL,0.00345009,219.90291983
33645250,2017-12-25T13:03:43.833,SELL,0.00346827,0.25706922
33645251,2017-12-25T13:03:43.833,SELL,0.00346,8.52249009
33645252,2017-12-25T13:03:43.85,SELL,0.00345,8.41684369
33645254,2017-12-25T13:03:43.973,BUY,0.00346289,3.13709244
33645263,2017-12-25T13:03:45.303,SELL,0.00346827,12.16335843
33645264,2017-12-25T13:03:45.303,SELL,0.00346289,4.49528668
33645270,2017-12-25T13:03:45.787,BUY,0.00346289,0.77789234
33645272,2017-12-25T13:03:46.083,BUY,0.00346289,7.4583944
33645277,2017-12-25T13:03:46.757,SELL,0.00346828,1.88664196
33645282,2017-12-25T13:03:48.177,SELL,0.00346828,8.11335804
33645283,2017-12-25T13:03:48.177,SELL,0.00346828,4.05000039
33645284,2017-12-25T13:03:48.757,SELL,0.00346828,25.09049687
33645289,2017-12-25T13:03:49.897,SELL,0.00346829,10.0
33645290,2017-12-25T13:03:49.897,SELL,0.00346828,20.85950274
33645291,2017-12-25T13:03:49.897,SELL,0.00346289,8.20848738
33645292,2017-12-25T13:03:49.897,SELL,0.00346288,7.49648599
33645293,2017-12-25T13:03:49.897,SELL,0.00345584,0.7449786
33645294,2017-12-25T13:03:49.897,SELL,0.00345,0.25706935
33645295,2017-12-25T13:03:49.897,SELL,0.00345,3.5724822
33645296,2017-12-25T13:03:49.897,SELL,0.0034435,6.10912917
33645298,2017-12-25T13:03:50.693,SELL,0.00346828,1.43646711
33645299,2017-12-25T13:03:50.693,SELL,0.0034435,5.56353289
33645301,2017-12-25T13:03:51.833,SELL,0.0034435,18.45690148
33645302,2017-12-25T13:03:51.833,SELL,0.00344215,0.23241271
33645304,2017-12-25T13:03:51.833,SELL,0.00344,1.58731876
33645305,2017-12-25T13:03:51.833,SELL,0.00344,1.1627907
33645306,2017-12-25T13:03:51.833,SELL,0.00344,24.51057596
33645309,2017-12-25T13:03:52.1,SELL,0.00344,7.75240865
33645314,2017-12-25T13:03:52.43,BUY,0.00345009,14.0
33645316,2017-12-25T13:03:52.49,BUY,0.00345009,111.06492892
33645317,2017-12-25T13:03:52.49,BUY,0.00346828,43.93507108
33645319,2017-12-25T13:03:52.74,BUY,0.00346289,16.94580725
33645320,2017-12-25T13:03:52.74,BUY,0.00346828,111.06492892
33645342,2017-12-25T13:03:54.507,SELL,0.00346289,0.90638836
33645343,2017-12-25T13:03:54.507,SELL,0.0034501,10.0
33645344,2017-12-25T13:03:54.507,SELL,0.00345009,9.076947
33645345,2017-12-25T13:03:54.507,SELL,0.00345009,10.0
33645346,2017-12-25T13:03:54.507,SELL,0.00345009,10.0
33645347,2017-12-25T13:03:54.507,SELL,0.00345009,10.0
33645349,2017-12-25T13:03:54.68,BUY,0.00345009,4.47266634
33645356,2017-12-25T13:03:55.88,SELL,0.00344351,1.36343568
33645357,2017-12-25T13:03:55.88,SELL,0.00344,1.62922092
33645359,2017-12-25T13:03:56.163,BUY,0.00344,0.722674
33645361,2017-12-25T13:03:56.24,BUY,0.00344,10.0
33645366,2017-12-25T13:03:56.977,BUY,0.00344,1.00264688
33645369,2017-12-25T13:03:57.85,BUY,0.00344,5.01700536
33645370,2017-12-25T13:03:57.85,BUY,0.00344351,4.98299464
33645375,2017-12-25T13:03:58.257,BUY,0.00344351,27.5416
33645377,2017-12-25T13:03:58.303,BUY,0.00344351,7.73
33645379,2017-12-25T13:03:58.32,BUY,0.00344351,7.73
33645381,2017-12-25T13:03:58.49,BUY,0.00344351,0.95076
33645383,2017-12-25T13:03:58.693,BUY,0.00344,5.55012344
33645384,2017-12-25T13:03:58.693,BUY,0.00344351,21.99147656
33645391,2017-12-25T13:03:59.147,BUY,0.00344351,27.5416
33645393,2017-12-25T13:03:59.18,BUY,0.00344351,1.50397032
33645395,2017-12-25T13:03:59.333,BUY,0.00344351,6.83
33645397,2017-12-25T13:03:59.397,BUY,0.00344351,27.5416
33645401,2017-12-25T13:03:59.617,BUY,0.00344,5.13474472
33645402,2017-12-25T13:03:59.617,BUY,0.00344351,22.40685528
33645405,2017-12-25T13:03:59.693,BUY,0.00344351,110.54362823
33645408,2017-12-25T13:03:59.867,BUY,0.00344351,23.19994667
33645413,2017-12-25T13:04:00.367,SELL,0.0034582,27.5416
33645414,2017-12-25T13:04:00.367,SELL,0.00344001,23.90737699
33645415,2017-12-25T13:04:00.367,SELL,0.00343185,24.942
33645416,2017-12-25T13:04:00.367,SELL,0.00343183,19.18467364
33645437,2017-12-25T13:04:02.32,SELL,0.00345009,10.0
33645438,2017-12-25T13:04:02.32,SELL,0.00344351,0.950941
33645439,2017-12-25T13:04:02.32,SELL,0.00344,4.838334
33645440,2017-12-25T13:04:02.32,SELL,0.00344,10.51684838
33645443,2017-12-25T13:04:02.617,BUY,0.00343183,26.71909661
33645448,2017-12-25T13:04:03.07,BUY,0.00346288,14.0
33645451,2017-12-25T13:04:03.35,BUY,0.00346288,5.18467364
33645452,2017-12-25T13:04:03.35,BUY,0.00346289,43.29964981
33645453,2017-12-25T13:04:03.35,BUY,0.00346828,11.70095534
33645454,2017-12-25T13:04:03.35,BUY,0.00348888,5.73249868
33645455,2017-12-25T13:04:03.35,BUY,0.00348889,0.08222253
33645456,2017-12-25T13:04:03.367,SELL,0.00345823,0.82250339
33645464,2017-12-25T13:04:04.053,SELL,0.00344351,0.16451925
33645465,2017-12-25T13:04:04.053,SELL,0.00344213,0.58
33645466,2017-12-25T13:04:04.053,SELL,0.00343193,5.00477024
33645467,2017-12-25T13:04:04.053,SELL,0.00343186,7.48074229
33645469,2017-12-25T13:04:04.163,SELL,0.00343186,8.31571396
33645486,2017-12-25T13:04:06.71,BUY,0.00345818,14.4386818
33645490,2017-12-25T13:04:07.07,BUY,0.00345821,10.0
33645493,2017-12-25T13:04:07.257,BUY,0.00345821,14.0
33645496,2017-12-25T13:04:07.647,BUY,0.00345821,10.0
33645500,2017-12-25T13:04:08.257,BUY,0.00345821,10.0
33645503,2017-12-25T13:04:08.443,BUY,0.00345821,10.0
33645506,2017-12-25T13:04:08.943,BUY,0.00345821,14.45826333
33645507,2017-12-25T13:04:09.29,SELL,0.0034582,77.76077016
33645511,2017-12-25T13:04:09.46,BUY,0.00345821,30.94892457
33645512,2017-12-25T13:04:09.46,BUY,0.00345821,27.54157543
33645516,2017-12-25T13:04:09.82,BUY,0.00345821,2.457e-05
33645535,2017-12-25T13:04:11.35,SELL,0.00346023,0.81293177
33645553,2017-12-25T13:04:13.617,SELL,0.00345821,6.96508165
33645567,2017-12-25T13:04:15.727,BUY,0.00346624,0.23241271
33645583,2017-12-25T13:04:19.087,SELL,0.00346624,0.12408503
33645584,2017-12-25T13:04:19.087,SELL,0.00346624,1.15110321
33645585,2017-12-25T13:04:19.087,SELL,0.00346288,0.19611939
33645586,2017-12-25T13:04:19.087,SELL,0.00346023,0.56353185
33645590,2017-12-25T13:04:19.523,BUY,0.00348849,14.45826333
33645591,2017-12-25T13:04:19.523,BUY,0.00348878,55.68821301
33645604,2017-12-25T13:04:21.303,BUY,0.003488,17.82881962
33645626,2017-12-25T13:04:24.993,BUY,0.00348799,5.73396139
33645627,2017-12-25T13:04:24.993,BUY,0.003488,34.41432994
33645632,2017-12-25T13:04:25.32,BUY,0.00348845,0.28809314
33645633,2017-12-25T13:04:25.32,BUY,0.00348872,0.42676118
33645646,2017-12-25T13:04:27.04,SELL,0.003488,2.95664557
33645649,2017-12-25T13:04:27.6,SELL,0.003488,246.87509867
33645650,2017-12-25T13:04:27.6,SELL,0.00346624,0.92249412
33645651,2017-12-25T13:04:27.6,SELL,0.00346624,2.03415145
33645654,2017-12-25T13:04:27.993,SELL,0.00346624,4.79735834
33645655,2017-12-25T13:04:27.993,SELL,0.00346624,10.63151327
33645656,2017-12-25T13:04:27.993,SELL,0.00346624,5.0
33645657,2017-12-25T13:04:27.993,SELL,0.00346624,0.38874149
33645658,2017-12-25T13:04:27.993,SELL,0.00346026,0.28899524
33645659,2017-12-25T13:04:27.993,SELL,0.00346023,28.66689791
33645660,2017-12-25T13:04:27.993,SELL,0.00346023,0.6146099
33645661,2017-12-25T13:04:28.057,SELL,0.00346023,0.14834328
33645662,2017-12-25T13:04:28.057,SELL,0.00345825,5.74343574
33645663,2017-12-25T13:04:28.057,SELL,0.0034582,47.3916237
33645671,2017-12-25T13:04:28.71,SELL,0.00346625,10.0
33645672,2017-12-25T13:04:28.76,SELL,0.00345824,14.45822152
33645673,2017-12-25T13:04:28.76,SELL,0.00345822,5.74348591
33645674,2017-12-25T13:04:28.76,SELL,0.0034582,30.83359257
33645680,2017-12-25T13:04:30.18,BUY,0.00346624,1.0
33645692,2017-12-25T13:04:32.65,BUY,0.00346624,4.0
33645694,2017-12-25T13:04:32.727,BUY,0.00346624,9.9340858
33645697,2017-12-25T13:04:33.103,SELL,0.00345822,10.0
33645698,2017-12-25T13:04:33.103,SELL,0.00345821,2.92103222
33645699,2017-12-25T13:04:33.103,SELL,0.0034582,56.39166778
33645707,2017-12-25T13:04:34.773,SELL,0.00345826,28.17243456
33645727,2017-12-25T13:04:39.587,BUY,0.00346624,0.17353097
33645728,2017-12-25T13:04:39.587,BUY,0.00348791,5.73409291
33645729,2017-12-25T13:04:39.587,BUY,0.00348792,0.28813691
33645730,2017-12-25T13:04:39.587,BUY,0.00348794,15.02690894
33645731,2017-12-25T13:04:39.587,BUY,0.00348796,35.97359517
33645741,2017-12-25T13:04:41.307,BUY,0.00348796,2.70350099
33645743,2017-12-25T13:04:42.197,BUY,0.00348796,0.45938451
33645744,2017-12-25T13:04:42.353,SELL,0.00348796,0.82389051
33645780,2017-12-25T13:04:45.557,BUY,0.003486,3.00546351
33645781,2017-12-25T13:04:45.557,BUY,0.00348762,1.11616625
33645788,2017-12-25T13:04:46.76,BUY,0.00348739,8.8374146
33645792,2017-12-25T13:04:47.04,BUY,0.00348739,0.5519973
33645793,2017-12-25T13:04:47.04,SELL,0.0034583,1.47137706
33645805,2017-12-25T13:04:49.98,BUY,0.00348758,5.06880962
33645806,2017-12-25T13:04:49.98,BUY,0.0034876,4.67649864
33645807,2017-12-25T13:04:49.98,BUY,0.00348761,2.11595803
33645811,2017-12-25T13:04:50.29,BUY,0.00348761,6.66062193
33645828,2017-12-25T13:04:53.04,SELL,0.003459,1.0
33645829,2017-12-25T13:04:53.04,SELL,0.00345837,0.28915317
33645830,2017-12-25T13:04:53.04,SELL,0.00345834,2.11084683
33645847,2017-12-25T13:04:56.29,BUY,0.00348752,0.28816996
33645848,2017-12-25T13:04:56.29,BUY,0.00348754,0.28529358
33645868,2017-12-25T13:05:00.277,BUY,0.00348745,12.21145895
33645872,2017-12-25T13:05:00.4,BUY,0.00348745,1.0
33645885,2017-12-25T13:05:02.447,BUY,0.00348745,62.38751227
33645886,2017-12-25T13:05:02.447,BUY,0.0034875,0.19175256
33645889,2017-12-25T13:05:02.697,BUY,0.0034875,0.09641905
33645890,2017-12-25T13:05:02.697,BUY,0.00348752,0.19058115
33645894,2017-12-25T13:05:03.197,BUY,0.00348744,11.27293249
33645900,2017-12-25T13:05:05.103,BUY,0.0034874,16.5309389
33645907,2017-12-25T13:05:06.463,BUY,0.0034874,9.02368088
33645910,2017-12-25T13:05:06.68,BUY,0.0034874,42.17591995
33645911,2017-12-25T13:05:06.68,BUY,0.00348741,0.28817905
33645912,2017-12-25T13:05:06.68,BUY,0.00348743,3.62182732
33645913,2017-12-25T13:05:06.68,BUY,0.00348744,8.13141243
33645914,2017-12-25T13:05:06.68,BUY,0.00348745,28.6637931
33645916,2017-12-25T13:05:07.01,SELL,0.00348745,0.28818318
33645917,2017-12-25T13:05:07.103,SELL,0.00348745,1.75144876
33645922,2017-12-25T13:05:08.637,SELL,0.00345847,0.28914481
33645923,2017-12-25T13:05:08.637,SELL,0.00345844,1.46230395
33645926,2017-12-25T13:05:08.73,BUY,0.00348735,41.53649648
33645927,2017-12-25T13:05:08.73,BUY,0.00348735,8.90250634
33645933,2017-12-25T13:05:09.743,BUY,0.00348,7.09354353
33645934,2017-12-25T13:05:09.743,BUY,0.00348735,16.79028649
33645966,2017-12-25T13:05:14.777,SELL,0.00348,0.90686638
33645967,2017-12-25T13:05:14.9,SELL,0.00348,6.52433712
33645971,2017-12-25T13:05:15.557,BUY,0.00348732,2.86020012
33645973,2017-12-25T13:05:15.963,SELL,0.00348,0.84458238
33645974,2017-12-25T13:05:15.98,SELL,0.00345862,0.31823664
33645977,2017-12-25T13:05:16.7,SELL,0.00345861,5.1582
33645982,2017-12-25T13:05:17.137,SELL,0.00345863,3.35355301
33645983,2017-12-25T13:05:17.137,SELL,0.0034586,2.88428175
33645984,2017-12-25T13:05:17.137,SELL,0.00345853,0.2891398
33645986,2017-12-25T13:05:17.4,BUY,0.0034585,1.74881132
33645992,2017-12-25T13:05:17.76,BUY,0.00348,5.72071191
33646001,2017-12-25T13:05:19.747,SELL,0.00345865,10.0
33646002,2017-12-25T13:05:19.747,SELL,0.00345865,0.28912976
33646003,2017-12-25T13:05:19.747,SELL,0.00345863,27.09226836
33646004,2017-12-25T13:05:19.747,SELL,0.00345839,31.35577806
33646005,2017-12-25T13:05:19.747,SELL,0.00345838,2.09249313
33646006,2017-12-25T13:05:19.747,SELL,0.00345833,1.7706416
33646007,2017-12-25T13:05:19.747,SELL,0.00345831,0.8
33646008,2017-12-25T13:05:19.76,SELL,0.00345831,24.9
33646009,2017-12-25T13:05:19.76,SELL,0.0034583,8.56837462
33646010,2017-12-25T13:05:19.76,SELL,0.0034583,27.7719044
33646011,2017-12-25T13:05:19.76,SELL,0.00345829,33.22657121
33646012,2017-12-25T13:05:19.76,SELL,0.00345829,34.18604768
33646013,2017-12-25T13:05:19.76,SELL,0.00345826,10.66726444
33646014,2017-12-25T13:05:19.76,SELL,0.00345826,6.10124703
33646015,2017-12-25T13:05:19.76,SELL,0.00345826,0.90165706
33646016,2017-12-25T13:05:19.76,SELL,0.00345825,20.0
33646017,2017-12-25T13:05:19.76,SELL,0.0034582,45.42408462
33646073,2017-12-25T13:05:27.637,SELL,0.00345864,3.88135555
33646075,2017-12-25T13:05:28.027,BUY,0.00347995,0.31823664
33646076,2017-12-25T13:05:28.027,BUY,0.00347995,28.34588594
33646088,2017-12-25T13:05:30.183,BUY,0.00347995,12.0
33646116,2017-12-25T13:05:34.37,BUY,0.00347994,5.46439984
33646117,2017-12-25T13:05:34.37,BUY,0.00347995,14.54525748
33646118,2017-12-25T13:05:34.37,BUY,0.00347995,11.87004333
33646119,2017-12-25T13:05:34.37,BUY,0.00347995,2.11638179
33646120,2017-12-25T13:05:34.403,SELL,0.0034604,7.94683264
33646128,2017-12-25T13:05:35.857,SELL,0.0034604,64.6832
33646130,2017-12-25T13:05:36.277,SELL,0.00346041,0.31526211
33646131,2017-12-25T13:05:36.277,SELL,0.0034604,0.5932424
33646139,2017-12-25T13:05:37.153,BUY,0.00347994,1.90041713
33646142,2017-12-25T13:05:37.573,BUY,0.00347994,17.78502349
33646147,2017-12-25T13:05:37.95,BUY,0.00347994,14.33198613
33646149,2017-12-25T13:05:38.777,BUY,0.00347994,5.85183688
33646153,2017-12-25T13:05:39.713,BUY,0.00347994,0.42257752
33646162,2017-12-25T13:05:42.17,BUY,0.00347994,45.0
33646164,2017-12-25T13:05:43.323,BUY,0.00347994,10.88539167
33646166,2017-12-25T13:05:43.527,BUY,0.00347994,1.18482969
33646169,2017-12-25T13:05:43.903,BUY,0.00347993,2.58864497
33646173,2017-12-25T13:05:44.73,BUY,0.00347993,5.0
33646186,2017-12-25T13:05:47.637,BUY,0.00347993,0.12973886
33646187,2017-12-25T13:05:47.637,BUY,0.00347994,2.63793749
33646188,2017-12-25T13:05:47.653,BUY,0.00347994,0.10592815
33646190,2017-12-25T13:05:47.777,BUY,0.00347994,6.97296282
33646191,2017-12-25T13:05:47.777,BUY,0.00347994,6.73979422
33646192,2017-12-25T13:05:47.777,BUY,0.00347994,2.93803721
33646193,2017-12-25T13:05:47.777,BUY,0.00347994,10.92818054
33646194,2017-12-25T13:05:47.777,BUY,0.00347994,50.0
33646201,2017-12-25T13:05:48.887,SELL,0.00347994,1.58005588
33646203,2017-12-25T13:05:49.043,SELL,0.00347994,23.41507524
33646210,2017-12-25T13:05:51.137,BUY,0.00347993,23.38939551
33646211,2017-12-25T13:05:51.137,BUY,0.00347993,1.12025626
33646212,2017-12-25T13:05:51.137,BUY,0.00347993,2.61339414
33646213,2017-12-25T13:05:51.137,BUY,0.00348,1.7426259
33646214,2017-12-25T13:05:51.137,BUY,0.00348,10.0
33646215,2017-12-25T13:05:51.137,BUY,0.00348728,22.99796036
33646220,2017-12-25T13:05:53.573,SELL,0.00347994,1.03493342
33646221,2017-12-25T13:05:53.573,SELL,0.00346046,4.9834273
33646243,2017-12-25T13:05:56.997,SELL,0.00347994,0.21997261
33646244,2017-12-25T13:05:56.997,SELL,0.00347993,1.01504641
33646245,2017-12-25T13:05:57.653,SELL,0.00347993,0.47770583
33646258,2017-12-25T13:05:59.34,SELL,0.00346188,8.80149114
33646270,2017-12-25T13:06:02.043,SELL,0.00346186,2.01315135
33646273,2017-12-25T13:06:02.56,BUY,0.00347993,0.9359575
33646274,2017-12-25T13:06:02.56,BUY,0.00347993,8.658769
33646293,2017-12-25T13:06:06.53,SELL,0.00348728,0.18591899
33646297,2017-12-25T13:06:07.403,SELL,0.00348728,5.0
33646300,2017-12-25T13:06:08.217,SELL,0.00348728,0.77025717
33646304,2017-12-25T13:06:08.81,SELL,0.00348728,0.70772207
33646320,2017-12-25T13:06:11.67,BUY,0.0034873,2.86026426
33646325,2017-12-25T13:06:12.467,SELL,0.00348728,0.74137527
33646326,2017-12-25T13:06:12.467,SELL,0.00347993,0.3
33646327,2017-12-25T13:06:12.483,SELL,0.00347993,0.46679753
33646330,2017-12-25T13:06:13.607,SELL,0.00348728,1.40417242
33646332,2017-12-25T13:06:13.717,BUY,0.00348729,1.40546569
33646333,2017-12-25T13:06:14.013,SELL,0.00348728,268.65378998
33646338,2017-12-25T13:06:15.03,SELL,0.00348728,17.85421755
33646343,2017-12-25T13:06:15.857,BUY,0.00348729,0.06919271
33646344,2017-12-25T13:06:15.857,BUY,0.0034873,23.84757127
33646345,2017-12-25T13:06:15.857,BUY,0.0034873,5.38698099
33646348,2017-12-25T13:06:16.2,SELL,0.00348728,36.4800357
33646349,2017-12-25T13:06:16.2,SELL,0.00348728,1.46514892
33646354,2017-12-25T13:06:17.56,SELL,0.00347993,1.15873668
33646356,2017-12-25T13:06:17.717,BUY,0.00348728,0.93846191
33646358,2017-12-25T13:06:17.763,BUY,0.00348728,8.58113727
33646367,2017-12-25T13:06:21.217,BUY,0.00348728,5.0176028
33646372,2017-12-25T13:06:22.53,BUY,0.00348728,23.18235557
33646374,2017-12-25T13:06:22.547,BUY,0.0034873,30.32686038
33646378,2017-12-25T13:06:23.31,SELL,0.00348728,6.5806485
33646385,2017-12-25T13:06:24.357,SELL,0.00348728,3.65724923
33646386,2017-12-25T13:06:24.373,SELL,0.00348728,1.530042
33646387,2017-12-25T13:06:24.75,SELL,0.00348728,12.90269112
33646391,2017-12-25T13:06:25.373,BUY,0.00348727,4.98223368
33646400,2017-12-25T13:06:26.56,SELL,0.00347993,7.03312054
33646401,2017-12-25T13:06:26.56,SELL,0.00347993,0.4
33646402,2017-12-25T13:06:26.56,SELL,0.00347993,0.26536206
33646403,2017-12-25T13:06:26.56,SELL,0.00347993,0.43004007
33646404,2017-12-25T13:06:26.56,SELL,0.00347993,4.53437733
33646406,2017-12-25T13:06:26.577,BUY,0.00348727,2.49449785
33646410,2017-12-25T13:06:27.343,BUY,0.00348727,1.45750185
33646411,2017-12-25T13:06:27.343,BUY,0.00348728,19.39724864
33646412,2017-12-25T13:06:27.343,BUY,0.0034873,12.28364288
33646417,2017-12-25T13:06:27.733,BUY,0.0034873,35.46519943
33646424,2017-12-25T13:06:30.17,SELL,0.00348729,0.21320374
33646429,2017-12-25T13:06:30.89,SELL,0.00348729,2.64718355
33646430,2017-12-25T13:06:30.89,SELL,0.00348728,2.0
33646435,2017-12-25T13:06:33.327,BUY,0.00348728,2.29423573
33646438,2017-12-25T13:06:33.483,SELL,0.00348727,15.0
33646446,2017-12-25T13:06:34.547,BUY,0.003487,3.74049963
33646453,2017-12-25T13:06:37.89,SELL,0.00347993,9.84636884
33646454,2017-12-25T13:06:37.89,SELL,0.00347993,1.67667545
33646455,2017-12-25T13:06:37.89,SELL,0.00347993,6.97814649
33646456,2017-12-25T13:06:37.89,SELL,0.00347993,22.62183885
33646458,2017-12-25T13:06:38.53,BUY,0.003487,10.0
33646466,2017-12-25T13:06:39.343,BUY,0.003487,2.96669195
33646469,2017-12-25T13:06:39.64,SELL,0.00347993,25.52061177
33646471,2017-12-25T13:06:39.81,BUY,0.003487,5.6673424
33646473,2017-12-25T13:06:40.233,SELL,0.003487,15.12917666
33646477,2017-12-25T13:06:41.297,SELL,0.00347993,88.2050141
33646478,2017-12-25T13:06:41.297,SELL,0.00347993,0.29073878
33646486,2017-12-25T13:06:42.013,BUY,0.00347993,8.2254421
33646487,2017-12-25T13:06:42.013,BUY,0.00348698,44.89015733
33646495,2017-12-25T13:06:42.953,BUY,0.00348698,20.64291437
33646496,2017-12-25T13:06:42.953,BUY,0.003487,17.73903152
33646497,2017-12-25T13:06:42.953,BUY,0.00348728,11.61805411
33646501,2017-12-25T13:06:43.327,BUY,0.00348616,8.80149114
33646502,2017-12-25T13:06:43.373,SELL,0.003487,24.9
33646509,2017-12-25T13:06:46.17,SELL,0.003487,0.6213877
33646517,2017-12-25T13:06:48.827,SELL,0.003487,23.48097973
33646518,2017-12-25T13:06:48.827,SELL,0.003487,23.49046464
33646522,2017-12-25T13:06:50.767,SELL,0.003487,29.646351
33646527,2017-12-25T13:06:51.313,SELL,0.003487,4.65560095
33646535,2017-12-25T13:06:51.813,BUY,0.003487,1.0
33646549,2017-12-25T13:06:56.483,SELL,0.00347993,10.3042
33646572,2017-12-25T13:07:00.97,SELL,0.003485,2.8851
33646575,2017-12-25T13:07:01.627,BUY,0.00348699,0.87341153
33646580,2017-12-25T13:07:03.377,BUY,0.00348699,7.45109986
33646581,2017-12-25T13:07:03.377,BUY,0.003487,7.77200669
33646585,2017-12-25T13:07:04.61,SELL,0.003485,0.6846
33646595,2017-12-25T13:07:07.11,BUY,0.003487,0.28606252
33646597,2017-12-25T13:07:07.173,SELL,0.003485,17.5898
33646602,2017-12-25T13:07:08.923,SELL,0.003485,6.8405
33646607,2017-12-25T13:07:10.267,BUY,0.00348499,10.7493
33646608,2017-12-25T13:07:10.267,BUY,0.003485,4.12139413
33646610,2017-12-25T13:07:10.39,BUY,0.003485,4.40190095
33646611,2017-12-25T13:07:10.75,SELL,0.003485,0.31215674
33646614,2017-12-25T13:07:11,BUY,0.003487,17.44981359
33646618,2017-12-25T13:07:14.14,SELL,0.003485,13.58372725
33646619,2017-12-25T13:07:14.14,SELL,0.00347993,7.62734693
33646620,2017-12-25T13:07:14.157,SELL,0.00347993,30.46652221
33646621,2017-12-25T13:07:14.36,SELL,0.00347993,5.339
33646623,2017-12-25T13:07:14.83,BUY,0.003487,3.06125014
33646633,2017-12-25T13:07:16.61,BUY,0.003487,17.10684144
33646636,2017-12-25T13:07:17.39,SELL,0.00347993,22.72720816
33646638,2017-12-25T13:07:17.58,BUY,0.003487,83.86842467
33646639,2017-12-25T13:07:17.58,BUY,0.003487,3.24429652
33646640,2017-12-25T13:07:17.58,BUY,0.003487,4.8343779
33646641,2017-12-25T13:07:17.58,BUY,0.003487,15.38353642
33646646,2017-12-25T13:07:18.3,SELL,0.003487,2.86
33646648,2017-12-25T13:07:18.673,SELL,0.003487,3.50761267
33646649,2017-12-25T13:07:18.673,SELL,0.003487,21.9668468
33646651,2017-12-25T13:07:19.127,SELL,0.003487,27.65793266
33646652,2017-12-25T13:07:19.127,SELL,0.00347993,12.27857369
33646663,2017-12-25T13:07:23.453,SELL,0.003487,0.172484
33646673,2017-12-25T13:07:26.5,BUY,0.00348724,1.18712038
33646675,2017-12-25T13:07:26.61,SELL,0.003487,12.373464
33646676,2017-12-25T13:07:26.61,SELL,0.003487,40.109736
33646678,2017-12-25T13:07:27.033,SELL,0.003487,0.93846191
33646682,2017-12-25T13:07:27.453,SELL,0.003487,4.44793729
33646684,2017-12-25T13:07:27.94,BUY,0.00348696,0.60403544
33646688,2017-12-25T13:07:28.143,BUY,0.00348696,16.40541033
33646698,2017-12-25T13:07:29.75,BUY,0.00348696,2.28850014
33646702,2017-12-25T13:07:30.5,BUY,0.00348696,6.29337539
33646709,2017-12-25T13:07:31.703,SELL,0.003485,3.66061319
33646711,2017-12-25T13:07:32.877,BUY,0.003485,0.5
33646715,2017-12-25T13:07:34.16,BUY,0.003485,23.56339904
33646716,2017-12-25T13:07:34.16,BUY,0.00348696,33.64516705
33646718,2017-12-25T13:07:34.237,BUY,0.00348696,2.5101029
33646720,2017-12-25T13:07:34.36,BUY,0.00348696,22.77396418
33646724,2017-12-25T13:07:34.753,SELL,0.00348696,27.76853604
33646725,2017-12-25T13:07:34.753,SELL,0.00348,0.77063754
33646738,2017-12-25T13:07:38.097,BUY,0.00348,0.28606252
33646749,2017-12-25T13:07:40.97,BUY,0.00348,7.9873269
33646750,2017-12-25T13:07:40.97,BUY,0.00348496,14.9370179
33646753,2017-12-25T13:07:41.487,BUY,0.00348496,0.86083213
33646762,2017-12-25T13:07:43.58,BUY,0.00348496,1.60801284
33646764,2017-12-25T13:07:43.88,BUY,0.00348496,2.9
33646768,2017-12-25T13:07:44.457,SELL,0.00348,4.93599048
33646769,2017-12-25T13:07:44.457,SELL,0.00347993,35.74593722
33646770,2017-12-25T13:07:44.457,SELL,0.00347993,4.22431176
33646771,2017-12-25T13:07:44.457,SELL,0.00347993,14.09173299
33646775,2017-12-25T13:07:44.877,SELL,0.00346202,5.46171203
33646776,2017-12-25T13:07:44.877,SELL,0.003462,28.82888797
33646780,2017-12-25T13:07:45.47,BUY,0.00347993,3.65685136
33646781,2017-12-25T13:07:45.47,BUY,0.00348496,23.50701675
33646782,2017-12-25T13:07:45.47,BUY,0.003485,1.44036429
33646819,2017-12-25T13:07:53.567,BUY,0.00348496,4.5211127
33646822,2017-12-25T13:07:55.173,SELL,0.00348031,0.17716108
33646823,2017-12-25T13:07:55.173,SELL,0.00347993,0.80898328
33646827,2017-12-25T13:07:55.8,BUY,0.00348495,9.96033016
33646835,2017-12-25T13:07:58.91,BUY,0.00348495,1.00250143
33646839,2017-12-25T13:07:59.317,SELL,0.00347993,121.01575576
33646841,2017-12-25T13:07:59.66,BUY,0.00348495,8.47983052
33646845,2017-12-25T13:08:00.22,BUY,0.00348495,28.67794666
33646847,2017-12-25T13:08:01.207,BUY,0.00348495,0.57355893
33646858,2017-12-25T13:08:05.177,BUY,0.00348495,1.81243667
33646862,2017-12-25T13:08:06.677,SELL,0.00348031,5.11467664
33646867,2017-12-25T13:08:07.253,BUY,0.00348495,7.98119194
33646870,2017-12-25T13:08:07.643,BUY,0.00348495,56.70606622
33646876,2017-12-25T13:08:11.067,BUY,0.00348495,3.6851408
33646877,2017-12-25T13:08:11.33,SELL,0.00348031,3.71511479
33646878,2017-12-25T13:08:11.33,SELL,0.00347993,5.42247242
33646879,2017-12-25T13:08:11.347,SELL,0.00347993,64.64833478
33646880,2017-12-25T13:08:11.347,SELL,0.00347993,13.60486659
33646881,2017-12-25T13:08:11.347,SELL,0.00347993,1.32793108
33646882,2017-12-25T13:08:11.347,SELL,0.00347993,0.3429119
33646889,2017-12-25T13:08:13.91,BUY,0.00347993,2.86229971
33646894,2017-12-25T13:08:14.643,BUY,0.00347993,4.8276484
33646896,2017-12-25T13:08:15.363,BUY,0.00347993,7.6
33646900,2017-12-25T13:08:16.143,BUY,0.00347993,0.66774053
33646905,2017-12-25T13:08:18.253,BUY,0.00346343,1.43686395
33646906,2017-12-25T13:08:18.253,BUY,0.00347993,3.59181355
33646909,2017-12-25T13:08:18.66,BUY,0.00347993,10.0
33646933,2017-12-25T13:08:21.067,BUY,0.00347993,1.0
33646940,2017-12-25T13:08:23.503,BUY,0.00347,1.0
33646945,2017-12-25T13:08:25.35,BUY,0.00347,1.0
33646948,2017-12-25T13:08:25.77,BUY,0.00347,12.13
33646949,2017-12-25T13:08:25.77,BUY,0.00347993,10.05735533
33646950,2017-12-25T13:08:25.77,BUY,0.0034849,0.31526211
33646951,2017-12-25T13:08:25.77,BUY,0.00348491,45.0
33646952,2017-12-25T13:08:25.77,BUY,0.00348492,75.76675527
33646953,2017-12-25T13:08:25.77,BUY,0.00348494,20.46195571
33646954,2017-12-25T13:08:25.77,BUY,0.00348495,30.00557552
33646955,2017-12-25T13:08:25.77,BUY,0.00348495,9.78283193
33646956,2017-12-25T13:08:25.77,BUY,0.00348495,68.76489323
33646957,2017-12-25T13:08:25.77,BUY,0.00348495,6.0
33646958,2017-12-25T13:08:25.77,BUY,0.00348495,9.0
33646959,2017-12-25T13:08:25.77,BUY,0.00348496,3.98100017
33646961,2017-12-25T13:08:25.99,BUY,0.00348496,1.27359908
33646962,2017-12-25T13:08:25.99,BUY,0.00348496,0.65470784
33646963,2017-12-25T13:08:26.037,SELL,0.0034619,6.81574033
33646964,2017-12-25T13:08:26.037,SELL,0.00346057,0.18415967
33646977,2017-12-25T13:08:29.927,SELL,0.0034608,0.3172986
33646978,2017-12-25T13:08:29.927,SELL,0.00346058,1.67643754
33646990,2017-12-25T13:08:32.457,SELL,0.00348495,1.5
33646998,2017-12-25T13:08:33.397,BUY,0.00348496,2.24402932
33646999,2017-12-25T13:08:33.613,SELL,0.00348495,1.46702969
33647000,2017-12-25T13:08:33.613,SELL,0.00346057,1.5
33647004,2017-12-25T13:08:34.613,SELL,0.00346057,5.0
33647016,2017-12-25T13:08:38.723,SELL,0.00346119,6.9999
33647024,2017-12-25T13:08:40.32,SELL,0.00347993,0.42996555
33647026,2017-12-25T13:08:40.427,SELL,0.0034606,10.46506561
33647030,2017-12-25T13:08:42.8,SELL,0.00346061,1.46702969
33647036,2017-12-25T13:08:44.1,SELL,0.00346061,2.50409383
33647040,2017-12-25T13:08:44.787,SELL,0.00346061,5.56142036
33647043,2017-12-25T13:08:45.613,SELL,0.00346061,0.46745612
33647044,2017-12-25T13:08:45.613,SELL,0.0034606,3.98329594
33647045,2017-12-25T13:08:45.63,SELL,0.00346058,4.03812209
33647048,2017-12-25T13:08:46.067,BUY,0.00348495,2.96702969
33647049,2017-12-25T13:08:46.067,BUY,0.00348495,11.22500571
33647058,2017-12-25T13:08:49.943,SELL,0.00346119,5.07248896
33647062,2017-12-25T13:08:51.13,BUY,0.00348492,0.72502062
33647066,2017-12-25T13:08:52.287,SELL,0.00346119,4.22431175
33647074,2017-12-25T13:08:55.677,BUY,0.003484,3.0
33647075,2017-12-25T13:08:55.677,BUY,0.00348491,5.46171203
33647076,2017-12-25T13:08:55.677,BUY,0.00348492,9.74004499
33647079,2017-12-25T13:08:55.99,SELL,0.00348492,43.80820321
33647080,2017-12-25T13:08:55.99,SELL,0.00346119,5.89112249
33647081,2017-12-25T13:08:55.99,SELL,0.00346118,4.12529962
33647082,2017-12-25T13:08:55.99,SELL,0.00346081,0.72343426
33647083,2017-12-25T13:08:55.99,SELL,0.00346059,10.0
33647084,2017-12-25T13:08:55.99,SELL,0.00346058,5.96187791
33647085,2017-12-25T13:08:55.99,SELL,0.00346057,18.97558814
33647091,2017-12-25T13:08:57.257,BUY,0.00348485,2.0
33647093,2017-12-25T13:08:57.583,BUY,0.00348485,43.0
33647094,2017-12-25T13:08:57.583,BUY,0.00348489,9.9340858
33647095,2017-12-25T13:08:57.583,BUY,0.00348495,30.94511017
33647096,2017-12-25T13:08:57.583,BUY,0.00348495,23.80348719
33647097,2017-12-25T13:08:57.583,BUY,0.00348495,1.10067585
33647098,2017-12-25T13:08:57.583,BUY,0.00348495,9.71286467
33647099,2017-12-25T13:08:57.583,BUY,0.00348496,0.23944065
33647100,2017-12-25T13:08:57.583,BUY,0.00348496,3.0
33647101,2017-12-25T13:08:57.583,BUY,0.003485,0.47353553
33647102,2017-12-25T13:08:57.583,BUY,0.003485,5.10968995
33647103,2017-12-25T13:08:57.867,SELL,0.00348696,3.32998585
33647104,2017-12-25T13:08:57.897,SELL,0.00348696,30.3554
33647105,2017-12-25T13:08:57.99,SELL,0.00348696,21.42901889
33647106,2017-12-25T13:08:58.27,SELL,0.00348696,3.76190577
33647107,2017-12-25T13:08:58.367,SELL,0.00348696,36.2833
33647108,2017-12-25T13:08:58.38,SELL,0.00348696,43.80820321
33647109,2017-12-25T13:08:58.46,SELL,0.00348696,0.3172986
33647110,2017-12-25T13:08:58.723,SELL,0.00348696,20.1787542
33647111,2017-12-25T13:08:58.723,SELL,0.0034612,1.25026469
33647119,2017-12-25T13:09:00.583,SELL,0.00348495,0.57389633
33647120,2017-12-25T13:09:00.583,SELL,0.00348495,12.0
33647121,2017-12-25T13:09:00.583,SELL,0.0034612,5.46104417
33647122,2017-12-25T13:09:00.583,SELL,0.00346119,10.9916595
33647124,2017-12-25T13:09:01.537,SELL,0.00346119,39.97081957
33647125,2017-12-25T13:09:01.537,SELL,0.00346096,9.74012847
33647126,2017-12-25T13:09:01.537,SELL,0.00346062,7.59407443
33647136,2017-12-25T13:09:03.427,SELL,0.0034612,10.0
33647137,2017-12-25T13:09:03.427,SELL,0.00346063,0.31825035
33647138,2017-12-25T13:09:03.427,SELL,0.00346062,36.72618895
33647145,2017-12-25T13:09:06.007,BUY,0.00346119,11.3604
33647150,2017-12-25T13:09:07.1,SELL,0.0034645,0.89436243
33647153,2017-12-25T13:09:07.583,SELL,0.0034645,10.46603757
33647154,2017-12-25T13:09:07.583,SELL,0.00346063,0.31825035
33647155,2017-12-25T13:09:07.583,SELL,0.00346062,5.62112241
33647160,2017-12-25T13:09:08.757,BUY,0.0034849,0.36967057
33647162,2017-12-25T13:09:09.303,SELL,0.00348549,1.4576694
33647170,2017-12-25T13:09:10.74,BUY,0.00348725,9.0
33647173,2017-12-25T13:09:11.477,SELL,0.00347019,29.95495495
33647179,2017-12-25T13:09:13.773,SELL,0.00347019,6.4209
33647180,2017-12-25T13:09:14.35,SELL,0.00347019,19.10651536
33647190,2017-12-25T13:09:16.397,SELL,0.00347019,36.28617903
33647195,2017-12-25T13:09:22.79,SELL,0.00347019,233.56319011
33647196,2017-12-25T13:09:22.79,SELL,0.00346557,4.92316967
33647197,2017-12-25T13:09:22.79,SELL,0.00346451,30.0
33647198,2017-12-25T13:09:22.79,SELL,0.0034612,0.72442906
33647200,2017-12-25T13:09:23.617,BUY,0.00348488,62.25306252
33647208,2017-12-25T13:09:26.6,BUY,0.0034849,1.32078157
33647217,2017-12-25T13:09:30.54,BUY,0.0034645,3.6288932
33647218,2017-12-25T13:09:30.79,SELL,0.0034612,5.87701319
33647221,2017-12-25T13:09:32.35,BUY,0.0034645,1.3711068
33647225,2017-12-25T13:09:34.087,BUY,0.00348484,0.6365007
33647226,2017-12-25T13:09:34.087,BUY,0.0034849,1.3634993
33647241,2017-12-25T13:09:37.15,BUY,0.0034849,7.31571913
33647242,2017-12-25T13:09:37.15,BUY,0.0034849,1.30834387
33647243,2017-12-25T13:09:37.15,BUY,0.00348491,20.05173103
33647244,2017-12-25T13:09:37.15,BUY,0.00348492,71.26555942
33647245,2017-12-25T13:09:37.15,BUY,0.00348492,0.63507686
33647247,2017-12-25T13:09:38.07,SELL,0.00348492,7.55533786
33647249,2017-12-25T13:09:38.96,SELL,0.00348492,17.60799077
33647253,2017-12-25T13:09:39.633,SELL,0.00348492,341.83637092
33647254,2017-12-25T13:09:39.633,SELL,0.00347019,22.38946683
33647259,2017-12-25T13:09:40.51,SELL,0.00347019,62.47389768
33647260,2017-12-25T13:09:40.51,SELL,0.00347019,0.40752112
33647261,2017-12-25T13:09:40.65,SELL,0.0034645,1.0
33647262,2017-12-25T13:09:40.65,SELL,0.00346122,18.51483298
33647263,2017-12-25T13:09:40.65,SELL,0.0034612,3.43986979
33647264,2017-12-25T13:09:40.65,SELL,0.00346119,10.0
33647267,2017-12-25T13:09:40.803,BUY,0.00346119,2.01369181
33647270,2017-12-25T13:09:40.85,BUY,0.00346119,36.27597172
33647281,2017-12-25T13:09:42.68,BUY,0.00347019,10.0
33647283,2017-12-25T13:09:42.71,SELL,0.0034645,19.2109699
33647295,2017-12-25T13:09:44.4,BUY,0.0034645,0.7890301
33647296,2017-12-25T13:09:44.4,BUY,0.00347019,0.2109699
33647302,2017-12-25T13:09:45.18,BUY,0.00347019,10.0
33647310,2017-12-25T13:09:46.133,BUY,0.00347019,7.72315642
33647314,2017-12-25T13:09:46.837,SELL,0.00346068,0.31816685
33647315,2017-12-25T13:09:46.837,SELL,0.00346067,10.0
33647316,2017-12-25T13:09:46.837,SELL,0.00346063,5.19922167
33647317,2017-12-25T13:09:46.837,SELL,0.00346063,115.65399963
33647318,2017-12-25T13:09:46.837,SELL,0.00346062,59.97305143
33647319,2017-12-25T13:09:46.837,SELL,0.00346062,100.34161892
33647331,2017-12-25T13:09:48.76,BUY,0.0034645,1.19205552
33647332,2017-12-25T13:09:48.76,BUY,0.00347019,1.17203336
33647333,2017-12-25T13:09:48.76,BUY,0.00348483,5.44685867
33647334,2017-12-25T13:09:48.76,BUY,0.00348491,1.18905245
33647339,2017-12-25T13:09:49.793,SELL,0.00347019,29.0648
33647340,2017-12-25T13:09:49.95,SELL,0.00347019,30.79402179
33647343,2017-12-25T13:09:51.433,BUY,0.00347019,2.41455046
33647352,2017-12-25T13:09:52.933,BUY,0.00347019,3.12242775
33647353,2017-12-25T13:09:52.933,BUY,0.00348491,4.27199172
33647354,2017-12-25T13:09:52.933,BUY,0.00348492,18.96461951
33647358,2017-12-25T13:09:53.323,BUY,0.00348492,1.20865845
33647359,2017-12-25T13:09:53.323,BUY,0.00348492,4.79134155
33647360,2017-12-25T13:09:53.34,SELL,0.00347019,14.08
33647361,2017-12-25T13:09:53.34,SELL,0.00346121,9.40540191
33647365,2017-12-25T13:09:54.56,SELL,0.00346121,0.59459809
33647366,2017-12-25T13:09:54.56,SELL,0.00346121,0.59745744
33647369,2017-12-25T13:09:55.293,BUY,0.00348491,0.31816685
33647370,2017-12-25T13:09:55.293,BUY,0.00348492,2.68183315
33647393,2017-12-25T13:10:01.12,SELL,0.00347019,2.45379997
33647394,2017-12-25T13:10:01.12,SELL,0.00347019,5.19354648
33647395,2017-12-25T13:10:01.34,SELL,0.00347019,0.72928968
33647397,2017-12-25T13:10:01.403,BUY,0.00348484,3.22780963
33647400,2017-12-25T13:10:02.17,SELL,0.00347019,4.07716384
33647401,2017-12-25T13:10:02.17,SELL,0.00346122,1.32623616
33647418,2017-12-25T13:10:05.933,BUY,0.00348482,2.66714387
33647420,2017-12-25T13:10:06.03,BUY,0.00348482,3.19121734
33647423,2017-12-25T13:10:07.543,SELL,0.00346124,10.0
33647424,2017-12-25T13:10:07.543,SELL,0.00346123,0.23534174
33647425,2017-12-25T13:10:07.543,SELL,0.00346122,0.21188147
33647435,2017-12-25T13:10:10.077,SELL,0.00346126,9.35460012
33647436,2017-12-25T13:10:10.077,SELL,0.00346123,10.0
33647437,2017-12-25T13:10:10.077,SELL,0.00346122,13.63041745
33647438,2017-12-25T13:10:10.077,SELL,0.00346122,5.21157106
33647439,2017-12-25T13:10:10.077,SELL,0.00346122,5.97443197
33647444,2017-12-25T13:10:12.67,BUY,0.00348482,2.32809478
33647445,2017-12-25T13:10:12.67,BUY,0.00348482,1.31384418
33647449,2017-12-25T13:10:12.95,SELL,0.00346126,1.12021888
33647452,2017-12-25T13:10:13.327,SELL,0.00346127,6.74607809
33647454,2017-12-25T13:10:15.31,SELL,0.00346127,3.25392191
33647455,2017-12-25T13:10:15.31,SELL,0.00346126,3.33178757
33647458,2017-12-25T13:10:16.607,SELL,0.00346122,0.4180555
33647459,2017-12-25T13:10:16.623,SELL,0.00346122,10.60748029
33647460,2017-12-25T13:10:16.623,SELL,0.00346121,25.19089459
33647461,2017-12-25T13:10:16.623,SELL,0.0034612,8.78356962
33647470,2017-12-25T13:10:17.937,BUY,0.00346126,0.941688
33647472,2017-12-25T13:10:18.06,BUY,0.00346126,6.34847663
33647473,2017-12-25T13:10:18.06,BUY,0.00346126,5.11742129
33647474,2017-12-25T13:10:18.357,SELL,0.00346125,4.45202314
33647475,2017-12-25T13:10:18.357,SELL,0.00346123,7.40924316
33647477,2017-12-25T13:10:18.89,BUY,0.00346126,10.0
33647479,2017-12-25T13:10:19,BUY,0.00346126,10.0
33647482,2017-12-25T13:10:19.593,BUY,0.00346126,10.0
33647485,2017-12-25T13:10:19.653,BUY,0.00346126,2.5620655
33647486,2017-12-25T13:10:19.687,SELL,0.00346126,5.89112249
33647488,2017-12-25T13:10:20.857,SELL,0.00346126,1.54681201
33647489,2017-12-25T13:10:20.857,SELL,0.00346123,2.59075684
33647490,2017-12-25T13:10:20.857,SELL,0.0034612,1.21643038
33647491,2017-12-25T13:10:20.857,SELL,0.0034612,0.52446534
33647507,2017-12-25T13:10:25.123,BUY,0.00348,0.57999999
33647514,2017-12-25T13:10:28.78,BUY,0.00346395,30.12956354
33647519,2017-12-25T13:10:29.717,SELL,0.00346396,2.00209007
33647529,2017-12-25T13:10:32.22,BUY,0.00348,0.00235485
33647534,2017-12-25T13:10:33.83,BUY,0.00348004,8.11031432
33647535,2017-12-25T13:10:33.847,SELL,0.00348,6.00964675
33647549,2017-12-25T13:10:37.69,BUY,0.00348,6.00964675
33647550,2017-12-25T13:10:37.69,BUY,0.00348,3.00482337
33647556,2017-12-25T13:10:39.33,SELL,0.00348,8.46659159
33647558,2017-12-25T13:10:39.533,BUY,0.00347996,4.0
33647560,2017-12-25T13:10:39.58,BUY,0.00347996,1.34268638
33647561,2017-12-25T13:10:39.627,SELL,0.00346396,8.46659159
33647562,2017-12-25T13:10:40.3,SELL,0.00346396,5.9265
33647569,2017-12-25T13:10:41.19,BUY,0.00347996,8.36014697
33647571,2017-12-25T13:10:41.673,SELL,0.00346396,1.40546569
33647575,2017-12-25T13:10:42.02,BUY,0.00347996,1.0
33647579,2017-12-25T13:10:44.567,SELL,0.00346396,41.76227584
33647581,2017-12-25T13:10:44.643,BUY,0.00346396,9.17801472
33647589,2017-12-25T13:10:47.94,BUY,0.00346396,4.18668475
33647601,2017-12-25T13:10:50.533,SELL,0.00346443,7.45258832
33647602,2017-12-25T13:10:51.393,SELL,0.00346443,2.54741168
33647603,2017-12-25T13:10:51.393,SELL,0.00346396,5.38985454
33647607,2017-12-25T13:10:52.207,SELL,0.00346397,10.0
33647608,2017-12-25T13:10:52.207,SELL,0.00346396,14.6825323
33647609,2017-12-25T13:10:52.207,SELL,0.00346121,2.76584476
33647615,2017-12-25T13:10:55.47,SELL,0.00346396,2.41069574
33647618,2017-12-25T13:10:56.753,BUY,0.00346396,4.45737043
33647622,2017-12-25T13:10:57.597,BUY,0.00346396,4.22182686
33647624,2017-12-25T13:10:58.783,SELL,0.00346121,0.37925633
33647625,2017-12-25T13:10:58.783,SELL,0.00346121,1.05934367
33647628,2017-12-25T13:11:00.41,BUY,0.00346396,10.0
33647632,2017-12-25T13:11:00.91,BUY,0.00346396,10.10565653
33647633,2017-12-25T13:11:00.91,BUY,0.00346396,23.63217142
33647634,2017-12-25T13:11:00.91,BUY,0.00346396,18.7027664
33647635,2017-12-25T13:11:00.91,BUY,0.00346443,0.20390513
33647636,2017-12-25T13:11:00.91,BUY,0.00346443,3.0
33647637,2017-12-25T13:11:01.097,SELL,0.00346443,17.68553089
33647640,2017-12-25T13:11:01.597,SELL,0.00346443,6.4373
33647643,2017-12-25T13:11:03.177,SELL,0.00346443,117.4743
33647645,2017-12-25T13:11:03.613,SELL,0.00346443,8.06624268
33647647,2017-12-25T13:11:03.88,SELL,0.00346443,48.21876554
33647648,2017-12-25T13:11:03.88,SELL,0.00346396,10.0
33647649,2017-12-25T13:11:03.88,SELL,0.0034612,49.47553466
33647650,2017-12-25T13:11:03.88,SELL,0.0034612,2.30557317
33647651,2017-12-25T13:11:03.88,SELL,0.00346119,3.73453787
33647652,2017-12-25T13:11:03.88,SELL,0.00346119,8.05662593
33647653,2017-12-25T13:11:04.16,SELL,0.00346119,2.71106741
33647654,2017-12-25T13:11:04.16,SELL,0.00346119,0.87803973
33647655,2017-12-25T13:11:04.16,SELL,0.00346065,4.48212314
33647656,2017-12-25T13:11:04.16,SELL,0.00346063,1.4746584
33647657,2017-12-25T13:11:04.16,SELL,0.00346062,1.71802883
33647658,2017-12-25T13:11:04.707,SELL,0.00346062,51.4328
33647663,2017-12-25T13:11:07.033,SELL,0.00346062,45.16439059
33647664,2017-12-25T13:11:07.033,SELL,0.00346062,0.61925293
33647665,2017-12-25T13:11:07.033,SELL,0.00346062,2.8693574
33647666,2017-12-25T13:11:07.033,SELL,0.00346062,35.2371033
33647667,2017-12-25T13:11:07.033,SELL,0.00346058,0.57624152
33647668,2017-12-25T13:11:07.033,SELL,0.00346058,11.27684634
33647669,2017-12-25T13:11:07.033,SELL,0.00346057,21.81742792
33647673,2017-12-25T13:11:07.847,BUY,0.00346396,0.47681948
33647676,2017-12-25T13:11:08.02,BUY,0.00346396,2.62001616
33647677,2017-12-25T13:11:08.02,BUY,0.00346396,0.99274357
33647678,2017-12-25T13:11:08.177,SELL,0.00346057,13.24255766
33647679,2017-12-25T13:11:08.177,SELL,0.00346057,7.10022998
33647680,2017-12-25T13:11:08.177,SELL,0.00346057,4.58438025
33647681,2017-12-25T13:11:08.177,SELL,0.00346051,12.6719072
33647682,2017-12-25T13:11:08.177,SELL,0.0034605,51.77761002
33647685,2017-12-25T13:11:09.02,SELL,0.0034605,31.57076517
33647686,2017-12-25T13:11:09.02,SELL,0.0034605,17.20039556
33647688,2017-12-25T13:11:09.957,BUY,0.0034605,4.27925381
33647689,2017-12-25T13:11:09.957,BUY,0.00346396,2.75707189
33647692,2017-12-25T13:11:10.613,BUY,0.00346049,1.0931
33647695,2017-12-25T13:11:11.91,SELL,0.00346062,1.7791368
33647700,2017-12-25T13:11:12.753,BUY,0.00346058,10.0
33647701,2017-12-25T13:11:13.3,SELL,0.00346046,0.84481333
33647702,2017-12-25T13:11:14.457,SELL,0.00346046,0.84481333
33647705,2017-12-25T13:11:15.083,BUY,0.00346058,1.10758515
33647706,2017-12-25T13:11:15.347,SELL,0.00346046,24.4754
33647709,2017-12-25T13:11:16.097,BUY,0.00346058,0.2872666
33647711,2017-12-25T13:11:16.957,SELL,0.00346046,2.91684472
33647712,2017-12-25T13:11:16.957,SELL,0.00346046,5.7565003
33647713,2017-12-25T13:11:16.957,SELL,0.00346045,2.65920212
33647715,2017-12-25T13:11:18.333,BUY,0.00346046,22.0
33647716,2017-12-25T13:11:19.13,SELL,0.00346045,23.8671
33647718,2017-12-25T13:11:20.707,SELL,0.00346045,20.54531197
33647719,2017-12-25T13:11:21.537,SELL,0.00346043,2.52347209
33647720,2017-12-25T13:11:21.537,SELL,0.00346043,7.02651133
33647721,2017-12-25T13:11:21.537,SELL,0.003459,10.74811658
33647724,2017-12-25T13:11:21.8,BUY,0.00346044,4.0
33647726,2017-12-25T13:11:23.427,SELL,0.003459,5.9507
33647728,2017-12-25T13:11:23.723,BUY,0.00346044,10.0
33647730,2017-12-25T13:11:23.91,BUY,0.00346044,0.7926
33647731,2017-12-25T13:11:23.91,BUY,0.00346045,9.04833541
33647732,2017-12-25T13:11:24.427,SELL,0.003459,11.30118342
33647733,2017-12-25T13:11:24.427,SELL,0.003459,14.90366019
33647734,2017-12-25T13:11:24.427,SELL,0.00345879,2.23662176
33647739,2017-12-25T13:11:25.13,BUY,0.00345879,10.0
33647741,2017-12-25T13:11:26.13,BUY,0.00345879,0.829
33647743,2017-12-25T13:11:26.193,BUY,0.00345879,5.41936439
33647744,2017-12-25T13:11:26.193,BUY,0.00345899,4.58063561
33647746,2017-12-25T13:11:26.41,BUY,0.00345899,10.0
33647748,2017-12-25T13:11:26.537,BUY,0.00345899,4.28686439
33647749,2017-12-25T13:11:26.537,BUY,0.00346045,5.71313561
33647756,2017-12-25T13:11:28.457,BUY,0.00346045,17.68421089
33647757,2017-12-25T13:11:28.457,BUY,0.00346045,10.40690559
33647761,2017-12-25T13:11:29.05,SELL,0.00346046,8.17370946
33647765,2017-12-25T13:11:30.16,SELL,0.00346046,5.97983344
33647769,2017-12-25T13:11:33.583,SELL,0.00346046,0.47837932
33647772,2017-12-25T13:11:34.973,SELL,0.00346046,1.78548043
33647773,2017-12-25T13:11:34.973,SELL,0.003459,2.83844883
33647774,2017-12-25T13:11:34.973,SELL,0.00345863,20.0
33647775,2017-12-25T13:11:34.99,SELL,0.00345853,0.4
33647776,2017-12-25T13:11:34.99,SELL,0.0034582,26.91289919
33647777,2017-12-25T13:11:34.99,SELL,0.00345818,0.950415
33647778,2017-12-25T13:11:34.99,SELL,0.0034547,4.34191102
33647779,2017-12-25T13:11:34.99,SELL,0.0034547,17.70673036
33647780,2017-12-25T13:11:34.99,SELL,0.00345134,0.17716108
33647781,2017-12-25T13:11:34.99,SELL,0.00345,2.1234058
33647782,2017-12-25T13:11:34.99,SELL,0.0034495,9.12646181
33647783,2017-12-25T13:11:34.99,SELL,0.00344318,0.23234293
33647792,2017-12-25T13:11:37.52,BUY,0.00344318,32.2716
33647794,2017-12-25T13:11:37.723,BUY,0.00344318,4.23e-06
33647815,2017-12-25T13:11:41.02,BUY,0.003459,0.64753493
33647816,2017-12-25T13:11:41.02,BUY,0.00346046,9.75246507
33647822,2017-12-25T13:11:42.38,BUY,0.00346046,30.0
33647831,2017-12-25T13:11:43.66,SELL,0.00344318,0.36241584
33647834,2017-12-25T13:11:44.927,SELL,0.00344318,12.24784893
33647835,2017-12-25T13:11:44.927,SELL,0.00344318,10.0
33647836,2017-12-25T13:11:44.927,SELL,0.00344101,10.0
33647837,2017-12-25T13:11:44.927,SELL,0.003441,6.53253793
33647838,2017-12-25T13:11:44.927,SELL,0.00344044,0.2325282
33647839,2017-12-25T13:11:44.927,SELL,0.00344022,1.0
33647840,2017-12-25T13:11:44.927,SELL,0.00344,44.76008494
33647846,2017-12-25T13:11:45.35,SELL,0.00344319,10.0
33647847,2017-12-25T13:11:45.35,SELL,0.00344,33.98752278
33647848,2017-12-25T13:11:45.35,SELL,0.00344,1.97571188
33647849,2017-12-25T13:11:45.35,SELL,0.00343743,4.59500266
33647850,2017-12-25T13:11:45.35,SELL,0.003434,10.0
33647851,2017-12-25T13:11:45.35,SELL,0.00343186,1.48713261
33647852,2017-12-25T13:11:45.35,SELL,0.00343186,14.56935888
33647853,2017-12-25T13:11:45.35,SELL,0.00343183,11.13227119
33647860,2017-12-25T13:11:47.35,BUY,0.003459,3.37426687
33647873,2017-12-25T13:11:49.96,BUY,0.00345897,8.0
33647883,2017-12-25T13:11:53.303,SELL,0.00343186,8.0
33647884,2017-12-25T13:11:53.303,SELL,0.00343184,0.64578235
33647885,2017-12-25T13:11:53.397,SELL,0.00343184,4.40797727
33647889,2017-12-25T13:11:54.223,BUY,0.00345896,0.65063418
33647910,2017-12-25T13:12:00.773,BUY,0.00345892,4.55809992
33647911,2017-12-25T13:12:00.773,BUY,0.00345896,9.10205395
33647912,2017-12-25T13:12:00.773,BUY,0.00345896,4.75233775
33647913,2017-12-25T13:12:00.943,SELL,0.00345896,6.56935888
33647915,2017-12-25T13:12:01.13,SELL,0.00345896,5.02153165
33647917,2017-12-25T13:12:01.773,SELL,0.00345896,7.4323338
33647918,2017-12-25T13:12:01.99,SELL,0.00345896,4.58007983
33647923,2017-12-25T13:12:03.35,SELL,0.00345896,92.29462895
33647924,2017-12-25T13:12:03.63,SELL,0.00345896,63.78373956
33647932,2017-12-25T13:12:04.227,SELL,0.00343188,6.56927398
33647933,2017-12-25T13:12:04.227,SELL,0.00343188,5.82770959
33647934,2017-12-25T13:12:04.227,SELL,0.00343187,36.623
33647936,2017-12-25T13:12:04.227,SELL,0.00343186,2.63291643
33647939,2017-12-25T13:12:04.977,BUY,0.0034589,1.86910418
33647967,2017-12-25T13:12:16.24,BUY,0.00345883,5.91718628
33647971,2017-12-25T13:12:17.647,SELL,0.0034319,2.01014367
33647978,2017-12-25T13:12:19.633,BUY,0.00345882,1.80609795
33647984,2017-12-25T13:12:24.133,SELL,0.00343191,10.0
33647985,2017-12-25T13:12:24.133,SELL,0.00343191,6.71440597
33647994,2017-12-25T13:12:26.523,BUY,0.00345879,8.0
33647995,2017-12-25T13:12:26.523,BUY,0.00345881,5.16616577
33647996,2017-12-25T13:12:26.71,SELL,0.00343192,9.4954877
33648006,2017-12-25T13:12:30.553,SELL,0.00343197,7.99974529
33648007,2017-12-25T13:12:30.553,SELL,0.00343194,3.97772982
33648008,2017-12-25T13:12:30.71,SELL,0.00343194,0.61246853
33648015,2017-12-25T13:12:31.837,SELL,0.00343195,5.16604691
33648016,2017-12-25T13:12:31.837,SELL,0.00343192,5.33664896
33648021,2017-12-25T13:12:34.29,SELL,0.00343192,0.59056254
33648022,2017-12-25T13:12:34.29,SELL,0.00343192,1.97794894
33648024,2017-12-25T13:12:34.65,BUY,0.00343194,14.57
33648026,2017-12-25T13:12:34.773,BUY,0.00343194,1.06312211
33648029,2017-12-25T13:12:36.54,SELL,0.00343194,8.93687789
33648030,2017-12-25T13:12:36.54,SELL,0.00343194,59.01044495
33648032,2017-12-25T13:12:37.243,SELL,0.00343195,9.58131881
33648034,2017-12-25T13:12:38.15,SELL,0.00343195,0.41868119
33648035,2017-12-25T13:12:38.15,SELL,0.00343194,19.21832576
33648037,2017-12-25T13:12:38.633,SELL,0.00343194,12.68482458
33648043,2017-12-25T13:12:42.29,SELL,0.00343195,0.29137953
33648044,2017-12-25T13:12:42.29,SELL,0.00343194,3.80862047
33648045,2017-12-25T13:12:42.413,SELL,0.00343194,6.35089151
33648047,2017-12-25T13:12:43.383,SELL,0.00343194,0.96579775
33648048,2017-12-25T13:12:44.29,SELL,0.00343194,6.52358025
33648049,2017-12-25T13:12:44.29,SELL,0.00343194,3.29492323
33648057,2017-12-25T13:12:47.713,SELL,0.00343195,4.96362482
33648058,2017-12-25T13:12:48.353,SELL,0.00343195,4.96362482
33648062,2017-12-25T13:12:49.807,BUY,0.00344998,10.0
33648063,2017-12-25T13:12:49.807,BUY,0.00344999,4.57
33648066,2017-12-25T13:12:50.713,SELL,0.00343196,1.80642937
33648068,2017-12-25T13:12:52.18,SELL,0.00343196,28.19357063
33648069,2017-12-25T13:12:52.18,SELL,0.00343195,50.93427049
33648070,2017-12-25T13:12:52.197,SELL,0.00343195,0.79754917
33648071,2017-12-25T13:12:52.197,SELL,0.00343195,2.20245083
33648072,2017-12-25T13:12:52.213,SELL,0.00343195,0.94568634
33648073,2017-12-25T13:12:52.213,SELL,0.00343194,0.17652855
33648077,2017-12-25T13:12:53.823,SELL,0.00344999,0.5
33648086,2017-12-25T13:12:59.323,SELL,0.00344999,5.03103454
33648087,2017-12-25T13:12:59.81,SELL,0.00344999,12.37961768
33648088,2017-12-25T13:12:59.81,SELL,0.00344999,3.70004576
33648089,2017-12-25T13:12:59.95,SELL,0.00344999,0.6548514
33648098,2017-12-25T13:13:03.87,BUY,0.00345,2.80993831
33648099,2017-12-25T13:13:03.87,BUY,0.00345867,4.19006169
33648100,2017-12-25T13:13:04.09,SELL,0.00344999,10.56404593
33648101,2017-12-25T13:13:04.09,SELL,0.00344003,52.9021252
33648102,2017-12-25T13:13:04.09,SELL,0.00344,20.26896802
33648104,2017-12-25T13:13:04.667,BUY,0.00344,5.76772574
33648106,2017-12-25T13:13:04.713,BUY,0.00344,65.46337202
33648119,2017-12-25T13:13:08.92,BUY,0.00344003,36.04294414
33648123,2017-12-25T13:13:09.12,BUY,0.00344003,36.04294414
33648125,2017-12-25T13:13:09.62,BUY,0.00344003,19.26694316
33648129,2017-12-25T13:13:13.403,SELL,0.00344003,48.95813978
33648130,2017-12-25T13:13:14.73,SELL,0.00344003,2.66933611
33648132,2017-12-25T13:13:15.467,SELL,0.00344003,21.74928382
33648133,2017-12-25T13:13:15.467,SELL,0.00344003,10.82697923
33648137,2017-12-25T13:13:16.107,SELL,0.00344003,1.0
33648138,2017-12-25T13:13:16.763,SELL,0.00344003,5.0286775
33648141,2017-12-25T13:13:17.48,SELL,0.00344006,1.96194198
33648145,2017-12-25T13:13:18.857,SELL,0.00344006,0.72502062
33648150,2017-12-25T13:13:20.56,BUY,0.00345,9.54717115
33648151,2017-12-25T13:13:20.56,BUY,0.00345867,0.45282885
33648155,2017-12-25T13:13:22.263,SELL,0.00345,4.14061657
33648160,2017-12-25T13:13:22.92,BUY,0.00345,10.0
33648165,2017-12-25T13:13:25.45,BUY,0.00345,0.7403801
33648166,2017-12-25T13:13:25.45,BUY,0.00345867,5.30916702
33648167,2017-12-25T13:13:25.467,BUY,0.00345867,3.83595605
33648180,2017-12-25T13:13:31.263,BUY,0.00345867,10.0
33648181,2017-12-25T13:13:31.687,SELL,0.00345,8.1616
33647840,2017-12-25T13:11:44.927,SELL,0.00344,44.76008494
33647846,2017-12-25T13:11:45.35,SELL,0.00344319,10.0
33647847,2017-12-25T13:11:45.35,SELL,0.00344,33.98752278
33647848,2017-12-25T13:11:45.35,SELL,0.00344,1.97571188
33647849,2017-12-25T13:11:45.35,SELL,0.00343743,4.59500266
33647850,2017-12-25T13:11:45.35,SELL,0.003434,10.0
33647851,2017-12-25T13:11:45.35,SELL,0.00343186,1.48713261
33647852,2017-12-25T13:11:45.35,SELL,0.00343186,14.56935888
33647853,2017-12-25T13:11:45.35,SELL,0.00343183,11.13227119
33647860,2017-12-25T13:11:47.35,BUY,0.003459,3.37426687
33647873,2017-12-25T13:11:49.96,BUY,0.00345897,8.0
33647883,2017-12-25T13:11:53.303,SELL,0.00343186,8.0
33647884,2017-12-25T13:11:53.303,SELL,0.00343184,0.64578235
33647885,2017-12-25T13:11:53.397,SELL,0.00343184,4.40797727
33647889,2017-12-25T13:11:54.223,BUY,0.00345896,0.65063418
33647910,2017-12-25T13:12:00.773,BUY,0.00345892,4.55809992
33647911,2017-12-25T13:12:00.773,BUY,0.00345896,9.10205395
33647912,2017-12-25T13:12:00.773,BUY,0.00345896,4.75233775
33647913,2017-12-25T13:12:00.943,SELL,0.00345896,6.56935888
33647915,2017-12-25T13:12:01.13,SELL,0.00345896,5.02153165
33647917,2017-12-25T13:12:01.773,SELL,0.00345896,7.4323338
33647918,2017-12-25T13:12:01.99,SELL,0.00345896,4.58007983
33647923,2017-12-25T13:12:03.35,SELL,0.00345896,92.29462895
33647924,2017-12-25T13:12:03.63,SELL,0.00345896,63.78373956
33647932,2017-12-25T13:12:04.227,SELL,0.00343188,6.56927398
33647933,2017-12-25T13:12:04.227,SELL,0.00343188,5.82770959
33647934,2017-12-25T13:12:04.227,SELL,0.00343187,36.623
33647936,2017-12-25T13:12:04.227,SELL,0.00343186,2.63291643
33647939,2017-12-25T13:12:04.977,BUY,0.0034589,1.86910418
33647967,2017-12-25T13:12:16.24,BUY,0.00345883,5.91718628
33647971,2017-12-25T13:12:17.647,SELL,0.0034319,2.01014367
33647978,2017-12-25T13:12:19.633,BUY,0.00345882,1.80609795
33647984,2017-12-25T13:12:24.133,SELL,0.00343191,10.0
33647985,2017-12-25T13:12:24.133,SELL,0.00343191,6.71440597
33647994,2017-12-25T13:12:26.523,BUY,0.00345879,8.0
33647995,2017-12-25T13:12:26.523,BUY,0.00345881,5.16616577
33647996,2017-12-25T13:12:26.71,SELL,0.00343192,9.4954877
33648006,2017-12-25T13:12:30.553,SELL,0.00343197,7.99974529
33648007,2017-12-25T13:12:30.553,SELL,0.00343194,3.97772982
33648008,2017-12-25T13:12:30.71,SELL,0.00343194,0.61246853
33648015,2017-12-25T13:12:31.837,SELL,0.00343195,5.16604691
33648016,2017-12-25T13:12:31.837,SELL,0.00343192,5.33664896
33648021,2017-12-25T13:12:34.29,SELL,0.00343192,0.59056254
33648022,2017-12-25T13:12:34.29,SELL,0.00343192,1.97794894
33648024,2017-12-25T13:12:34.65,BUY,0.00343194,14.57
33648026,2017-12-25T13:12:34.773,BUY,0.00343194,1.06312211
33648029,2017-12-25T13:12:36.54,SELL,0.00343194,8.93687789
33648030,2017-12-25T13:12:36.54,SELL,0.00343194,59.01044495
33648032,2017-12-25T13:12:37.243,SELL,0.00343195,9.58131881
33648034,2017-12-25T13:12:38.15,SELL,0.00343195,0.41868119
33648035,2017-12-25T13:12:38.15,SELL,0.00343194,19.21832576
33648037,2017-12-25T13:12:38.633,SELL,0.00343194,12.68482458
33648043,2017-12-25T13:12:42.29,SELL,0.00343195,0.29137953
33648044,2017-12-25T13:12:42.29,SELL,0.00343194,3.80862047
33648045,2017-12-25T13:12:42.413,SELL,0.00343194,6.35089151
33648047,2017-12-25T13:12:43.383,SELL,0.00343194,0.96579775
33648048,2017-12-25T13:12:44.29,SELL,0.00343194,6.52358025
33648049,2017-12-25T13:12:44.29,SELL,0.00343194,3.29492323
33648057,2017-12-25T13:12:47.713,SELL,0.00343195,4.96362482
33648058,2017-12-25T13:12:48.353,SELL,0.00343195,4.96362482
33648062,2017-12-25T13:12:49.807,BUY,0.00344998,10.0
33648063,2017-12-25T13:12:49.807,BUY,0.00344999,4.57
33648066,2017-12-25T13:12:50.713,SELL,0.00343196,1.80642937
33648068,2017-12-25T13:12:52.18,SELL,0.00343196,28.19357063
33648069,2017-12-25T13:12:52.18,SELL,0.00343195,50.93427049
33648070,2017-12-25T13:12:52.197,SELL,0.00343195,0.79754917
33648071,2017-12-25T13:12:52.197,SELL,0.00343195,2.20245083
33648072,2017-12-25T13:12:52.213,SELL,0.00343195,0.94568634
33648073,2017-12-25T13:12:52.213,SELL,0.00343194,0.17652855
33648077,2017-12-25T13:12:53.823,SELL,0.00344999,0.5
33648086,2017-12-25T13:12:59.323,SELL,0.00344999,5.03103454
33648087,2017-12-25T13:12:59.81,SELL,0.00344999,12.37961768
33648088,2017-12-25T13:12:59.81,SELL,0.00344999,3.70004576
33648089,2017-12-25T13:12:59.95,SELL,0.00344999,0.6548514
33648098,2017-12-25T13:13:03.87,BUY,0.00345,2.80993831
33648099,2017-12-25T13:13:03.87,BUY,0.00345867,4.19006169
33648100,2017-12-25T13:13:04.09,SELL,0.00344999,10.56404593
33648101,2017-12-25T13:13:04.09,SELL,0.00344003,52.9021252
33648102,2017-12-25T13:13:04.09,SELL,0.00344,20.26896802
33648104,2017-12-25T13:13:04.667,BUY,0.00344,5.76772574
33648106,2017-12-25T13:13:04.713,BUY,0.00344,65.46337202
33648119,2017-12-25T13:13:08.92,BUY,0.00344003,36.04294414
33648123,2017-12-25T13:13:09.12,BUY,0.00344003,36.04294414
33648125,2017-12-25T13:13:09.62,BUY,0.00344003,19.26694316
33648129,2017-12-25T13:13:13.403,SELL,0.00344003,48.95813978
33648130,2017-12-25T13:13:14.73,SELL,0.00344003,2.66933611
33648132,2017-12-25T13:13:15.467,SELL,0.00344003,21.74928382
33648133,2017-12-25T13:13:15.467,SELL,0.00344003,10.82697923
33648137,2017-12-25T13:13:16.107,SELL,0.00344003,1.0
33648138,2017-12-25T13:13:16.763,SELL,0.00344003,5.0286775
33648141,2017-12-25T13:13:17.48,SELL,0.00344006,1.96194198
33648145,2017-12-25T13:13:18.857,SELL,0.00344006,0.72502062
33648150,2017-12-25T13:13:20.56,BUY,0.00345,9.54717115
33648151,2017-12-25T13:13:20.56,BUY,0.00345867,0.45282885
33648155,2017-12-25T13:13:22.263,SELL,0.00345,4.14061657
33648160,2017-12-25T13:13:22.92,BUY,0.00345,10.0
33648165,2017-12-25T13:13:25.45,BUY,0.00345,0.7403801
33648166,2017-12-25T13:13:25.45,BUY,0.00345867,5.30916702
33648167,2017-12-25T13:13:25.467,BUY,0.00345867,3.83595605
33648180,2017-12-25T13:13:31.263,BUY,0.00345867,10.0
33648181,2017-12-25T13:13:31.687,SELL,0.00345,8.1616
33648184,2017-12-25T13:13:33.78,SELL,0.00345,0.17434783
33648187,2017-12-25T13:13:34.233,BUY,0.00345867,2.42219091
33648188,2017-12-25T13:13:34.233,BUY,0.00345867,1.43802909
33648194,2017-12-25T13:13:36.06,SELL,0.00345867,15.6792215
33648198,2017-12-25T13:13:37.14,SELL,0.00345867,4.19296899
33648218,2017-12-25T13:13:45.11,SELL,0.00345867,24.4528
33648223,2017-12-25T13:13:48.733,SELL,0.00345867,10.33474572
33648224,2017-12-25T13:13:48.733,SELL,0.00345867,0.16558966
33648225,2017-12-25T13:13:48.733,SELL,0.00345,4.02716462
33648229,2017-12-25T13:13:50.513,SELL,0.00345867,0.1816592
33648230,2017-12-25T13:13:50.513,SELL,0.00345,1.1876178
33648236,2017-12-25T13:13:53.64,SELL,0.00345,6.44926975
33648237,2017-12-25T13:13:53.64,SELL,0.00345,6.0
33648240,2017-12-25T13:13:53.89,BUY,0.00345,0.66755239
33648244,2017-12-25T13:13:54.703,BUY,0.00345,2.88396487
33648247,2017-12-25T13:13:55.407,BUY,0.00345,4.80018601
33648249,2017-12-25T13:13:55.687,BUY,0.00345,2.32610234
33648256,2017-12-25T13:13:57.547,BUY,0.00345,10.0
33648258,2017-12-25T13:13:58.423,BUY,0.00345,10.0
33648260,2017-12-25T13:13:59.907,BUY,0.00345,10.0
33648263,2017-12-25T13:14:00.483,BUY,0.00345,10.0
33648266,2017-12-25T13:14:01.47,BUY,0.00345,10.0
33648270,2017-12-25T13:14:03.047,SELL,0.003441,3.7
33648275,2017-12-25T13:14:05.377,SELL,0.003441,29.4471
33648281,2017-12-25T13:14:07.343,SELL,0.003441,0.24376336
33648282,2017-12-25T13:14:08.14,SELL,0.003441,2.74555752
33648287,2017-12-25T13:14:09.94,SELL,0.003441,5.11102719
33648288,2017-12-25T13:14:09.94,SELL,0.003441,14.22265959
33648292,2017-12-25T13:14:11.737,BUY,0.00345,1.31107882
33648301,2017-12-25T13:14:21.11,BUY,0.00345,10.0
33648303,2017-12-25T13:14:23.69,BUY,0.003449,1.0
33648304,2017-12-25T13:14:23.69,BUY,0.00345,8.54785696
33648305,2017-12-25T13:14:23.69,BUY,0.00345,0.61574264
33648306,2017-12-25T13:14:23.69,BUY,0.00345,6.32060766
33648307,2017-12-25T13:14:23.69,BUY,0.00345,0.8
33648308,2017-12-25T13:14:23.69,BUY,0.00345,6.40666532
33648311,2017-12-25T13:14:25.657,BUY,0.00344999,1.8842633
33648312,2017-12-25T13:14:26.237,SELL,0.00344101,7.98985633
33648313,2017-12-25T13:14:26.237,SELL,0.003441,5.0
33648314,2017-12-25T13:14:26.237,SELL,0.003441,2.23697368
33648315,2017-12-25T13:14:26.237,SELL,0.00344045,20.23836942
33648317,2017-12-25T13:14:26.55,BUY,0.00344999,2.19311364
33648318,2017-12-25T13:14:26.55,BUY,0.00345,7.80688636
33648320,2017-12-25T13:14:28.86,BUY,0.00345,15.78644832
33648321,2017-12-25T13:14:28.86,BUY,0.00345,0.63
33648322,2017-12-25T13:14:28.86,BUY,0.00345,17.21008679
33648325,2017-12-25T13:14:29.347,BUY,0.00345,10.0
33648326,2017-12-25T13:14:29.55,SELL,0.00344045,8.74683637
33648327,2017-12-25T13:14:29.55,SELL,0.00344045,6.23034814
33648328,2017-12-25T13:14:29.55,SELL,0.00344045,6.04984943
33648330,2017-12-25T13:14:30.063,BUY,0.00344045,10.0
33648332,2017-12-25T13:14:30.33,BUY,0.00344045,10.0
33648338,2017-12-25T13:14:35.987,BUY,0.00344045,10.0
33648339,2017-12-25T13:14:37.893,SELL,0.00344008,13.95852825
33648340,2017-12-25T13:14:37.893,SELL,0.00344,4.73920721
33648341,2017-12-25T13:14:37.893,SELL,0.00344,3.77743294
33648347,2017-12-25T13:14:43.91,SELL,0.00344,22.5364
33648353,2017-12-25T13:14:47.22,SELL,0.00344,3.75831807
33648354,2017-12-25T13:14:47.22,SELL,0.00344,5.9
33648355,2017-12-25T13:14:47.22,SELL,0.00344,0.5679986
33648369,2017-12-25T13:14:57.597,BUY,0.00344,2.91164309
33648370,2017-12-25T13:14:57.597,BUY,0.00344,0.22823731
33648374,2017-12-25T13:15:00.613,BUY,0.00344,4.13284811
33648377,2017-12-25T13:15:01.783,SELL,0.00343372,0.83380949
33648378,2017-12-25T13:15:01.783,SELL,0.00343372,2.31226716
33648384,2017-12-25T13:15:04.597,BUY,0.00343372,3.9
33648386,2017-12-25T13:15:04.677,BUY,0.00343372,3.9
33648390,2017-12-25T13:15:05.737,BUY,0.00343372,3.9
33648391,2017-12-25T13:15:07.19,SELL,0.00343232,7.28541781
33648394,2017-12-25T13:15:07.77,BUY,0.00343232,3.9
33648397,2017-12-25T13:15:08.55,BUY,0.00343232,1.8145822
33648398,2017-12-25T13:15:08.55,BUY,0.00343372,2.0854178
33648401,2017-12-25T13:15:09.253,BUY,0.00343372,4.68004653
33648402,2017-12-25T13:15:09.253,BUY,0.00343372,3.54996021
33648403,2017-12-25T13:15:09.253,BUY,0.00343372,1.76999326
33648405,2017-12-25T13:15:09.38,BUY,0.00343372,15.76620313
33648406,2017-12-25T13:15:09.38,BUY,0.00343372,10.0
33648409,2017-12-25T13:15:10.33,SELL,0.00343372,1.47901165
33648410,2017-12-25T13:15:10.33,SELL,0.00343372,10.0
33648411,2017-12-25T13:15:10.33,SELL,0.00343372,1.31448902
33648413,2017-12-25T13:15:11.223,SELL,0.00343372,0.45800441
33648418,2017-12-25T13:15:15.38,SELL,0.00343372,8.22750657
33648419,2017-12-25T13:15:15.38,SELL,0.00343372,10.0
33648420,2017-12-25T13:15:15.38,SELL,0.00343372,3.33351993
33648423,2017-12-25T13:15:15.927,BUY,0.00343372,4.44766024
33648426,2017-12-25T13:15:16.723,BUY,0.00343372,2.47963952
33648429,2017-12-25T13:15:21.317,SELL,0.00343232,0.78244045
33648432,2017-12-25T13:15:23.097,BUY,0.00343232,2.28690365
33648433,2017-12-25T13:15:23.097,BUY,0.00343372,7.71309635
33648437,2017-12-25T13:15:25.91,BUY,0.00343372,6.72295677
33648438,2017-12-25T13:15:25.91,BUY,0.00343372,0.7
33648439,2017-12-25T13:15:25.91,BUY,0.00343372,2.69993722
33648442,2017-12-25T13:15:26.003,BUY,0.00343372,8.14134444
33648443,2017-12-25T13:15:26.003,BUY,0.00343372,1.85865556
33648445,2017-12-25T13:15:26.177,BUY,0.00343372,1.1213506
33648447,2017-12-25T13:15:26.253,SELL,0.00343232,2.67079931
33648450,2017-12-25T13:15:26.613,BUY,0.00343372,6.95842564
33648451,2017-12-25T13:15:26.613,BUY,0.00343372,3.04157436
33648453,2017-12-25T13:15:26.99,BUY,0.00343372,4.72930396
33648454,2017-12-25T13:15:26.99,BUY,0.00343372,1.43802909
33648457,2017-12-25T13:15:27.44,BUY,0.00343999,0.43599075
33648458,2017-12-25T13:15:27.44,BUY,0.00343999,4.39342604
33648459,2017-12-25T13:15:27.44,BUY,0.00344,4.99448343
33648460,2017-12-25T13:15:27.44,BUY,0.00344,4.85300946
33648461,2017-12-25T13:15:27.44,BUY,0.00344,30.01128244
33648462,2017-12-25T13:15:27.44,BUY,0.00344,38.66280788
33648468,2017-12-25T13:15:28.753,SELL,0.00343372,3.83266695
33648470,2017-12-25T13:15:29.52,SELL,0.00343232,5.32920069
33648471,2017-12-25T13:15:29.52,SELL,0.00343231,10.48900484
33648472,2017-12-25T13:15:29.52,SELL,0.003432,0.24978252
33648473,2017-12-25T13:15:29.52,SELL,0.00343195,15.58682542
33648474,2017-12-25T13:15:29.52,SELL,0.00343195,6.76288404
33648482,2017-12-25T13:15:32.647,BUY,0.00343195,3.06655764
33648483,2017-12-25T13:15:32.647,BUY,0.00343232,4.22182687
33648484,2017-12-25T13:15:32.647,BUY,0.00343232,2.71161549
33648490,2017-12-25T13:15:34.817,SELL,0.00343194,6.52854822
33648491,2017-12-25T13:15:34.817,SELL,0.00343194,9.69993388
33648495,2017-12-25T13:15:36.613,SELL,0.00343194,1.86455396
33648496,2017-12-25T13:15:36.63,SELL,0.00343194,1.0156314
33648498,2017-12-25T13:15:37.1,BUY,0.00343194,4.39589391
33648499,2017-12-25T13:15:37.1,BUY,0.00343195,6.97408872
33648504,2017-12-25T13:15:37.817,BUY,0.00343195,2.90620602
33648506,2017-12-25T13:15:38.8,BUY,0.00343194,2.91348975
33648519,2017-12-25T13:15:41.223,BUY,0.00343194,95.50051987
33648520,2017-12-25T13:15:41.223,BUY,0.00343194,5.84326399
33648521,2017-12-25T13:15:41.223,BUY,0.00343194,73.46973217
33648522,2017-12-25T13:15:41.223,BUY,0.00343195,6.43012492
33648523,2017-12-25T13:15:41.223,BUY,0.00343232,15.46130811
33648524,2017-12-25T13:15:41.223,BUY,0.00343232,9.17472751
33648525,2017-12-25T13:15:41.223,BUY,0.00343232,62.25306252
33648526,2017-12-25T13:15:41.223,BUY,0.00343232,2.61182245
33648532,2017-12-25T13:15:43.067,SELL,0.00343232,5.0
33648534,2017-12-25T13:15:43.6,SELL,0.00343232,3.81367346
33648536,2017-12-25T13:15:43.88,BUY,0.00343372,57.94905597
33648537,2017-12-25T13:15:43.88,BUY,0.00343372,9.33565535
33648538,2017-12-25T13:15:43.88,BUY,0.00343372,17.30416235
33648539,2017-12-25T13:15:43.88,BUY,0.003438,41.24744807
33648540,2017-12-25T13:15:43.88,BUY,0.00344,18.41946321
33648545,2017-12-25T13:15:45.24,SELL,0.00343232,1.17111904
33648547,2017-12-25T13:15:45.363,BUY,0.00344,0.88979116
33648552,2017-12-25T13:15:47.647,SELL,0.00343372,10.0
33648553,2017-12-25T13:15:47.647,SELL,0.00343232,222.98783827
33648557,2017-12-25T13:15:47.927,BUY,0.00343232,21.82762269
33648558,2017-12-25T13:15:47.927,BUY,0.00344,89.37086075
33648561,2017-12-25T13:15:48.833,BUY,0.00344,0.551529
33648564,2017-12-25T13:15:50.99,BUY,0.00343232,8.54245624
33648566,2017-12-25T13:15:52.96,BUY,0.00343232,10.0
33648569,2017-12-25T13:15:54.113,BUY,0.00343232,10.0
33648571,2017-12-25T13:15:54.193,BUY,0.00343232,4.24836498
33648572,2017-12-25T13:15:54.507,SELL,0.00343232,9.75163502
33648573,2017-12-25T13:15:54.507,SELL,0.00343192,0.86728387
33648574,2017-12-25T13:15:54.507,SELL,0.00343192,11.93249678
33648577,2017-12-25T13:15:55.083,BUY,0.00343192,14.2432
33648580,2017-12-25T13:15:55.397,BUY,0.00343192,15.86618587
33648587,2017-12-25T13:16:02.147,BUY,0.00343232,5.7937595
33648588,2017-12-25T13:16:02.147,BUY,0.00343232,18.06638148
33648590,2017-12-25T13:16:02.427,BUY,0.00343232,10.0
33648592,2017-12-25T13:16:03.13,BUY,0.00343232,78.53128679
33648594,2017-12-25T13:16:03.553,SELL,0.00343198,23.82352941
33648597,2017-12-25T13:16:03.99,BUY,0.00343232,80.18614355
33648603,2017-12-25T13:16:04.77,BUY,0.00343372,43.74632242
33648609,2017-12-25T13:16:05.693,BUY,0.00343372,47.48898999
33648614,2017-12-25T13:16:06.413,BUY,0.00343232,0.52790275
33648617,2017-12-25T13:16:07.647,SELL,0.00343372,4.9124066
33648619,2017-12-25T13:16:08.13,BUY,0.00344,9.58248608
33648620,2017-12-25T13:16:08.13,BUY,0.00344,16.66213231
33648622,2017-12-25T13:16:08.24,BUY,0.00344,99.61083749
33648623,2017-12-25T13:16:08.24,BUY,0.00344,3.06107156
33648624,2017-12-25T13:16:08.24,BUY,0.00344,39.26849359
33648625,2017-12-25T13:16:08.24,BUY,0.00344,1.45096786
33648629,2017-12-25T13:16:08.85,BUY,0.00344,8.00932495
33648630,2017-12-25T13:16:08.85,BUY,0.00344,0.92947671
33648631,2017-12-25T13:16:08.85,BUY,0.00344,7.03729358
33648632,2017-12-25T13:16:09.163,SELL,0.00343372,8.54413407
33648634,2017-12-25T13:16:09.21,BUY,0.00344,14.92209592
33648638,2017-12-25T13:16:10.257,BUY,0.00344,12.28149393
33648641,2017-12-25T13:16:11.787,BUY,0.00344,6.04012927
33648646,2017-12-25T13:16:12.757,BUY,0.00344,1.37
33648650,2017-12-25T13:16:12.977,BUY,0.00344,5.38470906
33648651,2017-12-25T13:16:12.977,BUY,0.00344031,0.46759712
33648652,2017-12-25T13:16:12.977,BUY,0.00344044,7.39340426
33648660,2017-12-25T13:16:18.99,BUY,0.00344,8.55107628
33648661,2017-12-25T13:16:18.99,BUY,0.00344044,11.43580634
33648671,2017-12-25T13:16:24.773,BUY,0.00344044,6.39301328
33648672,2017-12-25T13:16:24.773,BUY,0.00344045,1.53167533
33648673,2017-12-25T13:16:24.773,BUY,0.00345,2.07531139
33648677,2017-12-25T13:16:26.1,SELL,0.00344044,6.96615937
33648679,2017-12-25T13:16:26.397,BUY,0.00344044,6.99840976
33648690,2017-12-25T13:16:29.303,BUY,0.00344044,0.76204981
33648693,2017-12-25T13:16:29.773,BUY,0.00344044,5.27338106
33648694,2017-12-25T13:16:29.773,BUY,0.00344044,2.72389455
33648695,2017-12-25T13:16:29.773,BUY,0.00345,0.74052439
33648708,2017-12-25T13:16:34.303,SELL,0.00343233,26.37417957
33648709,2017-12-25T13:16:34.303,SELL,0.00343233,2.11466392
33648710,2017-12-25T13:16:34.303,SELL,0.00343232,0.87185927
33648711,2017-12-25T13:16:34.303,SELL,0.00343232,1.44390387
33648712,2017-12-25T13:16:34.303,SELL,0.00343231,30.19539337
33648715,2017-12-25T13:16:34.43,BUY,0.00344044,3.74049963
33648716,2017-12-25T13:16:34.947,SELL,0.00344044,4.48032688
33648725,2017-12-25T13:16:38.633,BUY,0.00345,1.32985549
33648726,2017-12-25T13:16:38.633,BUY,0.00345,2.86020012
33648727,2017-12-25T13:16:38.633,BUY,0.00345,8.0
33648728,2017-12-25T13:16:38.633,BUY,0.00345865,5.16604691
33648729,2017-12-25T13:16:38.633,BUY,0.00345866,54.80164546
33648730,2017-12-25T13:16:38.837,SELL,0.00344044,0.783917
33648750,2017-12-25T13:16:50.51,BUY,0.00345,9.24353944
33648751,2017-12-25T13:16:50.51,BUY,0.00345864,0.66154382
33648752,2017-12-25T13:16:50.51,BUY,0.00345864,1.281
33648753,2017-12-25T13:16:50.51,BUY,0.00345867,15.0
33648754,2017-12-25T13:16:50.51,BUY,0.00345878,73.672156
33648755,2017-12-25T13:16:50.82,SELL,0.00344044,0.33348921
33648756,2017-12-25T13:16:50.82,SELL,0.00344044,1.35739785
33648757,2017-12-25T13:16:50.82,SELL,0.00344044,4.63516366
33648758,2017-12-25T13:16:50.82,SELL,0.00344044,6.02811376
33648759,2017-12-25T13:16:51.133,SELL,0.00344044,1.8
33648761,2017-12-25T13:16:51.837,BUY,0.00345878,5.6404
33648763,2017-12-25T13:16:56.54,BUY,0.00345875,1.81375679
33648769,2017-12-25T13:17:01.883,BUY,0.00345,3.0747
33648771,2017-12-25T13:17:02.587,BUY,0.00345,0.00154265
33648772,2017-12-25T13:17:02.587,BUY,0.00345875,30.69293357
33648773,2017-12-25T13:17:02.587,BUY,0.00345875,2.03966952
33648774,2017-12-25T13:17:02.587,BUY,0.00345878,104.53361052
33648781,2017-12-25T13:17:04.743,SELL,0.00344044,0.79970382
33648782,2017-12-25T13:17:04.743,SELL,0.00344,2.77298485
33648789,2017-12-25T13:17:06.353,SELL,0.00345,5.0
33648794,2017-12-25T13:17:08.603,SELL,0.00345,7.80517919
33648802,2017-12-25T13:17:09.79,BUY,0.00345878,6.10846322
33648809,2017-12-25T13:17:11.027,SELL,0.00345,10.92818055
33648818,2017-12-25T13:17:14.65,SELL,0.00345,0.46293586
33648830,2017-12-25T13:17:23.183,BUY,0.00345878,3.05791318
33648831,2017-12-25T13:17:23.933,SELL,0.00345001,4.90925174
33648837,2017-12-25T13:17:24.917,SELL,0.00345001,0.66171156
33648842,2017-12-25T13:17:26.713,SELL,0.00345001,0.23277487
33648856,2017-12-25T13:17:29.87,BUY,0.00345878,43.5066123
33648865,2017-12-25T13:17:32.23,SELL,0.00345001,11.0806
33648867,2017-12-25T13:17:33.48,SELL,0.00345001,1.82512366
33648868,2017-12-25T13:17:33.48,SELL,0.00345001,2.92704489
33648869,2017-12-25T13:17:33.48,SELL,0.00345001,0.28833629
33648870,2017-12-25T13:17:33.48,SELL,0.00345001,91.35854685
33648871,2017-12-25T13:17:33.48,SELL,0.00345,41.61197815
33648899,2017-12-25T13:17:44.747,SELL,0.00345001,2.60352998
33648900,2017-12-25T13:17:44.747,SELL,0.00345001,0.69647002
33648904,2017-12-25T13:17:45.06,BUY,0.00345878,2.94661434
33648918,2017-12-25T13:17:48.857,BUY,0.00345878,19.5
33648926,2017-12-25T13:17:50.81,SELL,0.00345001,0.29028944
33648927,2017-12-25T13:17:50.81,SELL,0.00345001,18.21931056
33648943,2017-12-25T13:17:54.183,SELL,0.00345001,7.92900637
33648944,2017-12-25T13:17:54.183,SELL,0.00345001,5.43538819
33648945,2017-12-25T13:17:54.183,SELL,0.00345001,10.8995127
33648955,2017-12-25T13:17:58.857,BUY,0.00345877,30.69293358
33648956,2017-12-25T13:17:58.857,BUY,0.00345878,112.87390532
33648960,2017-12-25T13:18:01.23,SELL,0.00345002,37.02607945
33648962,2017-12-25T13:18:01.59,SELL,0.00345002,0.5
33648967,2017-12-25T13:18:03.31,BUY,0.00345878,5.06180526
33648975,2017-12-25T13:18:07.013,SELL,0.00345002,5.2364035
33648976,2017-12-25T13:18:07.013,SELL,0.00345002,5.37374711
33648979,2017-12-25T13:18:07.98,BUY,0.00345002,23.70618887
33648980,2017-12-25T13:18:07.98,BUY,0.00345878,47.73983827
33648989,2017-12-25T13:18:11.637,SELL,0.00345004,22.86562143
33648999,2017-12-25T13:18:17.06,BUY,0.00345877,8.54447577
33649011,2017-12-25T13:18:20.607,SELL,0.00345877,2.74957707
33649012,2017-12-25T13:18:20.607,SELL,0.00345004,27.58385508
33649021,2017-12-25T13:18:21.67,BUY,0.00345878,18.10558948
33649029,2017-12-25T13:18:23.73,BUY,0.00345877,5.33688383
33649030,2017-12-25T13:18:23.73,BUY,0.00345877,42.15339334
33649038,2017-12-25T13:18:25.013,BUY,0.00345877,4.21163046
33649065,2017-12-25T13:18:41.123,BUY,0.00345877,6.07078667
33649066,2017-12-25T13:18:41.483,SELL,0.00345005,3.1023915
33649072,2017-12-25T13:18:43.123,BUY,0.00345877,7.74662545
33649073,2017-12-25T13:18:43.123,BUY,0.00345877,1.52807455
33649074,2017-12-25T13:18:43.123,BUY,0.00345877,22.61087819
33649075,2017-12-25T13:18:43.123,BUY,0.00345877,2.45462587
33649076,2017-12-25T13:18:43.123,BUY,0.00345877,0.5
33649077,2017-12-25T13:18:43.123,BUY,0.00345877,1.19912115
33649078,2017-12-25T13:18:43.123,BUY,0.00345877,1.37632773
33649079,2017-12-25T13:18:43.123,BUY,0.00345877,7.36216736
33649080,2017-12-25T13:18:43.123,BUY,0.00345877,68.37347527
33649081,2017-12-25T13:18:43.123,BUY,0.00345878,57.25309211
33649082,2017-12-25T13:18:43.123,BUY,0.00345878,0.17434783
33649083,2017-12-25T13:18:43.123,BUY,0.00345878,10.0
33649084,2017-12-25T13:18:43.123,BUY,0.00345878,1.0
33649085,2017-12-25T13:18:43.123,BUY,0.00345878,0.55291897
33649086,2017-12-25T13:18:43.123,BUY,0.00345878,20.92252801
33649087,2017-12-25T13:18:43.123,BUY,0.00345878,2.06766041
33649088,2017-12-25T13:18:43.123,BUY,0.00345878,15.21945842
33649089,2017-12-25T13:18:43.123,BUY,0.00345878,12.53047067
33649090,2017-12-25T13:18:43.14,BUY,0.00345878,6.76288404
33649091,2017-12-25T13:18:43.14,BUY,0.00345878,0.22571916
33649110,2017-12-25T13:18:48.92,BUY,0.003459,1.00332192
33649111,2017-12-25T13:18:48.92,BUY,0.00346,13.16021087
33649114,2017-12-25T13:18:49.843,SELL,0.003459,4.80405335
33649115,2017-12-25T13:18:49.843,SELL,0.00345881,1.70057637
33649116,2017-12-25T13:18:49.843,SELL,0.00345878,36.25785323
33649128,2017-12-25T13:18:53.547,SELL,0.00345879,5.78236898
33649129,2017-12-25T13:18:53.547,SELL,0.00345878,146.68127178
33649139,2017-12-25T13:18:56.89,BUY,0.0034588,2.0
33649140,2017-12-25T13:18:56.89,BUY,0.00346,3.54611491
33649143,2017-12-25T13:18:57.89,SELL,0.00346,8.87375111
33649144,2017-12-25T13:18:57.89,SELL,0.00345878,2.83401768
33649156,2017-12-25T13:19:04.42,BUY,0.00346728,0.23234293
33649157,2017-12-25T13:19:04.42,BUY,0.00346728,0.23234293
