65704862,2017-12-25T12:32:47.807,BUY,0.00500076,0.39893777
65704874,2017-12-25T12:33:29.57,SELL,0.0049529,0.41243918
65704897,2017-12-25T12:33:56.313,SELL,0.00495201,45.27506708
65704898,2017-12-25T12:33:56.313,SELL,0.004952,29.62374976
65704899,2017-12-25T12:33:56.313,SELL,0.004952,25.10118316
65704908,2017-12-25T12:34:03.863,SELL,0.004952,10.7311349
65704915,2017-12-25T12:34:06.94,SELL,0.004952,12.98671648
65704933,2017-12-25T12:34:19.523,SELL,0.004952,0.3823277
65704934,2017-12-25T12:34:19.523,SELL,0.00495,15.77689695
65704963,2017-12-25T12:34:42.767,SELL,0.00495,166.7806693
65704973,2017-12-25T12:35:04.087,SELL,0.00495,348.63240599
65704974,2017-12-25T12:35:04.087,SELL,0.00495,2.0
65704975,2017-12-25T12:35:04.1,SELL,0.00495,4.1
65704976,2017-12-25T12:35:04.1,SELL,0.00495,19.55805439
65704977,2017-12-25T12:35:07.15,SELL,0.00495,96.67762923
65704978,2017-12-25T12:35:08.993,SELL,0.00495,14.4904151
65705011,2017-12-25T12:35:37.97,BUY,0.00494995,0.60606672
65705035,2017-12-25T12:36:24.55,SELL,0.00494995,2.04591837
65705056,2017-12-25T12:36:50.853,BUY,0.00495,1.3924697
65705144,2017-12-25T12:37:50.81,BUY,0.00495,2.00012443
65705156,2017-12-25T12:37:59.563,SELL,0.00494995,1.19014746
65705157,2017-12-25T12:37:59.563,SELL,0.00494995,0.35873888
65705158,2017-12-25T12:37:59.563,SELL,0.0049407,0.48061408
65705159,2017-12-25T12:37:59.563,SELL,0.0049406,3.07938282
65705273,2017-12-25T12:38:38.433,SELL,0.0049406,7.01554492
65705274,2017-12-25T12:38:38.433,SELL,0.0049406,8.23330596
65705280,2017-12-25T12:38:48.233,BUY,0.0049406,0.20143336
65705284,2017-12-25T12:38:50.343,BUY,0.0049406,4.31032912
65705355,2017-12-25T12:40:41.99,BUY,0.00495201,2.54722532
65705363,2017-12-25T12:40:51.23,BUY,0.00495201,4.02364541
65705366,2017-12-25T12:40:52.307,BUY,0.00495201,0.60430007
65705387,2017-12-25T12:41:11.267,BUY,0.00495201,0.3309796
65705395,2017-12-25T12:41:26.473,BUY,0.00495201,1.0
65705397,2017-12-25T12:41:46.87,BUY,0.00495201,2.12304028
65705421,2017-12-25T12:42:16.363,BUY,0.00495201,1.64024994
65705422,2017-12-25T12:42:16.363,BUY,0.00495201,0.3823277
65705531,2017-12-25T12:44:05.897,SELL,0.00496474,0.30061988
65705588,2017-12-25T12:45:19.23,BUY,0.00496473,17.47888747
65705612,2017-12-25T12:45:46.333,SELL,0.00495201,0.40741661
65705618,2017-12-25T12:45:56.633,BUY,0.00496474,0.90639187
65705631,2017-12-25T12:46:16.437,BUY,0.00496474,0.79298825
65705632,2017-12-25T12:46:16.437,BUY,0.00496474,9.25285504
65705633,2017-12-25T12:46:16.967,SELL,0.00495201,0.40942832
65705644,2017-12-25T12:46:54.37,SELL,0.00495201,0.42762303
65705645,2017-12-25T12:46:55.573,SELL,0.00495201,0.89325908
65705709,2017-12-25T12:47:23.05,SELL,0.00495201,0.06979582
65705710,2017-12-25T12:47:23.05,SELL,0.00495201,0.93020418
65705717,2017-12-25T12:47:25.893,SELL,0.00495201,0.08678682
65705749,2017-12-25T12:47:49.323,SELL,0.00494634,0.10815979
65705750,2017-12-25T12:47:49.323,SELL,0.00494634,2.09949739
65705751,2017-12-25T12:47:49.323,SELL,0.00494394,1.00823519
65705752,2017-12-25T12:47:49.323,SELL,0.00494188,17.80849597
65705753,2017-12-25T12:47:49.323,SELL,0.00494187,19.1118811
65705768,2017-12-25T12:48:24.943,SELL,0.00494187,1.16617809
65705769,2017-12-25T12:48:33.43,SELL,0.00494187,1.001002
65705787,2017-12-25T12:49:18.32,SELL,0.00494187,2.12304028
65705798,2017-12-25T12:49:44.077,SELL,0.00494187,4.85612585
65705799,2017-12-25T12:49:44.077,SELL,0.0049406,395.14387415
65705808,2017-12-25T12:50:03.3,SELL,0.0049406,5.35492922
65705809,2017-12-25T12:50:03.3,SELL,0.0049406,3.60177562
65705812,2017-12-25T12:50:07.99,BUY,0.0049406,1.08997201
65705870,2017-12-25T12:51:25.59,BUY,0.0049406,2.29492003
65705957,2017-12-25T12:52:48.52,SELL,0.0049406,1.75317129
65705958,2017-12-25T12:52:48.52,SELL,0.0049406,5.81978644
65706077,2017-12-25T12:54:11.683,SELL,0.00493265,0.40546157
65706078,2017-12-25T12:54:11.683,SELL,0.00492061,4.43429287
65706090,2017-12-25T12:54:23.733,SELL,0.00492061,0.83665631
65706091,2017-12-25T12:54:23.733,SELL,0.00492061,14.35406532
65706093,2017-12-25T12:54:23.937,BUY,0.0049406,1.896009
65706094,2017-12-25T12:54:23.937,BUY,0.00494185,2.65597335
65706095,2017-12-25T12:54:23.937,BUY,0.00494187,0.60165871
65706096,2017-12-25T12:54:23.937,BUY,0.00495201,0.99999994
65706117,2017-12-25T12:55:09.607,SELL,0.00492062,0.74895383
65706118,2017-12-25T12:55:09.607,SELL,0.00492061,2.25104617
65706121,2017-12-25T12:55:14.84,SELL,0.00492061,3.03495663
65706127,2017-12-25T12:55:27.017,SELL,0.00492061,3.80877453
65706138,2017-12-25T12:55:56.87,BUY,0.004952,0.52036174
65706139,2017-12-25T12:55:56.87,BUY,0.004952,2.32893526
65706140,2017-12-25T12:56:00.137,SELL,0.00492061,0.82192318
65706144,2017-12-25T12:56:05.777,BUY,0.004952,5.04905494
65706149,2017-12-25T12:56:11.937,BUY,0.004952,5.05363853
65706152,2017-12-25T12:56:17.75,BUY,0.004952,5.05654155
65706157,2017-12-25T12:56:22.297,BUY,0.004952,5.05654155
65706161,2017-12-25T12:56:25.783,BUY,0.004952,8.49157
65706162,2017-12-25T12:56:25.783,BUY,0.004952,10.0
65706163,2017-12-25T12:56:25.783,BUY,0.004952,15.77670038
65706168,2017-12-25T12:56:28.877,BUY,0.004952,5.05730675
65706173,2017-12-25T12:56:32.49,BUY,0.004952,20.23881805
65706175,2017-12-25T12:56:35.16,BUY,0.004952,5.05730675
65706184,2017-12-25T12:56:41.96,BUY,0.004952,3.67283745
65706185,2017-12-25T12:56:41.96,BUY,0.00495201,6e-08
65706192,2017-12-25T12:56:44.617,BUY,0.00495669,1.52651001
65706193,2017-12-25T12:56:44.617,BUY,0.00500643,0.90283827
65706208,2017-12-25T12:56:51.167,SELL,0.00495669,0.20174753
65706217,2017-12-25T12:56:59.827,BUY,0.00495669,47.60722101
65706339,2017-12-25T12:58:24.63,BUY,0.00495669,47.52900423
65706342,2017-12-25T12:58:27.54,BUY,0.00495669,46.88600359
65706398,2017-12-25T12:58:53.187,BUY,0.00495669,3.00414627
65706405,2017-12-25T12:58:57.83,SELL,0.00492167,0.5
65706632,2017-12-25T13:00:37.15,SELL,0.00493201,1.6
65706736,2017-12-25T13:01:43.937,BUY,0.00499927,4.0
65706928,2017-12-25T13:04:12.27,SELL,0.0049947,1.64059241
65706939,2017-12-25T13:04:22.977,SELL,0.0049947,1.18439749
65706941,2017-12-25T13:04:30.84,SELL,0.0049947,0.60606672
65706944,2017-12-25T13:04:32.417,BUY,0.00499579,1.03826384
65706974,2017-12-25T13:05:09.85,BUY,0.00499467,0.50513255
65706975,2017-12-25T13:05:09.85,BUY,0.00499469,0.18537981
65706979,2017-12-25T13:05:12.63,BUY,0.00499466,15.65673408
65707130,2017-12-25T13:08:09.49,SELL,0.00496,17.40078193
65707163,2017-12-25T13:08:53.5,BUY,0.0049915,20.07289745
65707166,2017-12-25T13:08:57.283,SELL,0.00496005,1.02744726
65707169,2017-12-25T13:09:00.83,SELL,0.00496005,2.00537393
65707171,2017-12-25T13:09:02.66,BUY,0.00496005,3.21072749
65707173,2017-12-25T13:09:05.02,BUY,0.00496005,0.12842146
65707194,2017-12-25T13:09:34.307,SELL,0.00496005,1.78795961
65707195,2017-12-25T13:09:34.307,SELL,0.00496005,3.75533515
65707216,2017-12-25T13:10:17.13,SELL,0.00496005,6.39846615
65707226,2017-12-25T13:10:47.56,SELL,0.00496005,6.80917226
65707227,2017-12-25T13:10:47.56,SELL,0.00496,2.74064216
65707228,2017-12-25T13:10:47.56,SELL,0.00496,1.33650752
65707229,2017-12-25T13:10:47.56,SELL,0.00495835,1.49328105
65707240,2017-12-25T13:10:57.703,SELL,0.00495251,0.12
65707241,2017-12-25T13:10:57.703,SELL,0.00495244,0.51900661
65707243,2017-12-25T13:10:58.75,BUY,0.00495244,29.07259699
65707251,2017-12-25T13:11:00.97,BUY,0.0049914,20.0135
65707253,2017-12-25T13:11:01.097,BUY,0.0049914,2.1175
65707254,2017-12-25T13:11:01.097,BUY,0.00499141,22.8895
65707276,2017-12-25T13:11:19.787,BUY,0.00499141,12.21390918
65707278,2017-12-25T13:11:20.787,SELL,0.00496729,10.36611764
65707499,2017-12-25T13:13:27.303,BUY,0.00499149,0.14593697
65707568,2017-12-25T13:14:09.94,SELL,0.0049673,74.64649668
65707570,2017-12-25T13:14:14.44,SELL,0.0049673,4.8928898
65707571,2017-12-25T13:14:14.44,SELL,0.00496729,2.10378883
65707572,2017-12-25T13:14:14.44,SELL,0.00496729,7.58554937
65707646,2017-12-25T13:14:55.433,BUY,0.0049673,7.63859821
65707666,2017-12-25T13:15:07.017,BUY,0.0049673,2.10452358
65707736,2017-12-25T13:15:54.857,SELL,0.00496729,26.483521
65707758,2017-12-25T13:16:14.737,SELL,0.00496729,20.56469025
65707773,2017-12-25T13:16:23.753,SELL,0.00496729,0.60298522
65707775,2017-12-25T13:16:24.207,SELL,0.00496729,45.0
65707783,2017-12-25T13:16:25.58,SELL,0.00496729,0.10653481
65707806,2017-12-25T13:16:52.667,SELL,0.00495238,6.0282345
65707807,2017-12-25T13:16:52.667,SELL,0.00495238,1.43695941
65707808,2017-12-25T13:16:52.667,SELL,0.00495238,2.0
65707809,2017-12-25T13:16:52.667,SELL,0.00495238,1.1
65707810,2017-12-25T13:16:52.667,SELL,0.00495238,7.61198582
65707814,2017-12-25T13:16:55.45,BUY,0.00495238,1.00874068
65707828,2017-12-25T13:17:03.89,BUY,0.00495238,20.13145842
65707863,2017-12-25T13:17:44.29,BUY,0.00495238,20.13145842
65707912,2017-12-25T13:18:24.237,BUY,0.00495238,0.20141831
65707929,2017-12-25T13:18:43.647,BUY,0.00495238,11.13499621
65707931,2017-12-25T13:18:51.9,BUY,0.00495238,2.52881207
65707934,2017-12-25T13:19:03.463,BUY,0.00495238,2.12195412
65708001,2017-12-25T13:19:34.27,SELL,0.00493568,0.1521
65708036,2017-12-25T13:19:45.49,SELL,0.00493568,1.3479
65708045,2017-12-25T13:19:49.07,BUY,0.00493568,7.53726566
65708050,2017-12-25T13:19:52.54,SELL,0.00493568,0.37526816
65708114,2017-12-25T13:20:32.487,SELL,0.00492308,0.24467719
65708145,2017-12-25T13:20:55.413,BUY,0.00493568,1.03329227
65708161,2017-12-25T13:21:08.15,BUY,0.00493568,3.80725191
65708166,2017-12-25T13:21:13.357,BUY,0.00493568,9.15945582
65708171,2017-12-25T13:21:19.31,SELL,0.00493568,3.32830695
65708180,2017-12-25T13:21:36.813,BUY,0.00493568,11.4925533
65708182,2017-12-25T13:21:44.02,SELL,0.00493568,0.531223
65708199,2017-12-25T13:22:35.97,BUY,0.00495238,1.1461126
65708222,2017-12-25T13:23:00.333,BUY,0.00495238,0.1242141
65708243,2017-12-25T13:23:43.767,SELL,0.00493568,2.60830313
65708244,2017-12-25T13:23:43.767,SELL,0.00492308,0.18134676
65708245,2017-12-25T13:23:43.767,SELL,0.00492063,16.63571786
65708246,2017-12-25T13:23:43.767,SELL,0.00492062,11.14447204
65708247,2017-12-25T13:23:43.767,SELL,0.00492061,1.13579488
65708248,2017-12-25T13:23:43.767,SELL,0.00492061,4.29436533
65708253,2017-12-25T13:24:09.117,BUY,0.00495238,2.01418308
65708259,2017-12-25T13:24:37.607,SELL,0.0049208,0.53122302
65708263,2017-12-25T13:25:05.66,BUY,0.00495238,11.21875162
65708325,2017-12-25T13:27:04.627,BUY,0.00495238,11.44321668
65708326,2017-12-25T13:27:04.627,BUY,0.00495238,10.0
65708327,2017-12-25T13:27:04.627,BUY,0.00495387,1.4883403
65708328,2017-12-25T13:27:04.627,BUY,0.00496729,15.55019902
65708330,2017-12-25T13:27:05.063,BUY,0.00496729,2.5e-07
65708331,2017-12-25T13:27:05.063,BUY,0.0049673,0.17538831
65708332,2017-12-25T13:27:05.063,BUY,0.0049673,0.2246387
65708333,2017-12-25T13:27:05.063,BUY,0.00499129,0.60452359
65708334,2017-12-25T13:27:05.063,BUY,0.0049913,0.78681492
65708335,2017-12-25T13:27:05.063,BUY,0.00499131,13.5
65708336,2017-12-25T13:27:05.063,BUY,0.00499135,20.60609723
65708839,2017-12-25T13:29:44.537,BUY,0.00498999,6.44209772
65708886,2017-12-25T13:30:01.43,BUY,0.00498998,9.89225125
65709070,2017-12-25T13:31:07.743,BUY,0.00498998,9.42434673
65709154,2017-12-25T13:31:35.5,BUY,0.00498996,0.51683423
65709175,2017-12-25T13:31:48.8,SELL,0.00495998,0.249375
65709244,2017-12-25T13:32:44.263,SELL,0.00495998,20.01850645
65709288,2017-12-25T13:33:17.27,BUY,0.00498898,5.99819603
65709328,2017-12-25T13:33:32.26,SELL,0.00493625,20.7712205
65709341,2017-12-25T13:33:38.027,BUY,0.00495998,0.39581153
65709357,2017-12-25T13:33:43.683,BUY,0.00495997,0.40221936
65709363,2017-12-25T13:33:48.857,SELL,0.0049363,0.68998358
65709364,2017-12-25T13:33:48.857,SELL,0.00493629,30.95082836
65709375,2017-12-25T13:34:01.36,SELL,0.00493629,12.44492023
65709485,2017-12-25T13:35:29.3,BUY,0.00498878,0.32086601
65709486,2017-12-25T13:35:29.3,BUY,0.00498878,14.67913399
65709532,2017-12-25T13:35:49.727,BUY,0.00498875,0.233
65709554,2017-12-25T13:35:56.917,BUY,0.00498875,0.11
65709591,2017-12-25T13:36:11.467,BUY,0.00498875,14.657
65709595,2017-12-25T13:36:13.827,SELL,0.00498875,7.93700658
65709645,2017-12-25T13:36:45.927,BUY,0.00498798,0.99990377
65709683,2017-12-25T13:37:15.2,BUY,0.00498698,5.050415
65709993,2017-12-25T13:39:13.527,SELL,0.00498698,2.0
65710117,2017-12-25T13:40:06.037,BUY,0.00498698,0.29111883
65710143,2017-12-25T13:40:16.26,BUY,0.00498875,1.32346554
65710182,2017-12-25T13:40:31.76,SELL,0.00498698,3.11879599
65710296,2017-12-25T13:41:23.083,BUY,0.00498698,0.92929533
65710297,2017-12-25T13:41:23.083,BUY,0.00498875,0.96865861
65710298,2017-12-25T13:41:23.083,BUY,0.00498877,5.48029152
65710313,2017-12-25T13:41:27.553,BUY,0.00498877,2.6344669
65710350,2017-12-25T13:41:42.26,BUY,0.00498876,63.98524531
65710451,2017-12-25T13:42:36.053,SELL,0.00497876,20.64726427
65710509,2017-12-25T13:43:09.077,SELL,0.00497876,10.86314442
65710514,2017-12-25T13:43:09.45,BUY,0.00498874,1.00225507
65710519,2017-12-25T13:43:12.34,SELL,0.00497876,27.91361978
65710522,2017-12-25T13:43:15.67,SELL,0.00497876,3.85097469
65710639,2017-12-25T13:43:53.647,SELL,0.00497877,3.59709729
65710682,2017-12-25T13:44:06.277,SELL,0.00497876,1.21307658
65710714,2017-12-25T13:44:18.513,BUY,0.00498859,2.00351091
65710719,2017-12-25T13:44:20.513,SELL,0.00497876,6.75466937
65711009,2017-12-25T13:46:43.653,SELL,0.004981,4.0
65711010,2017-12-25T13:46:43.653,SELL,0.00498,4.386497
65711053,2017-12-25T13:47:22.083,SELL,0.00498,1.33148948
65711054,2017-12-25T13:47:22.083,SELL,0.00497876,26.76810557
65711055,2017-12-25T13:47:22.083,SELL,0.00497876,1.0
65711056,2017-12-25T13:47:22.083,SELL,0.00496631,1.488365
65711106,2017-12-25T13:47:48.057,SELL,0.00496631,3.8168
65711107,2017-12-25T13:47:48.417,SELL,0.00496631,3.002e-05
65711108,2017-12-25T13:47:50.06,SELL,0.0049443,0.4454
65711109,2017-12-25T13:47:50.463,SELL,0.0049443,1.68e-05
65711110,2017-12-25T13:47:50.463,SELL,0.00493641,8.4349473
65711111,2017-12-25T13:47:50.463,SELL,0.00493629,4.0
65711113,2017-12-25T13:47:50.65,BUY,0.00493603,0.35055167
65711116,2017-12-25T13:47:53.607,BUY,0.00493621,2.31510094
65711121,2017-12-25T13:47:54.2,BUY,0.00493621,9.68687314
65711124,2017-12-25T13:47:54.42,BUY,0.00493621,2.99802592
65711125,2017-12-25T13:47:54.42,BUY,0.00494879,3.8168
65711129,2017-12-25T13:47:56.31,SELL,0.00495101,3.30568114
65711130,2017-12-25T13:47:58.387,SELL,0.00493621,2.10283059
65711131,2017-12-25T13:47:58.387,SELL,0.004936,9.10352089
65711141,2017-12-25T13:48:25.3,SELL,0.00493601,10.5230752
65711148,2017-12-25T13:49:16.887,SELL,0.00493601,0.73770448
65711161,2017-12-25T13:49:32.813,BUY,0.00493601,0.52278881
65711163,2017-12-25T13:49:32.847,BUY,0.00493601,0.686287
65711166,2017-12-25T13:49:35.863,BUY,0.00493601,0.69297569
65711174,2017-12-25T13:49:49.96,BUY,0.00493601,14.65374339
65711179,2017-12-25T13:50:10.76,BUY,0.00493601,1.9339618
65711184,2017-12-25T13:50:25.403,BUY,0.00493601,8.98956824
65711195,2017-12-25T13:51:22.18,BUY,0.00493601,0.78353531
65711250,2017-12-25T13:52:35.383,SELL,0.00493602,1.0
65711258,2017-12-25T13:53:03.543,BUY,0.00497968,0.80123539
65711272,2017-12-25T13:53:21.75,BUY,0.0049796,1.02662006
65711278,2017-12-25T13:53:31.08,SELL,0.00493602,17.74830429
65711279,2017-12-25T13:53:31.08,SELL,0.00493602,1.0
65711280,2017-12-25T13:53:31.08,SELL,0.004936,17.99458473
65711281,2017-12-25T13:53:31.08,SELL,0.004936,43.73961802
65711282,2017-12-25T13:53:31.08,SELL,0.00493001,0.60700053
65711283,2017-12-25T13:53:31.08,SELL,0.00493,0.3
65711284,2017-12-25T13:53:31.08,SELL,0.00493,36.18816481
65711285,2017-12-25T13:53:31.08,SELL,0.00493,2.87173226
65711288,2017-12-25T13:53:33.347,BUY,0.00493,25.84600709
65711292,2017-12-25T13:53:35.16,BUY,0.00497955,20.2566
65711322,2017-12-25T13:53:47.227,BUY,0.00497952,1.48836488
65711323,2017-12-25T13:53:47.24,BUY,0.00497954,18.78835819
65711332,2017-12-25T13:53:52.1,SELL,0.00497956,5.24807389
65711605,2017-12-25T13:55:40.98,SELL,0.00497956,3.8531862
65711668,2017-12-25T13:56:04.237,BUY,0.00497956,11.0
65711807,2017-12-25T13:56:58.31,BUY,0.00497956,2.4403
65711816,2017-12-25T13:56:59.903,BUY,0.00497956,1.318e-05
65711964,2017-12-25T13:57:56.29,BUY,0.00499042,3.65352859
65711966,2017-12-25T13:57:56.617,BUY,0.00499042,11.17703341
65711967,2017-12-25T13:57:56.617,BUY,0.00499049,20.89606081
65711968,2017-12-25T13:57:56.617,BUY,0.0049906,17.92690578
65711971,2017-12-25T13:57:56.943,BUY,0.0049906,12.12960045
65711972,2017-12-25T13:57:56.943,BUY,0.00499061,37.87039955
65711975,2017-12-25T13:57:57.303,BUY,0.00499043,0.3299487
65711976,2017-12-25T13:57:57.303,BUY,0.00499061,8.74095073
65711977,2017-12-25T13:57:57.303,BUY,0.00499107,1.64269225
65711978,2017-12-25T13:57:57.303,BUY,0.00499135,39.28640832
65711982,2017-12-25T13:57:57.6,BUY,0.00499135,0.10749445
65711983,2017-12-25T13:57:57.6,BUY,0.00499466,1.31758173
65711984,2017-12-25T13:57:57.6,BUY,0.00499927,2.0
65711985,2017-12-25T13:57:57.6,BUY,0.00499936,0.42602395
65711986,2017-12-25T13:57:57.6,BUY,0.00499999,0.60700053
65711987,2017-12-25T13:57:57.6,BUY,0.005,20.63414354
65712014,2017-12-25T13:58:02.307,BUY,0.005008,1.24270744
65712015,2017-12-25T13:58:02.307,BUY,0.005008,26.19849256
65712019,2017-12-25T13:58:02.853,SELL,0.00497957,60.0
65712022,2017-12-25T13:58:02.913,BUY,0.005008,1.58e-05
65712023,2017-12-25T13:58:02.913,BUY,0.005008,36.18816481
65712046,2017-12-25T13:58:05.417,SELL,0.00497956,2.00320155
65712047,2017-12-25T13:58:05.417,SELL,0.00496302,2.31508212
65712048,2017-12-25T13:58:05.417,SELL,0.00495017,1.48836489
65712049,2017-12-25T13:58:05.417,SELL,0.00492244,8.68164635
65712050,2017-12-25T13:58:05.417,SELL,0.00492149,21.47180509
65712054,2017-12-25T13:58:05.76,SELL,0.0049216,29.46319347
65712056,2017-12-25T13:58:05.82,BUY,0.00497956,5.08134215
65712057,2017-12-25T13:58:05.82,BUY,0.00500165,54.91865785
65712062,2017-12-25T13:58:06.353,BUY,0.00500165,5.08134215
65712063,2017-12-25T13:58:06.353,BUY,0.00501537,3.72945785
65712067,2017-12-25T13:58:06.697,SELL,0.00493311,25.506
65712085,2017-12-25T13:58:08.15,SELL,0.00492249,20.4048
65712445,2017-12-25T13:59:54.607,SELL,0.00497956,0.51494682
65712462,2017-12-25T13:59:59.17,BUY,0.00497956,1.99044586
65712469,2017-12-25T13:59:59.39,BUY,0.00497956,0.6544861
65712662,2017-12-25T14:01:01.95,SELL,0.00497957,0.32463
65712663,2017-12-25T14:01:01.95,SELL,0.00497956,0.67537
65712709,2017-12-25T14:03:09.927,SELL,0.00497956,3.324942
65712714,2017-12-25T14:04:09.593,SELL,0.00497956,8.16896468
65712715,2017-12-25T14:05:44.877,SELL,0.00497956,0.93561205
65712716,2017-12-25T14:06:00.74,SELL,0.00497956,28.12820081
65712746,2017-12-25T14:08:56.897,SELL,0.0049226,1.79586151
65712752,2017-12-25T14:09:12.37,SELL,0.0049226,15.88949171
65712755,2017-12-25T14:09:28.81,SELL,0.0049226,0.89793076
65712758,2017-12-25T14:09:30.997,SELL,0.0049226,29.97956183
65712759,2017-12-25T14:09:31.153,SELL,0.0049226,6.60615124
65712764,2017-12-25T14:09:44.563,SELL,0.00492259,7.42449892
65712767,2017-12-25T14:09:52.97,BUY,0.00497855,0.36708448
65712795,2017-12-25T14:11:25.77,BUY,0.00497853,3.83150949
65712799,2017-12-25T14:11:33.333,BUY,0.00497853,0.24098514
65712808,2017-12-25T14:11:56.103,BUY,0.00497755,0.2984584
65712815,2017-12-25T14:12:05.713,BUY,0.00497755,0.24108246
65712854,2017-12-25T14:14:01.563,BUY,0.00497549,8.12797737
65712855,2017-12-25T14:14:01.563,BUY,0.00497648,30.13536807
65712856,2017-12-25T14:14:01.563,BUY,0.00497649,12.37232704
65712857,2017-12-25T14:14:01.563,BUY,0.00497649,2.31508212
65712858,2017-12-25T14:14:01.563,BUY,0.00497651,10.2141605
65712859,2017-12-25T14:14:01.563,BUY,0.0049775,1.12311583
65712860,2017-12-25T14:14:01.563,BUY,0.00497755,37.17079999
65712861,2017-12-25T14:14:01.89,SELL,0.00492074,0.37269088
65712862,2017-12-25T14:14:01.89,SELL,0.00492074,18.19028366
65712865,2017-12-25T14:14:09.657,BUY,0.00497754,6.43075156
65712868,2017-12-25T14:14:12.673,BUY,0.00492074,0.5
65712893,2017-12-25T14:14:47.46,BUY,0.00497719,0.37644301
65712894,2017-12-25T14:14:47.46,BUY,0.0049772,1.28192207
65712895,2017-12-25T14:14:47.477,BUY,0.00497752,0.5
65712896,2017-12-25T14:14:47.477,BUY,0.00497753,7.53203417
65712943,2017-12-25T14:15:40.94,BUY,0.00497718,5.81978644
65712944,2017-12-25T14:15:40.94,BUY,0.00497719,10.2963843
65712945,2017-12-25T14:15:40.94,BUY,0.00497719,5.14120927
65712946,2017-12-25T14:15:40.94,BUY,0.00497753,56.47758799
65712970,2017-12-25T14:16:05.053,BUY,0.00497755,3.06604845
65713040,2017-12-25T14:16:55,BUY,0.00497754,1.025646
65713143,2017-12-25T14:17:53.087,BUY,0.00497741,1.43718463
65713182,2017-12-25T14:18:14.577,BUY,0.00497726,0.17082415
65713196,2017-12-25T14:18:20.7,BUY,0.00497723,0.12812335
65713226,2017-12-25T14:18:56.067,BUY,0.00497095,13.6411554
65713227,2017-12-25T14:18:56.067,BUY,0.00497098,6.42527
65713265,2017-12-25T14:19:25.603,BUY,0.00497079,10.374331
65713316,2017-12-25T14:20:06.297,BUY,0.00495999,10.82557718
65713319,2017-12-25T14:20:09.127,SELL,0.00495028,19.35198724
65713320,2017-12-25T14:20:09.157,SELL,0.00494334,50.0
65713321,2017-12-25T14:20:09.767,SELL,0.00494334,16.38306493
65713322,2017-12-25T14:20:09.767,SELL,0.00494333,33.61693507
65713324,2017-12-25T14:20:10.75,SELL,0.00494333,50.0
65713327,2017-12-25T14:20:11.643,SELL,0.00494333,50.0
65713331,2017-12-25T14:20:12.597,SELL,0.00494335,50.0
65713332,2017-12-25T14:20:13.11,SELL,0.00494335,50.0
65713335,2017-12-25T14:20:15.317,SELL,0.00494335,50.0
65713343,2017-12-25T14:20:19.427,SELL,0.00494335,23.08
65713345,2017-12-25T14:20:19.533,BUY,0.00494335,0.29657515
65713350,2017-12-25T14:20:20.13,BUY,0.00494335,75.14333573
65713373,2017-12-25T14:20:31.943,SELL,0.00494336,7.3288
65713389,2017-12-25T14:20:36.93,BUY,0.00495028,0.30221737
65713393,2017-12-25T14:20:39.273,SELL,0.00494321,6.32876793
65713395,2017-12-25T14:20:41.443,SELL,0.00493821,2.0125
65713404,2017-12-25T14:20:44.803,SELL,0.00493822,1.4939245
65713405,2017-12-25T14:20:44.803,SELL,0.00493821,2.675e-05
65713409,2017-12-25T14:20:46.117,BUY,0.00493479,1.494
65713410,2017-12-25T14:20:46.117,BUY,0.00495028,1.62239113
65713411,2017-12-25T14:20:47.493,SELL,0.00495028,2.07712832
65713417,2017-12-25T14:20:51.62,BUY,0.00493657,0.99266125
65713419,2017-12-25T14:20:52.807,SELL,0.00493009,10.82557718
65713441,2017-12-25T14:21:02.167,SELL,0.00493009,1.0
65713442,2017-12-25T14:21:02.167,SELL,0.00493008,3.4562
65713446,2017-12-25T14:21:04.417,BUY,0.00493833,1.17462028
65713451,2017-12-25T14:21:07.26,BUY,0.00493833,0.93375821
65713458,2017-12-25T14:21:11.23,BUY,0.00493833,0.29692598
65713461,2017-12-25T14:21:14.403,BUY,0.00493833,1.59469553
65713478,2017-12-25T14:21:35.36,SELL,0.00493008,22.07206506
65713492,2017-12-25T14:21:45.61,SELL,0.00493,0.33812398
65713493,2017-12-25T14:21:45.61,SELL,0.00492071,2.64101029
65713497,2017-12-25T14:21:50.673,BUY,0.00493831,0.1994996
65713533,2017-12-25T14:22:11.833,BUY,0.00493831,0.0005004
65713537,2017-12-25T14:22:17.553,SELL,0.00493831,0.9994996
65713686,2017-12-25T14:23:35.567,BUY,0.00493831,1.07057584
65713793,2017-12-25T14:24:37.767,BUY,0.00497682,1.48833709
65713794,2017-12-25T14:24:37.767,BUY,0.00497683,4.402e-05
65713821,2017-12-25T14:24:58.863,BUY,0.00497679,26.42742428
65713824,2017-12-25T14:24:59.833,BUY,0.00497679,17.24927378
65713852,2017-12-25T14:25:17.587,BUY,0.00497673,1.2317033
65714069,2017-12-25T14:26:59.493,BUY,0.00497599,6.19279562
65714070,2017-12-25T14:26:59.493,BUY,0.004976,26.02540079
65714071,2017-12-25T14:26:59.493,BUY,0.00497647,92.06987382
65714075,2017-12-25T14:27:02.557,SELL,0.00497649,25.7574
65714076,2017-12-25T14:27:02.633,SELL,0.00497649,2.47426395
65714077,2017-12-25T14:27:02.633,SELL,0.00493014,1.43718171
65714078,2017-12-25T14:27:02.633,SELL,0.00493013,1.48836502
65714079,2017-12-25T14:27:02.633,SELL,0.00493,3.11919059
65714083,2017-12-25T14:27:04.197,SELL,0.0049207,1.0
65714084,2017-12-25T14:27:04.197,SELL,0.00492067,0.41839855
65714085,2017-12-25T14:27:04.197,SELL,0.00492065,5.22770178
65714086,2017-12-25T14:27:04.197,SELL,0.00491833,0.3
65714087,2017-12-25T14:27:04.197,SELL,0.00491833,3.39601524
65714154,2017-12-25T14:27:22.67,SELL,0.00491833,6.74462193
65714177,2017-12-25T14:27:31.08,SELL,0.00490845,0.25087837
65714216,2017-12-25T14:27:46.067,BUY,0.00494665,1.48464396
65714379,2017-12-25T14:28:45.03,BUY,0.00496808,1.63686488
65714400,2017-12-25T14:28:53.547,BUY,0.00496807,0.88613512
65714417,2017-12-25T14:28:59.25,BUY,0.00496807,0.55104659
65714464,2017-12-25T14:29:19.923,BUY,0.00496809,25.51208814
65714587,2017-12-25T14:30:39.483,BUY,0.004965,3.11300178
65714597,2017-12-25T14:30:43.64,BUY,0.004965,1.37818352
65714667,2017-12-25T14:31:32.9,SELL,0.00491865,0.91111481
65714686,2017-12-25T14:31:37.993,BUY,0.00496499,0.91111481
65714687,2017-12-25T14:31:37.993,BUY,0.004965,0.08888519
65714705,2017-12-25T14:31:44.433,BUY,0.00496498,10.0
65714845,2017-12-25T14:32:33.66,SELL,0.00491911,29.66774377
65714846,2017-12-25T14:32:33.66,SELL,0.00491899,1.23169578
65714847,2017-12-25T14:32:33.66,SELL,0.00491899,0.91929186
65714948,2017-12-25T14:33:15.9,BUY,0.00495,0.16276509
65714998,2017-12-25T14:33:44.937,BUY,0.00495,11.57198306
65715002,2017-12-25T14:33:45.843,BUY,0.00495,1e-08
65715013,2017-12-25T14:33:49.28,BUY,0.00496804,20.12858138
65715029,2017-12-25T14:33:52.483,SELL,0.004965,0.14098999
65715103,2017-12-25T14:34:13.94,BUY,0.00496499,0.27
65715133,2017-12-25T14:34:25.397,BUY,0.00496499,0.90464326
65715230,2017-12-25T14:34:58.853,SELL,0.00492282,1.8
65715236,2017-12-25T14:35:01.433,BUY,0.00496494,0.96169578
65715237,2017-12-25T14:35:01.433,BUY,0.00496495,0.82557718
65715240,2017-12-25T14:35:01.993,BUY,0.00496498,15.0
65715241,2017-12-25T14:35:01.993,BUY,0.00496499,5.0
65715251,2017-12-25T14:35:08.713,SELL,0.00496495,0.22179453
65715340,2017-12-25T14:35:48.597,BUY,0.00496409,4.02
65715510,2017-12-25T14:36:41.2,SELL,0.00492445,1.48466257
65715511,2017-12-25T14:36:41.2,SELL,0.00492,6.01533743
65715646,2017-12-25T14:37:35.083,BUY,0.00496494,0.58880941
65715680,2017-12-25T14:37:49.647,BUY,0.00496493,0.90251803
65715688,2017-12-25T14:37:53.007,SELL,0.00496493,6.4165744
65715697,2017-12-25T14:37:55.867,BUY,0.00494218,6.4166256
65715706,2017-12-25T14:37:58.087,BUY,0.00494218,8.44867115
65715762,2017-12-25T14:38:15.197,BUY,0.00494218,0.90425415
65715814,2017-12-25T14:38:32.89,BUY,0.00494218,0.2028662
65715844,2017-12-25T14:38:38.78,SELL,0.00494218,0.01068225
65715904,2017-12-25T14:38:50.89,BUY,0.00494218,1.82185473
65715941,2017-12-25T14:38:59.33,BUY,0.00494218,0.60701957
65715964,2017-12-25T14:39:08.487,BUY,0.00494218,0.37523269
65715990,2017-12-25T14:39:18.037,BUY,0.00494218,1e-08
65716059,2017-12-25T14:39:49.633,SELL,0.00494218,1.5
65716212,2017-12-25T14:40:56.18,BUY,0.00496497,0.20090756
65716259,2017-12-25T14:41:14.883,BUY,0.00496497,0.50352771
65716329,2017-12-25T14:41:39.467,BUY,0.00496497,8.83472712
65716330,2017-12-25T14:41:39.467,BUY,0.00496497,5.0
65716331,2017-12-25T14:41:39.467,BUY,0.00496499,0.34577288
65716347,2017-12-25T14:41:44.5,BUY,0.00496499,3.023e-05
65716348,2017-12-25T14:41:44.5,BUY,0.00496809,49.99996977
65716351,2017-12-25T14:41:44.7,BUY,0.00496809,50.0
65716353,2017-12-25T14:41:44.903,BUY,0.00496809,50.0
65716355,2017-12-25T14:41:45.14,BUY,0.00496809,48.42311468
65716414,2017-12-25T14:42:01.39,BUY,0.00497956,1.185014
65716417,2017-12-25T14:42:02.08,SELL,0.0049697,0.10941517
65716435,2017-12-25T14:42:08.253,BUY,0.0049697,0.09333085
65716436,2017-12-25T14:42:08.253,BUY,0.00497956,0.05666915
65716610,2017-12-25T14:43:24.67,BUY,0.004977,1.92122496
65716642,2017-12-25T14:43:29.86,BUY,0.004977,0.49651129
65716749,2017-12-25T14:43:57.02,SELL,0.00495002,10.0
65716795,2017-12-25T14:44:20.397,SELL,0.00495002,8.88516567
65716944,2017-12-25T14:45:03.687,BUY,0.00496,9.4357
65716956,2017-12-25T14:45:07.17,BUY,0.00496,3.765e-05
65717025,2017-12-25T14:45:25.94,BUY,0.004975,0.30432113
65717079,2017-12-25T14:45:36.88,SELL,0.0049501,7.19752909
65717080,2017-12-25T14:45:36.88,SELL,0.00495002,2.80247091
65717112,2017-12-25T14:45:44.443,SELL,0.00495002,10.0
65717175,2017-12-25T14:46:05.633,SELL,0.00495003,5.60270698
65717212,2017-12-25T14:46:18.823,BUY,0.004974,2.44444979
65717237,2017-12-25T14:46:28.793,BUY,0.004974,11.17825979
65717242,2017-12-25T14:46:31.5,SELL,0.004974,4.65548246
65717243,2017-12-25T14:46:31.653,SELL,0.00495003,4.65548246
65717324,2017-12-25T14:46:58.673,SELL,0.00495003,17.25150643
65717327,2017-12-25T14:47:00.003,SELL,0.00495003,1.62057482
65717365,2017-12-25T14:47:15.863,BUY,0.00496496,0.34478958
65717381,2017-12-25T14:47:20.663,SELL,0.00495003,5.20139467
65717388,2017-12-25T14:47:25.163,BUY,0.00495903,6.26318537
65717409,2017-12-25T14:47:28.053,BUY,0.00497699,46.09265829
65717410,2017-12-25T14:47:28.053,BUY,0.004977,3.90734171
65717412,2017-12-25T14:47:28.163,SELL,0.00496803,15.77624749
65717446,2017-12-25T14:47:40.977,BUY,0.00496803,14.115
65717448,2017-12-25T14:47:41.26,BUY,0.00496803,3.296e-05
65717510,2017-12-25T14:47:57.7,SELL,0.00496804,34.56949372
65717547,2017-12-25T14:48:20.547,SELL,0.00496809,0.25045902
65717594,2017-12-25T14:48:42.19,SELL,0.00496814,3.77826302
65717606,2017-12-25T14:48:44.097,BUY,0.00497699,4.0
65717638,2017-12-25T14:48:56.083,BUY,0.00497699,30.56949373
65717643,2017-12-25T14:48:56.833,BUY,0.004977,18.85446485
65717644,2017-12-25T14:48:56.85,BUY,0.004977,31.14553515
65717651,2017-12-25T14:48:57.867,BUY,0.004977,37.9934523
65717701,2017-12-25T14:49:11.21,BUY,0.00497726,20.12858138
65717702,2017-12-25T14:49:11.21,BUY,0.00497956,0.60967787
65717703,2017-12-25T14:49:11.21,BUY,0.00497956,0.93561205
65717704,2017-12-25T14:49:11.21,BUY,0.00497956,0.21561291
65717710,2017-12-25T14:49:12.163,BUY,0.00497956,29.76394892
65717711,2017-12-25T14:49:12.163,BUY,0.00497956,4.74949247
65717712,2017-12-25T14:49:12.163,BUY,0.00497956,4.74949247
65717713,2017-12-25T14:49:12.163,BUY,0.00497956,3.31490151
65717714,2017-12-25T14:49:12.163,BUY,0.00497956,1.07090281
65717715,2017-12-25T14:49:12.163,BUY,0.00497956,6.35126182
65717719,2017-12-25T14:49:12.523,BUY,0.00497956,0.30123143
65717728,2017-12-25T14:49:18.947,BUY,0.00497956,13.83313265
65717790,2017-12-25T14:49:35.433,BUY,0.00499999,1.52824643
65717791,2017-12-25T14:49:35.433,BUY,0.005,2.47175357
65717852,2017-12-25T14:49:53,BUY,0.005,12.30639601
65717915,2017-12-25T14:50:26.88,BUY,0.005,8.21185042
65717927,2017-12-25T14:50:29.427,BUY,0.00501293,0.30608093
65717930,2017-12-25T14:50:30.503,SELL,0.00500001,12.17074708
65717935,2017-12-25T14:50:32.96,SELL,0.00500001,5.18681889
65717936,2017-12-25T14:50:33.177,SELL,0.00500001,15.79170831
65717938,2017-12-25T14:50:33.77,SELL,0.00500001,13.74050578
65717939,2017-12-25T14:50:33.85,SELL,0.00500001,3.10291994
65717940,2017-12-25T14:50:33.85,SELL,0.005,12.17074708
65717941,2017-12-25T14:50:33.85,SELL,0.005,5.49611491
65717943,2017-12-25T14:50:33.927,SELL,0.005,10.3
65717948,2017-12-25T14:50:37.147,SELL,0.005,4.20388509
65717958,2017-12-25T14:50:39.74,SELL,0.00497901,10.88416215
65718015,2017-12-25T14:51:01.07,SELL,0.00497902,1.49129412
65718016,2017-12-25T14:51:01.07,SELL,0.00497901,13.16690588
65718017,2017-12-25T14:51:01.307,SELL,0.00497901,25.992
65718023,2017-12-25T14:51:02.103,SELL,0.004979,12.0237496
65718024,2017-12-25T14:51:02.103,SELL,0.00495006,47.5716
65718025,2017-12-25T14:51:02.103,SELL,0.00495002,3.22529745
65718046,2017-12-25T14:51:08.65,SELL,0.00495004,11.37166469
65718063,2017-12-25T14:51:12.463,BUY,0.00496408,7.23818704
65718066,2017-12-25T14:51:12.963,SELL,0.00496892,1.296e-05
65718067,2017-12-25T14:51:12.963,SELL,0.00495005,5.78974711
65718074,2017-12-25T14:51:14.12,SELL,0.00497048,1.89901233
65718094,2017-12-25T14:51:20.403,SELL,0.00495007,2.83369727
65718109,2017-12-25T14:51:26.95,SELL,0.00497049,10.58453212
65718120,2017-12-25T14:51:30.607,SELL,0.00497049,0.6
65718130,2017-12-25T14:51:33.843,SELL,0.00497049,3.0
65718140,2017-12-25T14:51:37.577,SELL,0.00497049,1.5
65718182,2017-12-25T14:51:55,SELL,0.00497001,13.0
65718220,2017-12-25T14:52:07.363,SELL,0.00497001,1.0
65718339,2017-12-25T14:52:50.213,SELL,0.00497001,0.80733572
65718340,2017-12-25T14:52:50.213,SELL,0.00497,3.0
65718341,2017-12-25T14:52:50.213,SELL,0.00495002,2.87623662
65718342,2017-12-25T14:52:50.213,SELL,0.00495002,2.06443848
65718343,2017-12-25T14:52:50.213,SELL,0.00495,7.24666717
65718344,2017-12-25T14:52:50.213,SELL,0.00491924,0.60832947
65718345,2017-12-25T14:52:50.213,SELL,0.00491924,8.00043314
65718581,2017-12-25T14:54:02.71,SELL,0.00497956,1.50615717
65718605,2017-12-25T14:54:10.307,BUY,0.00499987,0.58139736
65718644,2017-12-25T14:54:26.44,BUY,0.00499997,0.90985987
65718645,2017-12-25T14:54:26.44,BUY,0.00499998,2.83369727
65718646,2017-12-25T14:54:26.44,BUY,0.005,1.45240189
65718647,2017-12-25T14:54:26.44,BUY,0.00501293,7.92722503
65718648,2017-12-25T14:54:26.44,BUY,0.00501537,1.13169168
65718843,2017-12-25T14:55:51.11,BUY,0.00501537,0.43622033
65718844,2017-12-25T14:55:51.11,BUY,0.00501537,0.10027114
65718988,2017-12-25T14:57:04.473,BUY,0.005,4.85962709
65719071,2017-12-25T14:57:43.65,SELL,0.00497135,0.35551367
65719115,2017-12-25T14:58:17.98,SELL,0.00497137,25.0
65719212,2017-12-25T14:59:00.97,SELL,0.00497137,6.7909028
65719310,2017-12-25T14:59:53.273,BUY,0.004985,46.88308527
65719381,2017-12-25T15:00:32.78,SELL,0.004985,3.26736608
65719397,2017-12-25T15:00:40.927,BUY,0.004985,5.07500119
65719398,2017-12-25T15:00:40.927,BUY,0.00499983,9.42460608
65719462,2017-12-25T15:01:27.243,BUY,0.00498499,94.71316546
65719463,2017-12-25T15:01:27.243,BUY,0.00499983,15.64940996
65719464,2017-12-25T15:01:27.243,BUY,0.00501535,0.60832947
65719465,2017-12-25T15:01:27.243,BUY,0.00501537,54.08850012
65719547,2017-12-25T15:02:52.69,SELL,0.0049714,1.49125741
65719548,2017-12-25T15:02:52.69,SELL,0.00497139,0.353481
65719549,2017-12-25T15:02:52.69,SELL,0.00497137,1.72332952
65719550,2017-12-25T15:02:59.537,SELL,0.00497137,2.52403731
65719613,2017-12-25T15:04:17.103,SELL,0.00497137,8.35245128
65719629,2017-12-25T15:04:22.123,SELL,0.00498,8.63986623
65719630,2017-12-25T15:04:22.263,SELL,0.00498,9.98024743
65719637,2017-12-25T15:04:23.827,SELL,0.00498,6.59593459
65719638,2017-12-25T15:04:23.827,SELL,0.00497137,2.86177833
65719639,2017-12-25T15:04:23.84,SELL,0.00497136,0.52253451
65719641,2017-12-25T15:04:24.217,SELL,0.00497136,0.47746549
65719642,2017-12-25T15:04:24.217,SELL,0.00497136,1.0
65719643,2017-12-25T15:04:24.217,SELL,0.00497131,1.79777719
65719671,2017-12-25T15:04:36.723,SELL,0.00498,7.93138977
65719688,2017-12-25T15:04:51.59,SELL,0.00498,0.23267165
65719699,2017-12-25T15:04:57.92,SELL,0.00498,8.95053406
65719709,2017-12-25T15:05:07.003,SELL,0.00498,8.10145277
65719717,2017-12-25T15:05:16.24,SELL,0.00497131,0.20222281
65719718,2017-12-25T15:05:16.24,SELL,0.00497131,0.14
65719719,2017-12-25T15:05:16.24,SELL,0.004971,5.0
65719720,2017-12-25T15:05:16.24,SELL,0.0049705,0.34577936
65719721,2017-12-25T15:05:16.24,SELL,0.0049702,2.44571538
65719722,2017-12-25T15:05:16.24,SELL,0.00497005,3.20964171
65719723,2017-12-25T15:05:16.24,SELL,0.00497001,4.01407643
65719724,2017-12-25T15:05:16.24,SELL,0.00496888,3.68464802
65719749,2017-12-25T15:05:28.607,BUY,0.00497997,24.2823
65719750,2017-12-25T15:05:28.607,BUY,0.00497999,2.62142673
65719752,2017-12-25T15:05:29.06,BUY,0.00497999,3.45971503
65719759,2017-12-25T15:05:32.56,BUY,0.00497999,17.76495824
65719760,2017-12-25T15:05:32.56,BUY,0.00498,2.63782864
65719798,2017-12-25T15:06:01.73,BUY,0.00498917,22.6074
65719799,2017-12-25T15:06:01.73,BUY,0.00498918,15.46249446
65719813,2017-12-25T15:06:14.3,BUY,0.0049891,1.72245141
65719814,2017-12-25T15:06:14.3,BUY,0.00498912,1.61264247
65719815,2017-12-25T15:06:14.3,BUY,0.00498918,0.09545989
65719816,2017-12-25T15:06:14.3,BUY,0.00499409,2.58254623
65719855,2017-12-25T15:06:42.983,BUY,0.00498901,1.48835042
65719856,2017-12-25T15:06:42.983,BUY,0.00498902,0.37084864
65719908,2017-12-25T15:07:23.017,SELL,0.00497139,0.34615593
65719945,2017-12-25T15:07:44.843,SELL,0.00495165,13.49769477
65720064,2017-12-25T15:08:49.497,SELL,0.0049714,1.48836495
65720065,2017-12-25T15:08:49.497,SELL,0.00497139,8.33102411
65720151,2017-12-25T15:09:39.673,SELL,0.00497149,2.06825
65720156,2017-12-25T15:09:40.487,SELL,0.00497149,1.38753516
65720157,2017-12-25T15:09:40.487,SELL,0.00497149,0.24086229
65720183,2017-12-25T15:09:52.21,SELL,0.00497149,5.69636636
65720184,2017-12-25T15:09:52.21,SELL,0.00497139,2.06897589
65720194,2017-12-25T15:09:55.383,SELL,0.00497139,0.36612559
65720221,2017-12-25T15:10:03.467,SELL,0.00497139,9.17451471
65720273,2017-12-25T15:10:22.977,SELL,0.00497139,1.60845958
65720435,2017-12-25T15:12:40.537,BUY,0.00500499,0.39960039
65720506,2017-12-25T15:13:40.97,BUY,0.00500498,15.8627545
65720520,2017-12-25T15:13:50.723,SELL,0.00494918,172.724
65720521,2017-12-25T15:13:50.723,SELL,0.00494915,8.13924447
65720522,2017-12-25T15:13:50.723,SELL,0.00494861,1.26071624
65720523,2017-12-25T15:13:50.723,SELL,0.00494857,28.21995288
65720524,2017-12-25T15:13:50.723,SELL,0.004935,6.91336097
65720525,2017-12-25T15:13:50.723,SELL,0.00492,8.34698066
65720526,2017-12-25T15:13:50.723,SELL,0.00490101,4.19161081
65720527,2017-12-25T15:13:50.723,SELL,0.004901,8.75554276
65720528,2017-12-25T15:13:50.723,SELL,0.00490002,54.44859121
65720591,2017-12-25T15:14:05.197,SELL,0.00493544,2.85592588
65720774,2017-12-25T15:15:02.46,BUY,0.0049959,5.75494748
65721051,2017-12-25T15:16:23.117,BUY,0.00498983,4.84195404
65721091,2017-12-25T15:16:40.157,BUY,0.00498981,1.48836488
65721102,2017-12-25T15:16:42.22,SELL,0.00498983,25.74739671
65721111,2017-12-25T15:16:47.707,SELL,0.00498983,5.12755957
65721143,2017-12-25T15:17:02.633,SELL,0.00498983,0.34605734
65721149,2017-12-25T15:17:04.4,SELL,0.00498983,4.15918265
65721153,2017-12-25T15:17:04.603,BUY,0.0049959,1.85919906
65721159,2017-12-25T15:17:06.37,SELL,0.0049959,16.71307132
65721162,2017-12-25T15:17:07.51,SELL,0.0049959,1e-08
65721163,2017-12-25T15:17:07.51,SELL,0.00498983,2.31097876
65721166,2017-12-25T15:17:08.777,SELL,0.00495681,1.48836489
65721167,2017-12-25T15:17:08.777,SELL,0.00494059,15.22470643
65721264,2017-12-25T15:18:00.86,BUY,0.004945,165.05940501
65721268,2017-12-25T15:18:02.44,BUY,0.004944,8.75303173
65721313,2017-12-25T15:18:26.26,SELL,0.00494135,3.19679461
65721552,2017-12-25T15:20:20.263,SELL,0.00494419,34.39637381
65721572,2017-12-25T15:20:27.623,SELL,0.00494423,0.21745441
65721610,2017-12-25T15:21:01.73,SELL,0.00494801,3.03269855
65721611,2017-12-25T15:21:01.73,SELL,0.004948,1.52082203
65721612,2017-12-25T15:21:01.73,SELL,0.00494624,2.78535211
65721629,2017-12-25T15:21:23.193,BUY,0.00494927,0.73779479
65721631,2017-12-25T15:21:24.46,BUY,0.00494927,0.41708924
65721633,2017-12-25T15:21:26.43,BUY,0.00494927,0.04962899
65721646,2017-12-25T15:21:30.993,BUY,0.00500712,1.94213855
65721667,2017-12-25T15:22:04.32,SELL,0.00494945,0.9965113
65721687,2017-12-25T15:23:17.567,BUY,0.00499959,2.24273849
65721688,2017-12-25T15:23:17.567,BUY,0.00500059,0.00716615
65721692,2017-12-25T15:23:20.35,SELL,0.00494945,5.34522806
65721757,2017-12-25T15:24:23.313,BUY,0.0049989,2.00039607
65721786,2017-12-25T15:24:49.25,SELL,0.00494946,11.5265101
65721795,2017-12-25T15:25:12.35,BUY,0.00499852,3.03269855
65721796,2017-12-25T15:25:12.35,BUY,0.00499852,0.83531599
65721825,2017-12-25T15:25:57.17,BUY,0.00499793,5.75494748
65721826,2017-12-25T15:25:57.17,BUY,0.004998,0.23233966
65721828,2017-12-25T15:25:58.233,BUY,0.00499799,0.19072599
65721903,2017-12-25T15:27:14.37,BUY,0.00499726,19.96085871
65721920,2017-12-25T15:27:22.233,BUY,0.00499716,8.52451214
65721927,2017-12-25T15:27:26.19,SELL,0.00494976,2.0
65721950,2017-12-25T15:27:48.57,BUY,0.00499685,0.13256724
65722079,2017-12-25T15:29:07.32,BUY,0.004995,5.61389236
65722080,2017-12-25T15:29:07.32,BUY,0.00499581,2.38610764
65722082,2017-12-25T15:29:08.4,BUY,0.0049958,0.70044127
65722139,2017-12-25T15:29:38.05,SELL,0.00495003,2.29292997
65722264,2017-12-25T15:30:57.127,SELL,0.00495039,2.51682787
65722293,2017-12-25T15:31:24.26,SELL,0.00495046,2.95
65722429,2017-12-25T15:32:51.577,BUY,0.00499383,0.48095578
65722452,2017-12-25T15:33:16.43,BUY,0.00499363,0.82909891
65722459,2017-12-25T15:33:19.43,BUY,0.00499355,12.07441703
65722484,2017-12-25T15:33:40.78,BUY,0.00499353,1.29859253
65722541,2017-12-25T15:34:34.57,BUY,0.004993,1.73518962
65722544,2017-12-25T15:34:36.68,BUY,0.004993,4.28154352
65722561,2017-12-25T15:35:04.39,SELL,0.00495052,0.5
65722567,2017-12-25T15:35:11.737,SELL,0.00495052,0.1044857
65722569,2017-12-25T15:35:12.44,BUY,0.00495052,1.48931375
65722570,2017-12-25T15:35:13.333,SELL,0.00495051,10.29363301
65722571,2017-12-25T15:35:13.333,SELL,0.0049505,8.05875424
65722572,2017-12-25T15:35:13.333,SELL,0.00495043,1.20899344
65722573,2017-12-25T15:35:13.333,SELL,0.00495017,7.00523184
65722574,2017-12-25T15:35:13.333,SELL,0.00495015,2.01997153
65722575,2017-12-25T15:35:13.333,SELL,0.00495003,21.41341594
65722576,2017-12-25T15:35:13.787,SELL,0.00495003,38.3413816
65722580,2017-12-25T15:35:15.193,BUY,0.00495052,4.20471405
65722581,2017-12-25T15:35:15.85,SELL,0.00494602,3.85313762
65722582,2017-12-25T15:35:15.85,SELL,0.00494601,10.08386238
65722583,2017-12-25T15:35:16.24,SELL,0.00494601,2.342e-05
65722584,2017-12-25T15:35:16.24,SELL,0.00494208,0.19934623
65722585,2017-12-25T15:35:16.24,SELL,0.00494042,49.80063035
65722586,2017-12-25T15:35:16.46,SELL,0.00494042,50.0
65722587,2017-12-25T15:35:16.85,SELL,0.00494042,50.0
65722589,2017-12-25T15:35:17.473,SELL,0.00494043,50.0
65722593,2017-12-25T15:35:17.77,SELL,0.00494043,50.0
65722595,2017-12-25T15:35:18.257,SELL,0.00494043,50.0
65722599,2017-12-25T15:35:18.79,SELL,0.00494043,25.212
65722600,2017-12-25T15:35:18.79,SELL,0.00494034,7.16904024
65722601,2017-12-25T15:35:18.79,SELL,0.00494032,0.17947548
65722602,2017-12-25T15:35:18.79,SELL,0.00494032,0.16152799
65722603,2017-12-25T15:35:18.79,SELL,0.0049397,17.27795629
65722604,2017-12-25T15:35:19.007,SELL,0.0049397,10.99265467
65722612,2017-12-25T15:35:20.57,BUY,0.00493798,15.3059
65722628,2017-12-25T15:35:23.697,BUY,0.00494824,15.27277745
65722636,2017-12-25T15:35:31.683,BUY,0.00494823,14.9625
65722649,2017-12-25T15:35:36.827,SELL,0.004938,8.14694264
65722650,2017-12-25T15:35:36.827,SELL,0.00493799,1.85305736
65722656,2017-12-25T15:35:43.17,BUY,0.00495052,0.01053814
65722662,2017-12-25T15:35:50.627,SELL,0.00495052,0.82909891
65722670,2017-12-25T15:36:08.743,SELL,0.00495052,50.0
65722671,2017-12-25T15:36:08.947,SELL,0.00495052,5.36647924
65722674,2017-12-25T15:36:13.743,SELL,0.00495052,1.16866511
65722681,2017-12-25T15:36:46.52,SELL,0.00493798,1.0
65722703,2017-12-25T15:36:57.153,BUY,0.00498892,3.24388965
65722704,2017-12-25T15:36:57.153,BUY,0.00498899,1.48836014
65722705,2017-12-25T15:36:57.153,BUY,0.00498902,0.07724977
65722708,2017-12-25T15:36:57.903,SELL,0.00493799,3.0
65722757,2017-12-25T15:37:28.197,SELL,0.0049383,1.0
65722820,2017-12-25T15:37:54.41,BUY,0.00498891,15.0
65722919,2017-12-25T15:38:43.317,SELL,0.004939,2.0
65722942,2017-12-25T15:38:59.26,SELL,0.00495,0.202
65723107,2017-12-25T15:40:34.36,SELL,0.00493944,2.24989552
65723108,2017-12-25T15:40:34.36,SELL,0.00493943,59.36697199
65723133,2017-12-25T15:40:53.24,SELL,0.00493946,0.51770553
65723136,2017-12-25T15:40:54.007,BUY,0.00498867,15.0
65723137,2017-12-25T15:40:54.007,BUY,0.00498867,0.5
65723138,2017-12-25T15:40:54.007,BUY,0.00498868,2.24989552
65723139,2017-12-25T15:40:54.007,BUY,0.00498888,0.309802
65723140,2017-12-25T15:40:54.007,BUY,0.00498889,0.44731649
65723141,2017-12-25T15:40:54.007,BUY,0.00498889,11.06643628
65723142,2017-12-25T15:40:54.007,BUY,0.0049889,20.41283098
65723153,2017-12-25T15:40:59.04,SELL,0.0049887,9.2863
65723154,2017-12-25T15:40:59.71,SELL,0.0049887,7.7e-06
65723176,2017-12-25T15:41:08.463,BUY,0.00495827,15.0
65723177,2017-12-25T15:41:08.463,BUY,0.0049882,4.0
65723183,2017-12-25T15:41:10.62,SELL,0.00498878,0.52255881
65723187,2017-12-25T15:41:11.573,SELL,0.00498878,11.52625921
65723202,2017-12-25T15:41:21.39,SELL,0.00498878,6.08840668
65723204,2017-12-25T15:41:22.203,SELL,0.00498878,12.84994651
65723205,2017-12-25T15:41:22.53,SELL,0.00493953,0.50160557
65723206,2017-12-25T15:41:22.53,SELL,0.00493952,18.43674762
65723491,2017-12-25T15:42:59.033,BUY,0.00498885,0.60609127
65723507,2017-12-25T15:43:03.55,SELL,0.00498885,0.4336
65723509,2017-12-25T15:43:03.88,SELL,0.00498885,2.73e-05
65723549,2017-12-25T15:43:12.88,SELL,0.00494835,1.49319392
65723636,2017-12-25T15:43:49.783,BUY,0.00498886,9.54509508
65723670,2017-12-25T15:44:06.133,SELL,0.00494835,0.65812101
65723674,2017-12-25T15:44:08.133,SELL,0.00494835,0.37892584
65723684,2017-12-25T15:44:13.793,SELL,0.00494411,25.221
65723685,2017-12-25T15:44:13.793,SELL,0.0049441,24.779
65723694,2017-12-25T15:44:18.543,SELL,0.00494261,0.28146951
65723695,2017-12-25T15:44:18.543,SELL,0.0049426,9.47810107
65723696,2017-12-25T15:44:18.543,SELL,0.00494225,6.01
65723715,2017-12-25T15:44:25.25,BUY,0.00496267,0.40300886
65723751,2017-12-25T15:44:43.16,SELL,0.00493946,3.36710025
65723803,2017-12-25T15:45:34.117,SELL,0.00494431,10.0
65723804,2017-12-25T15:45:34.117,SELL,0.00493946,1.0
65723854,2017-12-25T15:45:50.51,BUY,0.00495119,15.0
65723855,2017-12-25T15:45:50.51,BUY,0.00495119,4.28107429
65723904,2017-12-25T15:46:09.91,BUY,0.00495117,1.48834074
65723906,2017-12-25T15:46:13.41,SELL,0.00495117,2.7943569
65723909,2017-12-25T15:46:15.287,BUY,0.0049274,2.7944
65723913,2017-12-25T15:46:16.473,BUY,0.00492732,0.86081022
65723915,2017-12-25T15:46:16.647,BUY,0.00492732,0.89215408
65723932,2017-12-25T15:46:24.523,BUY,0.00492739,15.0
65723936,2017-12-25T15:46:25.773,SELL,0.00491536,0.16824652
65723937,2017-12-25T15:46:25.79,SELL,0.00491535,19.87070931
65724000,2017-12-25T15:46:53.22,SELL,0.00491563,3.8
65724013,2017-12-25T15:47:05.52,SELL,0.00491571,1.488365
65724014,2017-12-25T15:47:05.52,SELL,0.0049157,10.5353846
65724173,2017-12-25T15:49:16.5,SELL,0.00491629,0.6086945
65724174,2017-12-25T15:49:16.5,SELL,0.00491603,2.15665578
65724175,2017-12-25T15:49:16.5,SELL,0.00491571,2.15679617
65724176,2017-12-25T15:49:16.5,SELL,0.00491571,1.08785355
65724213,2017-12-25T15:50:23.227,SELL,0.00491663,10.68837269
65724298,2017-12-25T15:51:35.217,SELL,0.00491743,23.94409683
65724329,2017-12-25T15:51:47.707,BUY,0.00495859,0.6513792
65724349,2017-12-25T15:52:03.46,SELL,0.00495859,0.24635049
65724363,2017-12-25T15:52:13.543,BUY,0.0049585,4.30421509
65724406,2017-12-25T15:53:06.323,BUY,0.00495849,0.18249827
65724468,2017-12-25T15:54:06.907,BUY,0.00495848,0.84024258
65724469,2017-12-25T15:54:06.907,BUY,0.00495849,8.76329551
65724487,2017-12-25T15:54:21.88,BUY,0.00495849,0.20116971
65724490,2017-12-25T15:54:25.13,SELL,0.00492203,1.4916055
65724491,2017-12-25T15:54:25.13,SELL,0.00492202,1.5083945
65724641,2017-12-25T15:56:10.163,SELL,0.00492434,5.68938356
65724716,2017-12-25T15:57:50.473,BUY,0.00495839,15.0
65724717,2017-12-25T15:57:50.473,BUY,0.0049584,4.4360233
65724718,2017-12-25T15:57:50.473,BUY,0.0049587,1.06087911
65724719,2017-12-25T15:57:50.473,BUY,0.00496267,1.58841097
65724720,2017-12-25T15:57:50.473,BUY,0.0049694,1.48834868
65724721,2017-12-25T15:57:50.473,BUY,0.00498871,24.41907678
65724754,2017-12-25T15:58:07.9,BUY,0.00496559,0.28808105
65724755,2017-12-25T15:58:07.9,BUY,0.0049886,9.37358108
65725111,2017-12-25T16:01:12.55,BUY,0.0049877,0.14016996
65725140,2017-12-25T16:01:21.413,BUY,0.00498762,7.57183114
65725171,2017-12-25T16:01:35.197,BUY,0.0049876,0.54481489
65725265,2017-12-25T16:02:06.113,BUY,0.00498736,3.29881127
65725513,2017-12-25T16:03:56.333,BUY,0.00498651,15.26524896
65725514,2017-12-25T16:03:56.333,BUY,0.00498652,15.10349214
65725523,2017-12-25T16:04:00.113,SELL,0.00498652,21.5098
65725524,2017-12-25T16:04:00.397,SELL,0.00498652,21.5125
65725533,2017-12-25T16:04:03.537,SELL,0.00498652,3.885721
65725549,2017-12-25T16:04:14.697,SELL,0.00498652,2.57821458
65725558,2017-12-25T16:04:20.667,SELL,0.00498652,0.6086945
65725566,2017-12-25T16:04:22.903,SELL,0.00498652,1.31529321
65725572,2017-12-25T16:04:27.827,SELL,0.00498652,0.71531336
65725604,2017-12-25T16:04:47.3,SELL,0.00498652,6.16109581
65725699,2017-12-25T16:05:56.523,BUY,0.00498736,0.78197683
65725717,2017-12-25T16:06:05.167,SELL,0.0049866,0.21
65725718,2017-12-25T16:06:05.167,SELL,0.00498652,1.32216988
65725725,2017-12-25T16:06:06.887,SELL,0.00498652,6.15266236
65725740,2017-12-25T16:06:12.653,SELL,0.00498652,7.571167
65725850,2017-12-25T16:06:55.477,BUY,0.004987,3.9
65725894,2017-12-25T16:07:18.547,SELL,0.004987,4.84663951
65725901,2017-12-25T16:07:23.627,SELL,0.004987,1.21156803
65725903,2017-12-25T16:07:25.3,BUY,0.00498736,0.4620923
65725904,2017-12-25T16:07:25.3,BUY,0.00498736,24.33743583
65725926,2017-12-25T16:07:43.743,SELL,0.004987,7.00855146
65725927,2017-12-25T16:07:43.743,SELL,0.00498652,4.2589537
65725985,2017-12-25T16:08:15.457,BUY,0.00498736,6.01371126
65726012,2017-12-25T16:08:25.973,SELL,0.00498652,2.20395113
65726039,2017-12-25T16:08:38.433,SELL,0.00498653,23.93987929
65726097,2017-12-25T16:09:22.71,SELL,0.00498653,0.19621138
65726098,2017-12-25T16:09:22.71,SELL,0.00498652,6.3211704
65726143,2017-12-25T16:09:34.543,SELL,0.00498652,5.3107087
65726171,2017-12-25T16:09:41.687,BUY,0.00498736,0.15117067
65726189,2017-12-25T16:09:46.717,SELL,0.00498652,2.05696022
65726251,2017-12-25T16:10:15.307,SELL,0.00498652,4.26703767
65726257,2017-12-25T16:10:18.277,SELL,0.00498653,1.00019452
65726258,2017-12-25T16:10:18.277,SELL,0.00498652,25.8781166
65726259,2017-12-25T16:10:18.277,SELL,0.00498652,1.99980548
65726260,2017-12-25T16:10:18.29,SELL,0.00498652,1.00019452
65726261,2017-12-25T16:10:18.29,SELL,0.00497956,2.40277454
65726262,2017-12-25T16:10:18.29,SELL,0.0049701,1.48836496
65726263,2017-12-25T16:10:18.29,SELL,0.0049653,0.71558617
65726264,2017-12-25T16:10:18.29,SELL,0.00493933,27.53823408
65726529,2017-12-25T16:12:20.513,SELL,0.00494,0.19621138
65726546,2017-12-25T16:13:15.23,SELL,0.004947,1.0
65726547,2017-12-25T16:13:15.23,SELL,0.00494001,0.46305304
65726554,2017-12-25T16:13:56.85,SELL,0.00494002,11.21875162
65726555,2017-12-25T16:14:00.273,SELL,0.00494002,3.67201833
65726558,2017-12-25T16:14:04.023,BUY,0.00494002,0.69649495
65726580,2017-12-25T16:14:23.547,BUY,0.00494002,4.04678602
65726597,2017-12-25T16:14:39.99,BUY,0.00494002,4.70830965
65726598,2017-12-25T16:14:39.99,BUY,0.00494002,6.36575565
65726709,2017-12-25T16:16:33.88,SELL,0.00494496,1.87140167
65726786,2017-12-25T16:18:12.53,SELL,0.00494496,0.31859833
65726787,2017-12-25T16:18:12.53,SELL,0.00494496,1.07984302
65726788,2017-12-25T16:18:12.53,SELL,0.00494496,1.8018369
65726884,2017-12-25T16:20:45.807,SELL,0.004945,2.40020869
65726885,2017-12-25T16:20:48.04,SELL,0.004945,7.85741401
65726895,2017-12-25T16:21:02.593,BUY,0.004945,6.69119439
65726898,2017-12-25T16:21:03.343,BUY,0.004945,0.68936707
65726939,2017-12-25T16:21:50.777,SELL,0.00498298,0.20018142
65726941,2017-12-25T16:21:51.73,BUY,0.00498419,1.48836488
65726942,2017-12-25T16:21:51.73,BUY,0.00498855,0.92839681
65726995,2017-12-25T16:22:27.24,SELL,0.00498855,14.06032581
65726996,2017-12-25T16:22:27.537,SELL,0.00498855,0.52278881
65726997,2017-12-25T16:22:28.02,SELL,0.00498855,0.44144223
65727035,2017-12-25T16:22:54.793,BUY,0.00498855,1.60509366
65727063,2017-12-25T16:23:27.177,BUY,0.00494954,1.48836489
65727079,2017-12-25T16:23:48.167,BUY,0.00494954,1.35769588
65727084,2017-12-25T16:23:56.137,BUY,0.00494954,2.22242875
65727087,2017-12-25T16:24:00.7,SELL,0.004947,0.52113991
65727116,2017-12-25T16:24:35.007,BUY,0.00494954,0.38631614
65727133,2017-12-25T16:25:02.98,BUY,0.00494954,0.54519434
65727135,2017-12-25T16:25:06,BUY,0.00498204,21.90273624
65727178,2017-12-25T16:25:54.887,BUY,0.00498504,13.964
65727182,2017-12-25T16:25:55.48,SELL,0.00498504,1.48836489
65727192,2017-12-25T16:25:58.793,SELL,0.00498504,2.68324198
65727195,2017-12-25T16:25:59.387,SELL,0.00498504,4.40175091
65727199,2017-12-25T16:26:00.03,BUY,0.00498005,1.0
65727241,2017-12-25T16:26:14.563,BUY,0.00498855,0.22051125
65727255,2017-12-25T16:26:24.347,SELL,0.00498855,1.68324198
65727262,2017-12-25T16:26:28.553,BUY,0.0049886,17.3533167
65727272,2017-12-25T16:26:32.99,BUY,0.0049886,0.04349212
65727273,2017-12-25T16:26:32.99,BUY,0.0049887,17.39680883
65727274,2017-12-25T16:26:32.99,BUY,0.0049887,3.31945222
65727321,2017-12-25T16:27:23.41,BUY,0.0049887,11.09624677
65727354,2017-12-25T16:27:34.02,BUY,0.0049887,6.26380407
65727411,2017-12-25T16:27:51.2,BUY,0.0049887,10.22310421
65727512,2017-12-25T16:29:10.657,BUY,0.0049887,21.26743916
65727513,2017-12-25T16:29:10.657,BUY,0.0049887,18.82075472
65727514,2017-12-25T16:29:10.657,BUY,0.0049887,59.75479754
65727515,2017-12-25T16:29:10.657,BUY,0.0049887,3.60031304
65727516,2017-12-25T16:29:10.657,BUY,0.00500928,0.12773903
65727517,2017-12-25T16:29:10.657,BUY,0.00501175,49.474
65727518,2017-12-25T16:29:10.657,BUY,0.005012,22.99
65727519,2017-12-25T16:29:10.657,BUY,0.00501411,8.34698066
65727520,2017-12-25T16:29:10.657,BUY,0.00501537,45.91149988
65727521,2017-12-25T16:29:10.657,BUY,0.00501725,0.48061408
65727522,2017-12-25T16:29:10.657,BUY,0.00501957,3.03282119
65727523,2017-12-25T16:29:10.657,BUY,0.00502929,0.7426558
65727559,2017-12-25T16:29:30.96,BUY,0.00501173,0.92148671
65727578,2017-12-25T16:29:41.21,BUY,0.00501173,13.07551329
65727579,2017-12-25T16:29:41.21,BUY,0.00501948,148.21756862
65727601,2017-12-25T16:29:49.527,BUY,0.00501948,0.42443138
65727679,2017-12-25T16:30:39.07,SELL,0.00502929,0.0542369
65727680,2017-12-25T16:30:39.68,SELL,0.00500769,1.097884
65727683,2017-12-25T16:30:43.07,SELL,0.00501948,2.0
65727685,2017-12-25T16:30:45.04,SELL,0.00500801,1.035933
65727695,2017-12-25T16:30:58.637,BUY,0.00502929,0.14872142
65727696,2017-12-25T16:30:59.26,SELL,0.00502929,35.360774
65727697,2017-12-25T16:30:59.293,SELL,0.00502929,1.039399
65727699,2017-12-25T16:30:59.387,SELL,0.00502929,1.026407
65727700,2017-12-25T16:31:00.09,SELL,0.00502929,4.6e-07
65727703,2017-12-25T16:31:01.357,SELL,0.005,2.08219786
65727711,2017-12-25T16:31:07.81,SELL,0.005,16.24153879
65727712,2017-12-25T16:31:07.81,SELL,0.00496052,6.09890793
65727832,2017-12-25T16:32:15.547,SELL,0.00496068,20.0
65727955,2017-12-25T16:33:15.75,BUY,0.00502881,19.95000081
65727956,2017-12-25T16:33:15.75,BUY,0.00502908,16.24320192
65727966,2017-12-25T16:33:17.797,SELL,0.00502908,4.82602295
65727969,2017-12-25T16:33:18.453,SELL,0.00502908,1e-08
65727997,2017-12-25T16:33:26.69,BUY,0.00502908,1.68651045
65728021,2017-12-25T16:33:38.08,BUY,0.00502908,1.0076694
65728038,2017-12-25T16:33:46.287,BUY,0.00502908,2.1318431
65728044,2017-12-25T16:33:48.57,SELL,0.00502908,5.32239902
65728049,2017-12-25T16:33:50.757,SELL,0.00502908,1e-08
65728050,2017-12-25T16:33:50.757,SELL,0.005,1.27727599
65728072,2017-12-25T16:33:56.697,SELL,0.005,8.783134
65728295,2017-12-25T16:35:43.33,SELL,0.00500001,8.24551325
65728298,2017-12-25T16:35:46.753,SELL,0.00500002,6.1381781
65728357,2017-12-25T16:36:25.997,SELL,0.00500002,0.999996
65728358,2017-12-25T16:36:25.997,SELL,0.005,4e-06
65728381,2017-12-25T16:36:37.703,SELL,0.005,2.02065832
65728417,2017-12-25T16:36:57.457,BUY,0.00502907,3.10205769
65728418,2017-12-25T16:36:57.457,BUY,0.00502908,0.92148671
65728423,2017-12-25T16:37:00.803,SELL,0.00502908,1.04868122
65728424,2017-12-25T16:37:00.88,SELL,0.00501638,2.52877121
65728426,2017-12-25T16:37:01.067,SELL,0.005,5.1099182
65728646,2017-12-25T16:39:07.237,BUY,0.00501638,1.04868122
65728654,2017-12-25T16:39:12.003,SELL,0.00501638,1.04404604
65728655,2017-12-25T16:39:12.067,SELL,0.00500001,1.04404604
65728668,2017-12-25T16:39:17.13,SELL,0.00500001,1.04404604
65728674,2017-12-25T16:39:18.897,SELL,0.00500001,1.04404604
65728682,2017-12-25T16:39:21.18,SELL,0.00500001,1.04404604
65728688,2017-12-25T16:39:23.38,SELL,0.00500001,1.04404604
65728706,2017-12-25T16:39:29.71,BUY,0.00502919,2.7895438
65728716,2017-12-25T16:39:31.663,SELL,0.00502919,47.06941252
65728717,2017-12-25T16:39:32.197,SELL,0.00502919,1e-08
65728718,2017-12-25T16:39:32.273,SELL,0.00500001,7.16259081
65728724,2017-12-25T16:39:33.057,SELL,0.00500002,1.03329227
65728919,2017-12-25T16:41:17.313,SELL,0.0050001,1.84401106
65728981,2017-12-25T16:41:58.29,BUY,0.00502919,2.39519193
65729110,2017-12-25T16:43:07.353,SELL,0.00500041,8.09362708
65729116,2017-12-25T16:43:08.887,BUY,0.00502915,5.41506614
65729208,2017-12-25T16:43:53.46,BUY,0.00502919,1.07696774
65729217,2017-12-25T16:43:57.663,SELL,0.00502915,0.20141831
65729231,2017-12-25T16:44:04.837,SELL,0.00502915,1.79552746
65729232,2017-12-25T16:44:04.837,SELL,0.00502915,1.80478559
65729325,2017-12-25T16:44:51.347,SELL,0.00502915,0.3
65729340,2017-12-25T16:45:00.067,SELL,0.00502915,11.6336123
65729357,2017-12-25T16:45:10.1,SELL,0.00502915,3.0
65729386,2017-12-25T16:45:21.807,SELL,0.00502915,5.32657424
65729391,2017-12-25T16:45:24.213,BUY,0.00502918,7.0
65729403,2017-12-25T16:45:33.857,BUY,0.00502918,3.0
65729409,2017-12-25T16:45:37.843,SELL,0.00500042,2.04918032
65729446,2017-12-25T16:45:55.16,BUY,0.00502918,5.0
65729503,2017-12-25T16:46:27.9,SELL,0.00502918,0.77661247
65729594,2017-12-25T16:47:16.147,SELL,0.00502918,0.17366173
65729595,2017-12-25T16:47:16.147,SELL,0.00502918,17.56033286
65729596,2017-12-25T16:47:16.147,SELL,0.00502918,2.19240214
65729614,2017-12-25T16:47:26.337,SELL,0.00500042,1.4028281
65729628,2017-12-25T16:47:35.87,BUY,0.00502916,2.44674543
65729708,2017-12-25T16:48:20.223,SELL,0.00500042,3.17061888
65729722,2017-12-25T16:48:31.727,SELL,0.00500142,21.3185087
65729759,2017-12-25T16:48:49.09,BUY,0.00502918,14.9625
65729780,2017-12-25T16:49:21.3,BUY,0.00502918,0.0375
65729781,2017-12-25T16:49:21.3,BUY,0.00502919,43.48816544
65729962,2017-12-25T16:51:24.37,BUY,0.00501661,2.19
65729963,2017-12-25T16:51:24.37,BUY,0.00501661,2.25074514
65729964,2017-12-25T16:51:24.37,BUY,0.00502966,0.41243918
65729965,2017-12-25T16:51:24.37,BUY,0.00502999,40.768
65729970,2017-12-25T16:51:26.34,BUY,0.00503,4.9146327
65729972,2017-12-25T16:51:28.357,SELL,0.00502999,16.140071
65730008,2017-12-25T16:52:01.083,SELL,0.00502999,0.803182
65730142,2017-12-25T16:53:05.127,SELL,0.00503099,8.09088
65730225,2017-12-25T16:53:31.807,SELL,0.00503099,2.028
65730231,2017-12-25T16:53:38.807,SELL,0.00503099,3.682
65730429,2017-12-25T16:56:03.447,SELL,0.00503602,0.95479962
65730430,2017-12-25T16:56:03.447,SELL,0.00503099,0.21890259
65730431,2017-12-25T16:56:03.447,SELL,0.00503099,18.95775621
65730450,2017-12-25T16:56:13.403,SELL,0.00503099,0.59940058
65730471,2017-12-25T16:56:33.987,SELL,0.005031,8.82657994
65730472,2017-12-25T16:56:33.987,SELL,0.00503099,85.65284006
65730517,2017-12-25T16:57:22.387,BUY,0.005039,19.8948204
65730523,2017-12-25T16:57:27.043,SELL,0.005039,0.2728597
65730535,2017-12-25T16:57:31.903,SELL,0.005039,1.98452074
65730550,2017-12-25T16:57:41.11,SELL,0.005039,1.98452074
65730554,2017-12-25T16:57:41.53,BUY,0.00504225,0.71558617
65730557,2017-12-25T16:57:44.593,SELL,0.00504225,1.71393547
65730562,2017-12-25T16:57:49.267,SELL,0.00504225,3.62148972
65730571,2017-12-25T16:58:02.567,SELL,0.005039,1.27370947
65730572,2017-12-25T16:58:02.567,SELL,0.005031,66.79736321
65730573,2017-12-25T16:58:02.737,SELL,0.005031,79.53938648
65730587,2017-12-25T16:58:07.567,SELL,0.005039,2.03758114
65730590,2017-12-25T16:58:10.8,SELL,0.005039,3.07414628
65730592,2017-12-25T16:58:11.443,SELL,0.005039,0.30265855
65730601,2017-12-25T16:58:24.32,SELL,0.005039,0.59535622
65730615,2017-12-25T16:58:34.573,SELL,0.005039,5.48397737
65730636,2017-12-25T16:58:47.81,SELL,0.005031,24.01200847
65730643,2017-12-25T16:58:58.217,SELL,0.005031,5.4962177
65730652,2017-12-25T16:59:13.36,SELL,0.005031,16.47762402
65730653,2017-12-25T16:59:13.36,SELL,0.00503099,14.74038398
65730662,2017-12-25T16:59:16.503,SELL,0.005041,2.0
65730706,2017-12-25T17:00:19.517,SELL,0.00503099,1.31499999
65730709,2017-12-25T17:00:20.687,SELL,0.005041,22.742369
65730726,2017-12-25T17:00:26.5,SELL,0.00505131,0.29695266
65730755,2017-12-25T17:00:36.283,BUY,0.00505133,0.29695149
65730762,2017-12-25T17:00:45.8,SELL,0.00505131,1e-08
65730801,2017-12-25T17:00:56.79,SELL,0.00504101,0.20174753
65730803,2017-12-25T17:00:59.337,SELL,0.00504101,0.94674928
65730819,2017-12-25T17:01:13.37,SELL,0.00504101,0.50352771
65730825,2017-12-25T17:01:20.2,SELL,0.00504101,0.34797548
65730846,2017-12-25T17:01:51.987,BUY,0.00504101,1.20788776
65730847,2017-12-25T17:01:51.987,BUY,0.0050513,4.4549538
65730848,2017-12-25T17:01:51.987,BUY,0.00505131,27.83698225
65730874,2017-12-25T17:02:04.693,SELL,0.00503099,18.732602
65730878,2017-12-25T17:02:05.223,SELL,0.00503099,30.5901574
65730911,2017-12-25T17:02:25.777,SELL,0.00503099,32.57004011
65730946,2017-12-25T17:02:41.357,SELL,0.00503099,0.30608093
65730962,2017-12-25T17:02:45.903,SELL,0.00503099,5.15051096
65730963,2017-12-25T17:02:45.903,SELL,0.00503099,3.96146163
65730989,2017-12-25T17:02:52.5,BUY,0.00503099,11.20304473
65731085,2017-12-25T17:03:34.32,SELL,0.00503099,8.47191754
65731103,2017-12-25T17:03:43.54,SELL,0.00503099,23.773437
65731111,2017-12-25T17:03:45.837,SELL,0.00503099,3.75613921
65731171,2017-12-25T17:04:23.423,SELL,0.00503099,7.04659942
65731177,2017-12-25T17:04:26.813,SELL,0.00503099,1.99547332
65731252,2017-12-25T17:05:01.76,SELL,0.00503099,1.79914861
65731258,2017-12-25T17:05:06.23,SELL,0.00503099,1.28342557
65731328,2017-12-25T17:05:45.72,SELL,0.00501096,7.33102459
65731347,2017-12-25T17:06:08.727,BUY,0.00503095,0.16959424
65731795,2017-12-25T17:11:07.037,BUY,0.00502896,1.0
65731864,2017-12-25T17:12:06.483,BUY,0.005029,0.99500503
65732131,2017-12-25T17:14:11.04,BUY,0.005029,6.74932537
65732153,2017-12-25T17:14:27.823,BUY,0.00503099,1.28342557
65732216,2017-12-25T17:14:57.343,SELL,0.005029,1.18465753
65732217,2017-12-25T17:14:57.343,SELL,0.00501096,0.97954648
65732218,2017-12-25T17:14:57.343,SELL,0.00501096,2.45
65732219,2017-12-25T17:14:57.343,SELL,0.00501096,10.83825045
65732225,2017-12-25T17:14:59.703,BUY,0.00503099,1.35263493
65732258,2017-12-25T17:15:18.237,SELL,0.00503099,4.59549854
65732259,2017-12-25T17:15:18.237,SELL,0.00501096,4.47864872
65732260,2017-12-25T17:15:18.237,SELL,0.00500246,1.80521804
65732376,2017-12-25T17:16:31.453,SELL,0.00500246,3.0
65732474,2017-12-25T17:16:55.49,SELL,0.00500249,2.44674053
65732475,2017-12-25T17:16:55.49,SELL,0.00500248,5.93196248
65732476,2017-12-25T17:16:55.49,SELL,0.00500246,3.5816186
65732504,2017-12-25T17:17:14.463,BUY,0.00500246,1.0194984
65732517,2017-12-25T17:17:20.23,BUY,0.00500246,0.65967543
65732558,2017-12-25T17:17:32.623,SELL,0.00500245,1.0
65732594,2017-12-25T17:17:42.483,BUY,0.00500246,0.24987706
65732834,2017-12-25T17:19:03.56,BUY,0.00500246,2.54536929
65732837,2017-12-25T17:19:05.86,BUY,0.00500246,2.54536929
65732874,2017-12-25T17:19:19.157,BUY,0.00500246,2.50501064
65732923,2017-12-25T17:19:55.21,SELL,0.00500246,25.15881108
65732985,2017-12-25T17:20:25.903,BUY,0.00504316,2.44674053
65732986,2017-12-25T17:20:25.903,BUY,0.00504316,10.24789735
65733145,2017-12-25T17:21:56.81,BUY,0.00504321,2.13058974
65733146,2017-12-25T17:21:56.81,BUY,0.00505129,15.0
65733147,2017-12-25T17:21:56.81,BUY,0.0050513,3.058969
65733319,2017-12-25T17:23:24.83,SELL,0.00500263,4.04402005
65733608,2017-12-25T17:25:07.443,SELL,0.00500245,1.0
65733631,2017-12-25T17:25:22.32,SELL,0.00500258,1.48515376
65733632,2017-12-25T17:25:22.32,SELL,0.00500245,0.49252866
65733635,2017-12-25T17:25:23.227,BUY,0.00500245,7.50400475
65733639,2017-12-25T17:25:24.447,BUY,0.00500245,2.84511751
65733876,2017-12-25T17:27:01.323,BUY,0.00505106,1.48838094
65733877,2017-12-25T17:27:01.323,BUY,0.00505129,10.87964422
65733907,2017-12-25T17:27:18.03,BUY,0.00505129,15.0
65733908,2017-12-25T17:27:18.03,BUY,0.0050513,3.70657794
65733909,2017-12-25T17:27:18.03,BUY,0.0050513,3.81
65733910,2017-12-25T17:27:18.03,BUY,0.00505131,20.13231018
65733952,2017-12-25T17:27:46.25,BUY,0.0050513,1.6592012
65733991,2017-12-25T17:28:06.527,BUY,0.0050513,0.29621088
65734151,2017-12-25T17:29:19.447,BUY,0.0050513,0.82384066
65734223,2017-12-25T17:29:56.977,SELL,0.00500247,1.48836481
65734224,2017-12-25T17:29:56.977,SELL,0.00500246,26.99899256
65734225,2017-12-25T17:29:56.977,SELL,0.00500245,1.11854817
65734226,2017-12-25T17:29:56.977,SELL,0.00500238,0.23169446
65734229,2017-12-25T17:29:57.197,SELL,0.00500238,1.93e-06
65734231,2017-12-25T17:29:59.447,SELL,0.00500042,6.66453544
65734232,2017-12-25T17:29:59.447,SELL,0.0050001,13.70693795
65734233,2017-12-25T17:29:59.447,SELL,0.0050001,2.49370013
65734681,2017-12-25T17:33:11.917,BUY,0.00504189,0.29750571
65735453,2017-12-25T17:38:46.213,BUY,0.00504126,0.77197343
65735909,2017-12-25T17:40:52.907,SELL,0.00501631,0.2975
65735910,2017-12-25T17:40:53.123,SELL,0.00501631,2.932e-05
65736042,2017-12-25T17:41:28.743,BUY,0.00504086,6.99688833
65736184,2017-12-25T17:42:16.553,BUY,0.00504078,0.72025133
65736185,2017-12-25T17:42:16.553,BUY,0.00504078,7.57185192
65736207,2017-12-25T17:42:20.507,SELL,0.00497331,0.41
65736624,2017-12-25T17:44:14.797,SELL,0.00497404,1.0059129
65736626,2017-12-25T17:44:16.203,BUY,0.00504092,6.75735743
65736630,2017-12-25T17:44:18.063,SELL,0.00504092,9.60477865
65736631,2017-12-25T17:44:18.593,SELL,0.00504092,1e-08
65736632,2017-12-25T17:44:18.593,SELL,0.00497405,9.60477864
65737102,2017-12-25T17:47:36.463,SELL,0.00499999,1.5975
65737106,2017-12-25T17:47:37.087,SELL,0.00499999,0.4025
65737271,2017-12-25T17:48:57.773,BUY,0.005,0.10992917
65737547,2017-12-25T17:50:23.477,BUY,0.005,2.39007083
65737681,2017-12-25T17:51:01.83,BUY,0.00502579,3.0
65738193,2017-12-25T17:53:08.9,BUY,0.00502578,1.00448459
65738194,2017-12-25T17:53:08.9,BUY,0.00502579,6.20915302
65738195,2017-12-25T17:53:08.9,BUY,0.00502579,10.1730896
65738196,2017-12-25T17:53:08.9,BUY,0.00502579,4.53275073
65738419,2017-12-25T17:53:57.893,BUY,0.00502578,2.39080716
65738642,2017-12-25T17:54:48.937,BUY,0.00502578,0.34457412
65738685,2017-12-25T17:54:56.453,SELL,0.00502578,2.588298
65738773,2017-12-25T17:55:19.66,BUY,0.00502579,1.16669242
65738898,2017-12-25T17:56:07.903,SELL,0.00502578,0.18265878
65739032,2017-12-25T17:56:50.383,SELL,0.00502578,11.39293803
65739202,2017-12-25T17:57:35.83,BUY,0.00502578,1.05192627
65739602,2017-12-25T17:59:55.827,BUY,0.00501894,5.95814365
65739617,2017-12-25T18:00:07.983,BUY,0.00501894,0.46
65739658,2017-12-25T18:00:28.347,BUY,0.00501894,0.26875704
65739734,2017-12-25T18:01:10.56,BUY,0.00501894,0.61112367
65739735,2017-12-25T18:01:10.573,BUY,0.00502578,1.21487296
65740007,2017-12-25T18:03:40.087,BUY,0.00502577,1.1812318
65740026,2017-12-25T18:03:50.463,SELL,0.005,16.59139721
65740252,2017-12-25T18:05:27.483,BUY,0.0050257,5.0
65740276,2017-12-25T18:05:37.983,BUY,0.004999,0.628425
65740280,2017-12-25T18:05:39.25,BUY,0.004999,0.001575
65740281,2017-12-25T18:05:39.25,BUY,0.0050257,1.998425
65740322,2017-12-25T18:06:11.1,BUY,0.0050257,1.29652552
65740366,2017-12-25T18:06:34.84,BUY,0.005,0.65275034
65740404,2017-12-25T18:06:49.343,SELL,0.00499537,2.39080716
65740413,2017-12-25T18:06:50.983,BUY,0.005,3.33724966
65740414,2017-12-25T18:06:50.983,BUY,0.0050257,12.66275034
65740484,2017-12-25T18:07:07.377,SELL,0.00499537,12.26613973
65740485,2017-12-25T18:07:07.377,SELL,0.00499536,19.96865664
65740486,2017-12-25T18:07:07.377,SELL,0.00499536,17.3209796
65740487,2017-12-25T18:07:07.377,SELL,0.00499536,0.66686665
65740488,2017-12-25T18:07:07.377,SELL,0.00499536,0.19968531
65740489,2017-12-25T18:07:07.377,SELL,0.00499536,99.84265398
65740490,2017-12-25T18:07:07.377,SELL,0.00499535,19.97645442
65740596,2017-12-25T18:07:31.32,BUY,0.00499535,10.834116
65740639,2017-12-25T18:07:46.93,BUY,0.00499534,2.30214099
65740698,2017-12-25T18:08:12.217,BUY,0.00499534,1.52439127
65740699,2017-12-25T18:08:12.217,BUY,0.00499535,38.47560873
65740908,2017-12-25T18:09:55.317,BUY,0.00499535,1.0
65740909,2017-12-25T18:09:55.317,BUY,0.00502574,0.01084204
65740911,2017-12-25T18:09:55.363,SELL,0.00497418,1.49078429
65740912,2017-12-25T18:09:55.363,SELL,0.00497417,0.60161167
65740913,2017-12-25T18:09:55.363,SELL,0.00497416,3.9586154
65741044,2017-12-25T18:11:26.01,SELL,0.00497418,2.01541567
65741255,2017-12-25T18:13:04.62,BUY,0.005,8.1
65741280,2017-12-25T18:13:16.56,BUY,0.005,35.82883894
65741281,2017-12-25T18:13:16.56,BUY,0.005,0.17116106
65741321,2017-12-25T18:13:39.317,BUY,0.005,0.98580586
65741355,2017-12-25T18:14:11.12,SELL,0.005,6.64963624
65741394,2017-12-25T18:14:29.043,SELL,0.005,1.3645579
65741507,2017-12-25T18:15:48.653,SELL,0.00497438,1.936884
65741508,2017-12-25T18:15:49.843,SELL,0.00497438,1.04367175
65741509,2017-12-25T18:15:49.843,SELL,0.00497434,0.19074825
65741512,2017-12-25T18:15:52.577,SELL,0.00497434,2.276385
65741513,2017-12-25T18:15:52.593,SELL,0.00497434,7e-08
65741514,2017-12-25T18:15:52.593,SELL,0.00497425,2.20590453
65741515,2017-12-25T18:15:52.593,SELL,0.0049742,3.0
65741516,2017-12-25T18:15:52.593,SELL,0.0049742,0.31184843
65741517,2017-12-25T18:15:52.593,SELL,0.00497405,2.69655457
65741518,2017-12-25T18:15:53.047,SELL,0.00497405,0.30344543
65741519,2017-12-25T18:15:53.047,SELL,0.00497357,3.00840242
65741520,2017-12-25T18:15:53.047,SELL,0.00497331,0.15
65741521,2017-12-25T18:15:53.047,SELL,0.00496935,16.39428215
65741528,2017-12-25T18:15:55.157,SELL,0.00496935,2.72164848
65741529,2017-12-25T18:15:55.157,SELL,0.00496935,0.59019946
65741533,2017-12-25T18:15:55.407,BUY,0.00497419,0.38519183
65741563,2017-12-25T18:16:03.55,BUY,0.00497419,0.50259338
65741568,2017-12-25T18:16:03.813,BUY,0.00497419,1.87665283
65741596,2017-12-25T18:16:35.007,BUY,0.00497413,0.60311933
65741598,2017-12-25T18:16:36.35,SELL,0.00496613,0.5
65741599,2017-12-25T18:16:36.367,SELL,0.004961,2.5
65741606,2017-12-25T18:16:51.26,SELL,0.004961,3.5
65741633,2017-12-25T18:17:15.877,BUY,0.00497411,0.50260247
65741657,2017-12-25T18:17:24.313,SELL,0.004961,6.639445
65741670,2017-12-25T18:17:26.987,SELL,0.004961,0.06107541
65741671,2017-12-25T18:17:26.987,SELL,0.004961,2.20599359
65741678,2017-12-25T18:17:30.08,SELL,0.004961,0.28770654
65741679,2017-12-25T18:17:30.08,SELL,0.004961,6.35173807
65741720,2017-12-25T18:17:45.083,BUY,0.0049741,0.24124967
65741744,2017-12-25T18:17:54.867,BUY,0.00497395,0.24124967
65741826,2017-12-25T18:18:43.16,BUY,0.00497347,2.00558145
65741837,2017-12-25T18:18:48.597,BUY,0.00497342,1.00533228
65741908,2017-12-25T18:19:11.057,BUY,0.00497312,59.76019447
65741988,2017-12-25T18:19:52.19,BUY,0.00497283,0.3016391
65742083,2017-12-25T18:21:02.077,SELL,0.00495169,0.5
65742089,2017-12-25T18:21:04.547,BUY,0.00495169,1.79758156
65742091,2017-12-25T18:21:07.813,BUY,0.00495168,5.10342537
65742093,2017-12-25T18:21:08.127,BUY,0.00495168,0.4174029
65742100,2017-12-25T18:21:15.033,BUY,0.00495168,9.80841223
65742106,2017-12-25T18:21:18.52,BUY,0.00495168,0.02458249
65742146,2017-12-25T18:21:38.117,BUY,0.00495169,1.21170751
65742155,2017-12-25T18:21:46.96,BUY,0.00495169,0.66840159
65742159,2017-12-25T18:21:50.463,BUY,0.00495169,0.34331713
65742166,2017-12-25T18:21:55.213,BUY,0.00495169,0.59167159
65742178,2017-12-25T18:22:05.137,BUY,0.00495169,0.83550083
65742195,2017-12-25T18:22:33.627,BUY,0.00495169,0.00209399
65742196,2017-12-25T18:22:33.627,BUY,0.00495169,0.60375976
65742198,2017-12-25T18:22:36.067,BUY,0.00495169,5.31642415
65742202,2017-12-25T18:22:36.55,BUY,0.00495169,1.53124424
65742219,2017-12-25T18:22:47.613,BUY,0.00495169,1.00312373
65742276,2017-12-25T18:23:40.67,BUY,0.00495169,0.06996026
65742277,2017-12-25T18:23:40.67,BUY,0.00495169,0.43865049
65742328,2017-12-25T18:24:19.323,BUY,0.00495169,0.00127472
65742428,2017-12-25T18:25:43.967,SELL,0.004974,2.005428
65742440,2017-12-25T18:25:55.313,SELL,0.004974,2.3e-07
65742441,2017-12-25T18:25:55.313,SELL,0.00495182,13.9036277
65742442,2017-12-25T18:25:55.313,SELL,0.00495181,26.14132307
65742449,2017-12-25T18:25:59.11,BUY,0.00497419,1.27262804
65742458,2017-12-25T18:26:08.3,BUY,0.004974,0.399
65742493,2017-12-25T18:26:41.62,BUY,0.004974,0.001
65742497,2017-12-25T18:26:44.823,BUY,0.00497419,0.18737196
65742498,2017-12-25T18:26:44.823,BUY,0.00497419,0.08894551
65742509,2017-12-25T18:26:53.403,BUY,0.00497419,0.27631747
65742518,2017-12-25T18:27:01.733,BUY,0.00497419,4.93167482
65742578,2017-12-25T18:28:22.983,BUY,0.00497419,0.01236009
65742580,2017-12-25T18:28:25.923,SELL,0.00498902,0.20044016
65742583,2017-12-25T18:28:26.797,BUY,0.00498901,0.68120124
65742592,2017-12-25T18:28:36.91,BUY,0.00499048,0.6095918
65742598,2017-12-25T18:28:47.677,BUY,0.00499049,0.50281477
65742632,2017-12-25T18:29:31.247,BUY,0.00499049,1.25623074
65742682,2017-12-25T18:30:03.677,SELL,0.00499049,5.776299
65742743,2017-12-25T18:30:23.883,SELL,0.00499054,2.964944
65742766,2017-12-25T18:30:44.42,SELL,0.00499055,3.658329
65742767,2017-12-25T18:30:44.763,SELL,0.00499055,3.351326
65742768,2017-12-25T18:30:45.073,SELL,0.00499055,2.463147
65742795,2017-12-25T18:31:14.16,SELL,0.0049906,3.0333609
65742796,2017-12-25T18:31:14.16,SELL,0.00499055,3.40782867
65742815,2017-12-25T18:31:30.507,BUY,0.00499055,1.08204506
65742875,2017-12-25T18:32:18.06,SELL,0.00499054,13.99147186
65742878,2017-12-25T18:32:19.233,SELL,0.00499049,2.3e-07
65742879,2017-12-25T18:32:19.233,SELL,0.00498555,1.49123095
65742880,2017-12-25T18:32:19.233,SELL,0.004974,0.19954683
65742881,2017-12-25T18:32:19.233,SELL,0.00495173,6.47225199
65742901,2017-12-25T18:32:59.757,BUY,0.00499055,1.79998897
65742916,2017-12-25T18:33:31.86,BUY,0.00499376,1.48835055
65742932,2017-12-25T18:33:59.613,BUY,0.00499988,0.44571985
65742933,2017-12-25T18:34:00.05,SELL,0.00499988,2.08929149
65742975,2017-12-25T18:34:24.853,BUY,0.00499986,0.20122333
65743160,2017-12-25T18:36:35.537,BUY,0.00499986,0.11147774
65743788,2017-12-25T18:42:37.407,BUY,0.00497999,0.87504762
65743871,2017-12-25T18:43:30.31,SELL,0.00495841,1.4
65743925,2017-12-25T18:44:09.177,SELL,0.00495841,5.49008548
65743926,2017-12-25T18:44:09.177,SELL,0.0049584,5.2103583
65743975,2017-12-25T18:44:43.653,SELL,0.00495186,2.53476665
65743976,2017-12-25T18:44:43.653,SELL,0.00495186,3.5e-07
65743991,2017-12-25T18:45:12.783,SELL,0.00496182,2.199108
65743995,2017-12-25T18:45:19.817,SELL,0.00499538,0.30479
65744002,2017-12-25T18:45:23.847,BUY,0.00496189,2.0
65744009,2017-12-25T18:45:43.243,BUY,0.00496189,1.00515933
65744011,2017-12-25T18:45:58.9,BUY,0.00496189,0.1453211
65744014,2017-12-25T18:46:07.607,BUY,0.00496189,0.30230416
65744021,2017-12-25T18:46:30.313,BUY,0.00496189,0.23241596
65744039,2017-12-25T18:47:03.06,SELL,0.00496182,2.097484
65744057,2017-12-25T18:48:00.21,SELL,0.00496182,5.7551632
65744058,2017-12-25T18:48:00.913,SELL,0.00495205,0.30432113
65744066,2017-12-25T18:48:15.54,BUY,0.00496182,0.29750571
65744078,2017-12-25T18:48:22.87,BUY,0.00495205,7.26023101
65744085,2017-12-25T18:48:33.89,BUY,0.00495205,0.01819607
65744089,2017-12-25T18:48:40.58,BUY,0.00496182,0.15
65744095,2017-12-25T18:49:06.52,BUY,0.00496182,3.23090294
65744102,2017-12-25T18:49:17.837,BUY,0.00496182,0.66856809
65744222,2017-12-25T18:51:24.69,BUY,0.00499913,0.44470312
65744223,2017-12-25T18:51:24.69,BUY,0.00499913,1.17989688
65744295,2017-12-25T18:52:32.317,SELL,0.00499,1.13366
65744296,2017-12-25T18:52:32.363,SELL,0.00499,1.185497
65744328,2017-12-25T18:52:39.24,SELL,0.00499,0.20916155
65744440,2017-12-25T18:53:17.997,SELL,0.00499,1.47168145
65744524,2017-12-25T18:54:44.843,BUY,0.00498999,1.40044175
65744525,2017-12-25T18:54:44.843,BUY,0.00499,4.02263991
65744814,2017-12-25T18:56:24.6,BUY,0.00499,2.00369364
65744890,2017-12-25T18:56:51.7,SELL,0.00498999,2.0
65745144,2017-12-25T18:59:06.12,SELL,0.00498999,5.035101
65745421,2017-12-25T19:01:31.713,BUY,0.00499,0.8737773
65745432,2017-12-25T19:01:42.293,SELL,0.00498999,6.84569553
65745437,2017-12-25T19:01:43.59,BUY,0.00498999,0.20349704
65745520,2017-12-25T19:02:29.113,SELL,0.00496183,2.4923332
65745521,2017-12-25T19:02:29.113,SELL,0.00496182,0.33143191
65745522,2017-12-25T19:02:29.113,SELL,0.00495792,1.4888045
65745530,2017-12-25T19:02:31.787,BUY,0.00495563,0.403
65745549,2017-12-25T19:02:37.147,BUY,0.00495563,0.3357275
65745624,2017-12-25T19:03:01.573,BUY,0.00498998,0.11467306
65745628,2017-12-25T19:03:07.53,SELL,0.00498998,0.34782297
65745785,2017-12-25T19:04:42.237,BUY,0.00499,0.46921324
65745891,2017-12-25T19:05:42.61,BUY,0.00499,0.4008016
65745912,2017-12-25T19:05:58.41,BUY,0.00499,0.9882463
65745928,2017-12-25T19:06:11.82,BUY,0.00499912,10.0
65745950,2017-12-25T19:06:35.01,SELL,0.00499901,3.452262
65745951,2017-12-25T19:06:35.417,SELL,0.00499901,4.295353
65745954,2017-12-25T19:06:38.2,SELL,0.00499901,0.4
65746025,2017-12-25T19:07:22.193,BUY,0.00499912,19.84694487
65746145,2017-12-25T19:08:02.89,SELL,0.00499912,1.03170955
65746155,2017-12-25T19:08:07.873,BUY,0.0049999,0.10972719
65746178,2017-12-25T19:08:19.14,SELL,0.00499912,0.19931605
65746209,2017-12-25T19:08:32.253,BUY,0.0049999,1.25483071
65746258,2017-12-25T19:09:00.887,SELL,0.0049999,2.56288989
65746265,2017-12-25T19:09:05.2,SELL,0.0049999,12.90807746
65746266,2017-12-25T19:09:05.2,SELL,0.0049999,0.77642849
65746302,2017-12-25T19:09:19.64,SELL,0.0049999,2.98303952
65746308,2017-12-25T19:09:22.033,SELL,0.0049999,1.00704
65746309,2017-12-25T19:09:22.39,SELL,0.0049999,2.9830398
65746481,2017-12-25T19:11:00.35,SELL,0.00497956,0.80328382
65746482,2017-12-25T19:11:00.35,SELL,0.00497956,11.00022
65746514,2017-12-25T19:11:24.073,SELL,0.00497003,27.98777765
65746537,2017-12-25T19:11:54.41,SELL,0.00497007,0.77642849
65746771,2017-12-25T19:15:28.847,SELL,0.00497026,1.41530157
65746772,2017-12-25T19:15:28.847,SELL,0.00497025,4.59779843
65746895,2017-12-25T19:17:10.773,BUY,0.00497025,0.42030153
65746990,2017-12-25T19:18:26.603,BUY,0.00500714,31.60687535
65747015,2017-12-25T19:18:56.81,SELL,0.00500714,1.77830048
65747016,2017-12-25T19:18:56.81,SELL,0.00500714,0.3038974
65747029,2017-12-25T19:19:30.803,SELL,0.00500714,0.60585375
65747059,2017-12-25T19:20:29.317,BUY,0.00502576,0.14290376
65747205,2017-12-25T19:21:35.157,BUY,0.00502578,7.55
65747318,2017-12-25T19:22:29.2,SELL,0.00500714,30.43835158
65747319,2017-12-25T19:22:29.2,SELL,0.00500714,2.0
65747546,2017-12-25T19:24:16.303,BUY,0.00500714,3.90870465
65747557,2017-12-25T19:24:54.107,BUY,0.00500714,3.03904119
65747573,2017-12-25T19:25:03.953,BUY,0.00500714,2.73513701
65747591,2017-12-25T19:25:09.41,BUY,0.00500714,2.46162335
65747608,2017-12-25T19:25:14.33,BUY,0.00500714,3.36299736
65747609,2017-12-25T19:25:14.33,BUY,0.00500714,1.0
65747755,2017-12-25T19:26:44.833,SELL,0.00497962,6.272625
65747948,2017-12-25T19:28:26.31,SELL,0.00498003,11.00446855
65747949,2017-12-25T19:28:26.31,SELL,0.00498,10.92985407
65747950,2017-12-25T19:28:26.327,SELL,0.00497958,1.73125338
65747984,2017-12-25T19:28:51.58,BUY,0.0050247,1.50514929
65748044,2017-12-25T19:29:44.547,BUY,0.00502439,0.33639783
65748045,2017-12-25T19:29:44.547,BUY,0.0050244,34.70074277
65748049,2017-12-25T19:29:47.733,BUY,0.00502438,33.93767423
65748124,2017-12-25T19:30:35.87,BUY,0.00502372,0.95591425
65748173,2017-12-25T19:30:58.14,BUY,0.00502363,1.48836269
65748174,2017-12-25T19:30:58.14,BUY,0.00502363,33.08053666
65748188,2017-12-25T19:31:01.53,BUY,0.00502365,22.03
65748189,2017-12-25T19:31:01.53,BUY,0.00502439,7.67020612
65748200,2017-12-25T19:31:02.92,BUY,0.00502438,2.77871852
65748201,2017-12-25T19:31:02.92,BUY,0.00502439,19.25128148
65748217,2017-12-25T19:31:06.157,BUY,0.00502439,2.77871852
65748229,2017-12-25T19:31:08.72,BUY,0.00502578,5.0495696
65748262,2017-12-25T19:31:21.77,BUY,0.00502439,1.81832521
65748263,2017-12-25T19:31:21.77,BUY,0.00502439,1.03133024
65748432,2017-12-25T19:32:22.25,SELL,0.00502439,1.16090468
65748440,2017-12-25T19:32:25.597,SELL,0.0050244,1.047954
65748441,2017-12-25T19:32:25.627,SELL,0.0050244,5.503988
65748442,2017-12-25T19:32:25.643,SELL,0.0050244,1.026037
65748450,2017-12-25T19:32:28.05,SELL,0.0050244,1.09589
65748467,2017-12-25T19:32:33.817,SELL,0.0050244,1.060512
65748494,2017-12-25T19:32:45.193,SELL,0.0050244,1.24808
65748788,2017-12-25T19:34:44.673,BUY,0.0050244,0.3
65748791,2017-12-25T19:34:45.657,SELL,0.0050244,1.595184
65748795,2017-12-25T19:34:45.877,SELL,0.0050244,0.40221936
65749273,2017-12-25T19:37:21.02,SELL,0.00502441,1.6952589
65749274,2017-12-25T19:37:21.037,SELL,0.00502441,1.52573301
65749275,2017-12-25T19:37:21.037,SELL,0.00502441,0.23731613
65749293,2017-12-25T19:37:25.85,SELL,0.00502441,1.13584364
65749354,2017-12-25T19:37:49.42,SELL,0.0050244,0.21253467
65749355,2017-12-25T19:37:49.42,SELL,0.0050244,1.0
65749407,2017-12-25T19:38:04.767,SELL,0.00499082,1.4883649
65749408,2017-12-25T19:38:04.767,SELL,0.00498816,5.5116351
65749501,2017-12-25T19:38:26.957,BUY,0.00498816,0.2125
65749504,2017-12-25T19:38:27.317,BUY,0.00498816,3.467e-05
65749605,2017-12-25T19:39:06.95,BUY,0.00502428,1.48836489
65749606,2017-12-25T19:39:06.95,BUY,0.0050244,1.83908371
65749689,2017-12-25T19:39:31.373,SELL,0.00498861,24.55686093
65749690,2017-12-25T19:39:31.373,SELL,0.00498861,0.00012055
65749866,2017-12-25T19:40:34.223,BUY,0.00502439,3.47878232
65749965,2017-12-25T19:40:54.863,BUY,0.00502439,0.18384519
65750309,2017-12-25T19:42:22.38,BUY,0.00502433,20.3125616
65750310,2017-12-25T19:42:22.38,BUY,0.00502434,0.60161202
65750311,2017-12-25T19:42:22.38,BUY,0.00502435,26.40586852
65750312,2017-12-25T19:42:22.38,BUY,0.0050244,154.19369523
65750422,2017-12-25T19:42:52.613,SELL,0.00502439,0.20059565
65750681,2017-12-25T19:45:22.543,SELL,0.00502439,1.783
65750736,2017-12-25T19:45:54.01,SELL,0.00502439,9.231089
65750739,2017-12-25T19:45:54.963,SELL,0.00502439,3e-08
65750797,2017-12-25T19:46:12.057,BUY,0.00502429,0.26563482
65751138,2017-12-25T19:48:01.953,SELL,0.00502429,2.75
65751342,2017-12-25T19:49:34.057,SELL,0.00500676,0.34331713
65751357,2017-12-25T19:49:39.617,BUY,0.0050244,3.72844879
65751477,2017-12-25T19:50:45.223,BUY,0.0050244,4.26361089
65751478,2017-12-25T19:50:45.24,BUY,0.0050244,2.32192413
65751479,2017-12-25T19:50:45.24,BUY,0.0050244,1.0
65751480,2017-12-25T19:50:45.24,BUY,0.0050244,22.44072824
65751640,2017-12-25T19:52:07.793,BUY,0.0050244,13.29603306
65751667,2017-12-25T19:52:15.293,BUY,0.0050244,0.19853117
65751827,2017-12-25T19:54:06.457,SELL,0.00500676,0.15668287
65751828,2017-12-25T19:54:06.457,SELL,0.00499,19.97477555
65751845,2017-12-25T19:54:18.267,BUY,0.00502441,0.16889211
65751846,2017-12-25T19:54:18.267,BUY,0.00502578,9.77981236
65752426,2017-12-25T20:01:22.66,BUY,0.00502578,0.53392888
65752563,2017-12-25T20:02:47.687,BUY,0.00502578,1.19085993
65752598,2017-12-25T20:02:55.297,BUY,0.00502578,2.0
65752844,2017-12-25T20:04:40.103,SELL,0.00500001,0.27353221
65752894,2017-12-25T20:05:03.947,BUY,0.00502575,0.88612274
65752896,2017-12-25T20:05:05.633,SELL,0.00502575,0.9
65752927,2017-12-25T20:05:30.383,SELL,0.00502575,2.103024
65752930,2017-12-25T20:05:42.57,SELL,0.00502575,1.81629997
65752967,2017-12-25T20:06:10.007,SELL,0.00502575,0.7414787
65752968,2017-12-25T20:06:10.007,SELL,0.00502575,2.25094114
65752969,2017-12-25T20:06:10.007,SELL,0.00502575,11.80674431
65753029,2017-12-25T20:06:57.677,BUY,0.00502578,0.42583117
65753136,2017-12-25T20:09:04.94,SELL,0.00502575,3.45092944
65753214,2017-12-25T20:10:02.67,SELL,0.00502576,5.48028178
65753215,2017-12-25T20:10:02.67,SELL,0.00502575,8.23141522
65753218,2017-12-25T20:10:04.25,SELL,0.00502575,1.51091103
65753219,2017-12-25T20:10:04.25,SELL,0.00502575,0.20043376
65753220,2017-12-25T20:10:04.25,SELL,0.00502575,0.69467244
65753221,2017-12-25T20:10:04.25,SELL,0.00502575,3.07426429
65753599,2017-12-25T20:14:03.18,BUY,0.00502577,1.13633059
65753603,2017-12-25T20:14:18.943,BUY,0.00502577,0.11688612
65753618,2017-12-25T20:14:40.333,BUY,0.00502577,0.82597172
65753634,2017-12-25T20:15:31.567,BUY,0.00502577,0.38794489
65753636,2017-12-25T20:15:47.63,SELL,0.00502577,2.19872342
65753637,2017-12-25T20:15:47.63,SELL,0.00502576,0.39794976
65753638,2017-12-25T20:15:47.63,SELL,0.00502575,1.40332682
65753640,2017-12-25T20:15:58.833,SELL,0.00502575,2.0
65753641,2017-12-25T20:16:01.597,SELL,0.00502575,0.59667318
65753642,2017-12-25T20:16:01.597,SELL,0.005,9.99999982
65753900,2017-12-25T20:18:29.83,SELL,0.005,1.8e-07
65754058,2017-12-25T20:19:52.627,BUY,0.005,1.49999982
65754059,2017-12-25T20:19:52.627,BUY,0.00502578,0.2413414
65754092,2017-12-25T20:20:07.53,BUY,0.005,20.0
65754129,2017-12-25T20:20:22.06,SELL,0.005,4.0437987
65754300,2017-12-25T20:25:22.697,BUY,0.00502575,3.08634336
65754313,2017-12-25T20:26:04.993,BUY,0.00502578,3.71612782
65754347,2017-12-25T20:27:09.853,BUY,0.00502578,5.85279158
65754348,2017-12-25T20:27:09.853,BUY,0.00502578,1.99471525
65754349,2017-12-25T20:27:09.853,BUY,0.0050258,3.07426429
65754350,2017-12-25T20:27:09.853,BUY,0.00502596,5.27545159
65754395,2017-12-25T20:27:25.463,BUY,0.00502596,0.04097256
65754396,2017-12-25T20:27:25.463,BUY,0.00504213,27.703
65754397,2017-12-25T20:27:25.463,BUY,0.00504215,18.57227039
65754398,2017-12-25T20:27:25.463,BUY,0.00504219,20.0
65754399,2017-12-25T20:27:25.463,BUY,0.00504749,79.64520254
65754635,2017-12-25T20:29:00.227,SELL,0.00503575,0.50259338
65754652,2017-12-25T20:29:03.993,SELL,0.00503575,0.3
65754753,2017-12-25T20:30:00.15,SELL,0.00503575,1.235352
65754754,2017-12-25T20:30:00.163,SELL,0.00503575,9.235632
65754767,2017-12-25T20:30:35.913,BUY,0.0050474,0.1976265
65754768,2017-12-25T20:30:36.18,SELL,0.00503575,0.56118208
65754769,2017-12-25T20:30:36.18,SELL,0.00503575,0.69655992
65754801,2017-12-25T20:31:35.633,SELL,0.00503575,0.19980019
65754813,2017-12-25T20:31:39.227,SELL,0.00503575,7.10363989
65754814,2017-12-25T20:31:39.227,SELL,0.00503575,1.88799906
65754815,2017-12-25T20:31:39.227,SELL,0.00503575,4.9576663
65754856,2017-12-25T20:31:57.477,SELL,0.00503575,13.56006287
65754861,2017-12-25T20:31:59.807,SELL,0.00503575,11.48227083
65754905,2017-12-25T20:32:16.307,SELL,0.00502575,0.60311933
65754970,2017-12-25T20:32:36.633,SELL,0.00502575,0.30230416
65754976,2017-12-25T20:32:42.117,SELL,0.00502575,1.58123114
65755213,2017-12-25T20:34:19.65,SELL,0.00500026,10.02366453
65755214,2017-12-25T20:34:19.65,SELL,0.00500025,19.97633547
65755258,2017-12-25T20:35:03.073,SELL,0.00500027,6.19311338
65755261,2017-12-25T20:35:42.057,SELL,0.00500027,0.51529794
65755319,2017-12-25T20:36:28.917,BUY,0.00502575,11.95128141
65755488,2017-12-25T20:38:07.793,BUY,0.00502575,6.93624485
65755508,2017-12-25T20:38:23.123,BUY,0.00504739,0.78742358
65755529,2017-12-25T20:38:33.483,SELL,0.00504737,0.89622579
65755531,2017-12-25T20:38:34.107,SELL,0.00504737,0.708
65755548,2017-12-25T20:38:43.483,SELL,0.00504737,2.30214099
65755555,2017-12-25T20:38:45.95,SELL,0.00504737,4.11530435
65755683,2017-12-25T20:39:15.903,SELL,0.00504736,0.99309341
65755684,2017-12-25T20:39:15.903,SELL,0.00504736,0.48415372
65755717,2017-12-25T20:39:32.577,SELL,0.00504736,0.59437012
65755831,2017-12-25T20:40:04.5,BUY,0.00504737,7.07729207
65755846,2017-12-25T20:40:15.53,BUY,0.00504737,15.92393852
65755909,2017-12-25T20:40:39.827,BUY,0.00504737,2.09448156
65755957,2017-12-25T20:41:17.657,SELL,0.00504737,0.59436894
65756119,2017-12-25T20:42:20.94,BUY,0.0050474,8.68919168
65756120,2017-12-25T20:42:20.94,BUY,0.0050475,10.03222389
65756121,2017-12-25T20:42:20.94,BUY,0.00505048,5.99957962
65756131,2017-12-25T20:42:24.377,BUY,0.00505125,5.08751235
65756132,2017-12-25T20:42:24.377,BUY,0.00505131,18.64641014
65756216,2017-12-25T20:42:51.237,BUY,0.00505131,0.13366079
65756239,2017-12-25T20:42:59.11,SELL,0.00504737,0.59436894
65756314,2017-12-25T20:43:41.66,BUY,0.00505131,50.0
65756316,2017-12-25T20:43:41.863,BUY,0.00505131,50.0
65756318,2017-12-25T20:43:42.08,BUY,0.00505131,50.0
65756320,2017-12-25T20:43:42.3,BUY,0.00505131,50.0
65756322,2017-12-25T20:43:42.503,BUY,0.00505131,50.0
65756324,2017-12-25T20:43:42.707,BUY,0.00505131,50.0
65756326,2017-12-25T20:43:42.91,BUY,0.00505131,38.05976912
65756327,2017-12-25T20:43:42.91,BUY,0.00505132,0.77
65756328,2017-12-25T20:43:42.91,BUY,0.00505136,0.9974719
65756343,2017-12-25T20:43:44.3,BUY,0.00505324,0.74113819
65756344,2017-12-25T20:43:44.3,BUY,0.00505475,0.73022448
65756491,2017-12-25T20:44:39.05,SELL,0.00504743,0.59436306
65756523,2017-12-25T20:44:58.177,BUY,0.00505999,33.661
65756524,2017-12-25T20:44:58.177,BUY,0.00506,1.6
65756525,2017-12-25T20:44:58.177,BUY,0.00506,3.2511
65756527,2017-12-25T20:44:58.443,BUY,0.00506,4.233e-05
65756530,2017-12-25T20:44:58.677,SELL,0.00506114,1.398184
65756531,2017-12-25T20:44:58.677,SELL,0.00506114,33.959963
65756540,2017-12-25T20:45:00.16,BUY,0.00506476,32.282
65756541,2017-12-25T20:45:00.16,BUY,0.00506477,14.9994
65756542,2017-12-25T20:45:00.223,SELL,0.00506115,3.153953
65756544,2017-12-25T20:45:00.35,BUY,0.00506477,0.50472772
65756545,2017-12-25T20:45:00.35,BUY,0.00506481,30.36821578
65756546,2017-12-25T20:45:00.35,BUY,0.00506735,19.1270565
65756548,2017-12-25T20:45:00.537,BUY,0.00506735,29.0689435
65756549,2017-12-25T20:45:00.537,BUY,0.00506736,1.40901771
65756560,2017-12-25T20:45:02.96,SELL,0.00506922,1.639176
65756562,2017-12-25T20:45:03.363,SELL,0.00506922,18.342746
65756563,2017-12-25T20:45:03.38,SELL,0.00506922,1.639176
65756567,2017-12-25T20:45:05.833,SELL,0.00506922,0.402
65756599,2017-12-25T20:45:18.74,SELL,0.0050474,48.1551
65756600,2017-12-25T20:45:18.74,SELL,0.00504739,12.8449
65756623,2017-12-25T20:45:28.32,SELL,0.00504739,0.94655512
65756628,2017-12-25T20:45:30.773,SELL,0.0050474,0.70420323
65756629,2017-12-25T20:45:31.133,SELL,0.0050474,0.3016391
65756637,2017-12-25T20:45:32.79,SELL,0.0050474,0.48252256
65756638,2017-12-25T20:45:32.79,SELL,0.00504739,1.0737418
65756819,2017-12-25T20:46:29.65,SELL,0.00506,0.59288537
65756846,2017-12-25T20:46:37.523,SELL,0.00507916,1.37818064
65756915,2017-12-25T20:46:54.727,BUY,0.00507915,3.96454383
65756961,2017-12-25T20:47:03.98,BUY,0.00507915,50.0
65756964,2017-12-25T20:47:04.18,BUY,0.00507915,50.0
65756966,2017-12-25T20:47:04.4,BUY,0.00507915,19.13327553
65756967,2017-12-25T20:47:04.4,BUY,0.00507919,3.0
65756982,2017-12-25T20:47:05.383,BUY,0.00508052,1.74198934
65756983,2017-12-25T20:47:05.383,BUY,0.00508052,12.53319656
65756984,2017-12-25T20:47:05.383,BUY,0.00508328,35.7248141
65756988,2017-12-25T20:47:05.57,BUY,0.00508328,50.0
65756990,2017-12-25T20:47:05.76,BUY,0.00508328,50.0
65756992,2017-12-25T20:47:06.027,BUY,0.00508328,5.54752623
65756999,2017-12-25T20:47:06.463,BUY,0.005089,50.0
65757004,2017-12-25T20:47:06.883,BUY,0.00508899,50.0
65757006,2017-12-25T20:47:07.277,BUY,0.00508304,1.48836489
65757007,2017-12-25T20:47:07.277,BUY,0.00508899,3.419
65757008,2017-12-25T20:47:07.277,BUY,0.005089,0.15045135
65757015,2017-12-25T20:47:07.853,SELL,0.00509152,5.0578
65757020,2017-12-25T20:47:08.23,BUY,0.00508909,5.0578
65757025,2017-12-25T20:47:08.65,BUY,0.00508909,12.35549188
65757026,2017-12-25T20:47:08.837,SELL,0.00509218,5.05780812
65757031,2017-12-25T20:47:09.23,BUY,0.00508908,14.20419188
65757075,2017-12-25T20:47:14.823,BUY,0.00509893,2.03156823
65757076,2017-12-25T20:47:14.837,BUY,0.00509963,0.48
65757077,2017-12-25T20:47:14.837,BUY,0.00509974,1.0305936
65757078,2017-12-25T20:47:14.837,BUY,0.00509998,1.19234102
65757079,2017-12-25T20:47:14.837,BUY,0.00509998,20.0
65757080,2017-12-25T20:47:14.837,BUY,0.0051,1.92753027
65757081,2017-12-25T20:47:14.837,BUY,0.0051,1.0
65757082,2017-12-25T20:47:14.837,BUY,0.0051,0.47502368
65757083,2017-12-25T20:47:14.837,BUY,0.0051,21.8629432
65757090,2017-12-25T20:47:15.277,BUY,0.0051,18.1370568
65757091,2017-12-25T20:47:15.277,BUY,0.0051,2.21666667
65757092,2017-12-25T20:47:15.277,BUY,0.0051,20.418306
65757093,2017-12-25T20:47:15.277,BUY,0.0051,9.22797053
65757101,2017-12-25T20:47:16.133,BUY,0.0051,7.49782753
65757102,2017-12-25T20:47:16.133,BUY,0.00510048,1.3778875
65757112,2017-12-25T20:47:16.573,BUY,0.00510218,8.8757
65757119,2017-12-25T20:47:16.883,BUY,0.00510218,1.0
65757145,2017-12-25T20:47:20.87,SELL,0.00506005,0.59501142
65757168,2017-12-25T20:47:24.697,SELL,0.00506,0.24098514
65757171,2017-12-25T20:47:25.15,BUY,0.0051,2.04894195
65757176,2017-12-25T20:47:26.48,SELL,0.0051,1.429745
65757179,2017-12-25T20:47:26.54,BUY,0.00510218,10.68644249
65757186,2017-12-25T20:47:27.073,BUY,0.00510516,0.3309796
65757187,2017-12-25T20:47:27.073,BUY,0.00510549,4.14615351
65757188,2017-12-25T20:47:27.073,BUY,0.00510618,1.09038136
65757189,2017-12-25T20:47:27.073,BUY,0.00510775,4.62166427
65757194,2017-12-25T20:47:27.277,BUY,0.00511356,0.62945708
65757195,2017-12-25T20:47:27.277,BUY,0.00511696,0.19929931
65757196,2017-12-25T20:47:27.387,SELL,0.00511696,1.0
65757209,2017-12-25T20:47:27.993,SELL,0.0051151,0.39960039
65757210,2017-12-25T20:47:28.4,SELL,0.0051151,0.24108246
65757218,2017-12-25T20:47:28.76,BUY,0.00511561,9.695304
65757219,2017-12-25T20:47:28.76,BUY,0.00512332,2.93
65757220,2017-12-25T20:47:28.76,BUY,0.00512488,0.09194628
65757221,2017-12-25T20:47:28.76,BUY,0.00512591,0.185871
65757222,2017-12-25T20:47:28.76,BUY,0.00512601,0.11705
65757223,2017-12-25T20:47:29.15,SELL,0.00512713,15.98372872
65757232,2017-12-25T20:47:30.073,BUY,0.00512713,8.98865
65757234,2017-12-25T20:47:30.26,SELL,0.00512718,5.34321063
65757241,2017-12-25T20:47:30.777,SELL,0.00510001,1.189154
65757248,2017-12-25T20:47:31.417,SELL,0.00510001,0.77886774
65757249,2017-12-25T20:47:31.65,SELL,0.00510001,34.485
65757251,2017-12-25T20:47:32.01,SELL,0.00510001,0.953399
65757266,2017-12-25T20:47:35.697,SELL,0.00510001,3.0888399
65757276,2017-12-25T20:47:37.743,SELL,0.00510001,5.08131114
65757280,2017-12-25T20:47:38.12,SELL,0.00510001,0.47377085
65757301,2017-12-25T20:47:41.713,SELL,0.00510001,1.21170751
65757304,2017-12-25T20:47:42.243,SELL,0.00510001,0.28326261
65757315,2017-12-25T20:47:44.15,SELL,0.00510001,0.93216732
65757319,2017-12-25T20:47:44.993,SELL,0.00510001,0.29966078
65757337,2017-12-25T20:47:48.79,SELL,0.00510001,6.57916166
65757340,2017-12-25T20:47:49.04,SELL,0.00510001,21.88948421
65757348,2017-12-25T20:47:50.103,SELL,0.00510001,0.46727608
65757352,2017-12-25T20:47:50.603,SELL,0.00510001,0.71047956
65757356,2017-12-25T20:47:50.917,BUY,0.00512748,4.49435
65757360,2017-12-25T20:47:51.15,SELL,0.00512834,5e-05
65757361,2017-12-25T20:47:51.167,SELL,0.00510001,1.05110722
65757370,2017-12-25T20:47:52.323,SELL,0.00510001,1.00309305
65757378,2017-12-25T20:47:53.59,SELL,0.0051,17.19785856
65757406,2017-12-25T20:47:57.747,SELL,0.0051,0.85989293
65757410,2017-12-25T20:47:58.713,SELL,0.00510001,0.430506
65757441,2017-12-25T20:48:03.747,SELL,0.00510001,0.32321018
65757442,2017-12-25T20:48:03.747,SELL,0.00510001,0.45673777
65757445,2017-12-25T20:48:04.48,SELL,0.0051,0.24124967
65757455,2017-12-25T20:48:06.183,SELL,0.0051,5.09743939
65757456,2017-12-25T20:48:06.527,SELL,0.0051,8.87603092
65757460,2017-12-25T20:48:06.777,SELL,0.0051,7.8194642
65757462,2017-12-25T20:48:06.823,SELL,0.0051,1.25819347
65757464,2017-12-25T20:48:06.997,SELL,0.0051,0.24124967
65757466,2017-12-25T20:48:07.137,SELL,0.0051,0.30123143
65757470,2017-12-25T20:48:07.387,BUY,0.00510001,0.19551552
65757472,2017-12-25T20:48:07.7,SELL,0.0051,6.90147453
65757475,2017-12-25T20:48:07.84,BUY,0.00510001,3.15707799
65757476,2017-12-25T20:48:07.853,SELL,0.00512444,2.201e-05
65757477,2017-12-25T20:48:07.853,SELL,0.0051,13.52966315
65757479,2017-12-25T20:48:07.933,SELL,0.0051,1.38461536
65757482,2017-12-25T20:48:08.23,SELL,0.00512444,0.20044016
65757483,2017-12-25T20:48:08.247,SELL,0.00512444,0.40300886
65757486,2017-12-25T20:48:08.353,SELL,0.00512444,3.1571
65757487,2017-12-25T20:48:08.353,SELL,0.0051,13.55750366
65757489,2017-12-25T20:48:08.527,SELL,0.00512223,0.67111974
65757499,2017-12-25T20:48:09.073,BUY,0.00512747,50.0
65757502,2017-12-25T20:48:09.26,SELL,0.0051221,3.67251844
65757505,2017-12-25T20:48:09.463,SELL,0.0051221,0.4741977
65757506,2017-12-25T20:48:09.48,SELL,0.0051221,0.23973533
65757508,2017-12-25T20:48:09.51,SELL,0.0051221,17.12081512
65757515,2017-12-25T20:48:10.26,SELL,0.0051221,7.78993341
65757516,2017-12-25T20:48:10.777,SELL,0.00510001,1.54629408
65757517,2017-12-25T20:48:10.853,SELL,0.00510001,4.83352338
65757522,2017-12-25T20:48:11.37,SELL,0.00510001,6.88656037
65757544,2017-12-25T20:48:14.84,SELL,0.00510001,9.98869279
65757546,2017-12-25T20:48:14.95,SELL,0.00510001,0.51325176
65757564,2017-12-25T20:48:18.713,SELL,0.00510001,14.62070622
65757565,2017-12-25T20:48:18.747,SELL,0.00510001,3.77837823
65757573,2017-12-25T20:48:20.107,SELL,0.00510001,0.090871
65757587,2017-12-25T20:48:23.37,SELL,0.0051,0.58823529
65757613,2017-12-25T20:48:29.323,SELL,0.0051,0.78197683
65757637,2017-12-25T20:48:34.403,SELL,0.0051,1.17318108
65757638,2017-12-25T20:48:35.12,SELL,0.0051,0.46916784
65757647,2017-12-25T20:48:36.59,SELL,0.0051,11.73171904
65757653,2017-12-25T20:48:37.433,SELL,0.0051,2.99700299
65757662,2017-12-25T20:48:38.653,SELL,0.0051,0.592541
65757677,2017-12-25T20:48:42.217,SELL,0.0051,0.72932
65757682,2017-12-25T20:48:42.683,SELL,0.0051,0.3099306
65757683,2017-12-25T20:48:42.92,SELL,0.0051,3.10237444
65757709,2017-12-25T20:48:48.107,SELL,0.0051,12.3344248
65757745,2017-12-25T20:48:58.37,SELL,0.0051,0.40081127
65757776,2017-12-25T20:49:13.17,SELL,0.0051,0.20098999
65757778,2017-12-25T20:49:13.98,SELL,0.0051,0.66877102
65757781,2017-12-25T20:49:14.153,BUY,0.00512746,9.90165387
65757859,2017-12-25T20:49:40.5,SELL,0.0051,0.592399
65757953,2017-12-25T20:50:11.893,BUY,0.00512746,5.03456914
65757962,2017-12-25T20:50:13.55,SELL,0.0051,0.58823529
65757991,2017-12-25T20:50:20.877,SELL,0.0051,0.406788
65758000,2017-12-25T20:50:23.627,SELL,0.0051,0.408609
65758055,2017-12-25T20:50:40.113,SELL,0.0051,4.03579
65758101,2017-12-25T20:50:51.597,BUY,0.00512745,7.94472487
65758176,2017-12-25T20:51:21.833,SELL,0.0051,12.27482831
65758177,2017-12-25T20:51:21.833,SELL,0.0051,4.0
65758178,2017-12-25T20:51:21.833,SELL,0.0051,0.11764706
65758179,2017-12-25T20:51:21.833,SELL,0.0051,1.0
65758180,2017-12-25T20:51:21.833,SELL,0.0051,3.90000009
65758181,2017-12-25T20:51:21.833,SELL,0.00509583,0.46853954
65758189,2017-12-25T20:51:23.99,SELL,0.00509521,1.48836489
65758190,2017-12-25T20:51:23.99,SELL,0.00506,0.13032449
65758197,2017-12-25T20:51:25.91,BUY,0.00512744,40.15538244
65758217,2017-12-25T20:51:30.647,SELL,0.00506,0.48171279
65758218,2017-12-25T20:51:30.647,SELL,0.00504801,5.96184608
65758237,2017-12-25T20:51:34.88,BUY,0.00512741,1.95456173
65758238,2017-12-25T20:51:34.88,BUY,0.00512742,1.94543827
65758253,2017-12-25T20:51:37.41,BUY,0.00512741,5.88
65758254,2017-12-25T20:51:38.973,SELL,0.00506001,1.08204506
65758258,2017-12-25T20:51:39.473,SELL,0.00506001,0.40398884
65758259,2017-12-25T20:51:39.473,SELL,0.00506,0.09861363
65758268,2017-12-25T20:51:41.553,SELL,0.00506002,4.16259081
65758269,2017-12-25T20:51:42.663,SELL,0.00506002,1.0194984
65758270,2017-12-25T20:51:43.02,SELL,0.00506002,0.90639187
65758545,2017-12-25T20:52:38.993,SELL,0.00506,0.09901483
65759014,2017-12-25T20:53:40.323,BUY,0.00512707,1.94555565
65759058,2017-12-25T20:53:48.493,SELL,0.00506002,0.69895312
65759302,2017-12-25T20:54:56.733,SELL,0.00506041,0.30061988
65759407,2017-12-25T20:55:21.483,SELL,0.00506064,36.0
65759443,2017-12-25T20:55:31.97,SELL,0.00506068,2.96439172
65759444,2017-12-25T20:55:31.97,SELL,0.00506067,22.97954487
65759445,2017-12-25T20:55:31.97,SELL,0.00506067,19.40498858
65759447,2017-12-25T20:55:32.577,BUY,0.00506059,1.269069
65759450,2017-12-25T20:55:34.953,BUY,0.00506059,1.2690687
65759456,2017-12-25T20:55:36.14,BUY,0.00506059,5.18595959
65759462,2017-12-25T20:55:40.077,BUY,0.00511359,0.5524115
65759502,2017-12-25T20:55:59.877,BUY,0.0051,2.0
65759774,2017-12-25T20:57:22.94,BUY,0.00509982,1.51
65759825,2017-12-25T20:57:40.91,BUY,0.00509973,0.9387
