121950413,2017-12-20T08:09:29.32,SELL,0.0742637,0.01077242
121950414,2017-12-20T08:09:29.32,SELL,0.0742637,0.13465527
121950415,2017-12-20T08:09:29.32,SELL,0.07426296,0.21
121950432,2017-12-20T08:09:35.193,SELL,0.07413686,0.03054432
121950433,2017-12-20T08:09:35.193,SELL,0.07408194,0.00945568
121950435,2017-12-20T08:09:35.383,BUY,0.07423377,0.01355289
121950456,2017-12-20T08:09:42.32,BUY,0.07426296,0.09709516
121950468,2017-12-20T08:09:47.227,SELL,0.07423377,0.35534711
121950469,2017-12-20T08:09:47.227,SELL,0.07413686,2.04671034
121950470,2017-12-20T08:09:47.227,SELL,0.07408194,0.0051112
121950471,2017-12-20T08:09:47.227,SELL,0.07400523,1.21663026
121950473,2017-12-20T08:09:47.227,BUY,0.07387954,0.91357229
121950476,2017-12-20T08:09:48.163,BUY,0.07387954,13.419405
121950478,2017-12-20T08:09:48.29,BUY,0.07387954,2.0432238
121950489,2017-12-20T08:09:50.897,BUY,0.07450311,2.8193
121950509,2017-12-20T08:09:58.773,BUY,0.0745031,0.02191449
121950513,2017-12-20T08:10:00.477,BUY,0.07450311,0.00900917
121950514,2017-12-20T08:10:00.477,BUY,0.07450311,0.02186202
121950519,2017-12-20T08:10:02.38,SELL,0.07389574,2.81721192
121950528,2017-12-20T08:10:04.397,BUY,0.07450311,0.01557398
121950529,2017-12-20T08:10:04.397,BUY,0.07450311,0.01127053
121950533,2017-12-20T08:10:06.833,SELL,0.07389657,0.04976038
121950534,2017-12-20T08:10:06.833,SELL,0.07389647,0.0030351
121950574,2017-12-20T08:10:24.537,BUY,0.07450302,0.01338872
121950581,2017-12-20T08:10:28.007,BUY,0.07450294,0.00910605
121950588,2017-12-20T08:10:32.833,BUY,0.07450293,0.13422278
121950590,2017-12-20T08:10:33.553,BUY,0.07450293,0.13422278
121950595,2017-12-20T08:10:38.053,BUY,0.07450293,0.13422278
121950597,2017-12-20T08:10:38.1,BUY,0.07450293,0.13422278
121950620,2017-12-20T08:10:46.803,BUY,0.07450303,0.13422278
121950641,2017-12-20T08:10:52.96,BUY,0.07450302,0.13422278
121950660,2017-12-20T08:11:01.037,BUY,0.07450302,0.02191866
121950661,2017-12-20T08:11:01.037,BUY,0.07450302,0.11230412
121950671,2017-12-20T08:11:05.287,BUY,0.07450302,0.05841734
121950692,2017-12-20T08:11:15.43,BUY,0.07450302,0.15669924
121950696,2017-12-20T08:11:16.773,BUY,0.07450301,2.81721192
121950697,2017-12-20T08:11:16.773,BUY,0.07450302,7.18278808
121950704,2017-12-20T08:11:20.087,SELL,0.074031,0.88966393
121950720,2017-12-20T08:11:24.257,SELL,0.074031,0.05479358
121950730,2017-12-20T08:11:27.867,BUY,0.07393087,0.0548
121950740,2017-12-20T08:11:35.587,SELL,0.074503,0.0123
121950742,2017-12-20T08:11:38.757,BUY,0.07450301,0.31770069
121950744,2017-12-20T08:11:39.523,BUY,0.07450301,0.13824944
121950746,2017-12-20T08:11:42.117,SELL,0.074503,1.138e-05
121950747,2017-12-20T08:11:42.117,SELL,0.07393087,0.01228862
121950751,2017-12-20T08:11:46.257,BUY,0.074503,0.13525969
121950766,2017-12-20T08:11:50.023,BUY,0.074503,0.10764665
121950772,2017-12-20T08:11:54.053,SELL,0.07393087,0.94814969
121950773,2017-12-20T08:11:54.053,SELL,0.07389902,0.01082558
121950774,2017-12-20T08:11:54.053,SELL,0.073898,13.55287909
121950775,2017-12-20T08:11:54.053,SELL,0.07389574,0.48814564
121950777,2017-12-20T08:11:54.837,SELL,0.07389574,0.50916691
121950784,2017-12-20T08:11:58.163,BUY,0.0742,0.5
121950785,2017-12-20T08:11:58.163,BUY,0.074503,0.45992339
121950786,2017-12-20T08:11:58.163,BUY,0.07450301,1.86067661
121950795,2017-12-20T08:12:04.443,SELL,0.0742,0.53908356
121950796,2017-12-20T08:12:04.443,SELL,0.07393087,0.13576149
121950797,2017-12-20T08:12:04.443,SELL,0.07389647,0.01082595
121950798,2017-12-20T08:12:04.443,SELL,0.07389574,0.22111963
121950799,2017-12-20T08:12:04.443,SELL,0.073895,0.34432
121950800,2017-12-20T08:12:04.443,SELL,0.07387964,0.36362204
121950801,2017-12-20T08:12:04.46,SELL,0.07387964,0.19206733
121950804,2017-12-20T08:12:05.443,SELL,0.07387964,0.11718019
121950805,2017-12-20T08:12:05.443,SELL,0.07387954,0.04741381
121950806,2017-12-20T08:12:05.443,SELL,0.07387951,0.25482871
121950807,2017-12-20T08:12:05.443,SELL,0.07387306,0.12010765
121950808,2017-12-20T08:12:05.443,SELL,0.07385481,0.11536039
121950809,2017-12-20T08:12:05.443,SELL,0.07383655,0.03077866
121950811,2017-12-20T08:12:06.24,SELL,0.07382273,0.1968815
121950822,2017-12-20T08:12:11.133,BUY,0.07450292,1.92818196
121950825,2017-12-20T08:12:12.383,BUY,0.07450293,1.97938937
121950826,2017-12-20T08:12:12.383,BUY,0.07450299,0.48951063
121950840,2017-12-20T08:12:16.04,BUY,0.07450299,0.74441371
121950845,2017-12-20T08:12:16.68,BUY,0.07450299,0.50411058
121950892,2017-12-20T08:12:31.9,SELL,0.07412466,0.04928926
121950893,2017-12-20T08:12:31.9,SELL,0.07410237,0.03480833
121950894,2017-12-20T08:12:31.9,SELL,0.07410104,0.04119092
121950911,2017-12-20T08:12:35.883,SELL,0.07450296,0.0217
121950914,2017-12-20T08:12:36.65,SELL,0.07450296,0.2891776
121950952,2017-12-20T08:12:44.977,SELL,0.07382352,0.0565
121950971,2017-12-20T08:12:48.117,SELL,0.07450295,0.26777626
121950973,2017-12-20T08:12:48.133,BUY,0.07450296,0.0543
121950974,2017-12-20T08:12:48.133,BUY,0.07450296,0.0128114
121950975,2017-12-20T08:12:48.413,SELL,0.07382352,1.80544693
121950985,2017-12-20T08:12:51.93,SELL,0.07382352,3.46677253
121950986,2017-12-20T08:12:51.93,SELL,0.07382352,0.05652747
121950991,2017-12-20T08:12:52.99,SELL,0.07412466,0.26701115
121950996,2017-12-20T08:12:54.46,BUY,0.074466,0.090398
121951004,2017-12-20T08:12:58.68,SELL,0.07412466,0.00213005
121951005,2017-12-20T08:12:58.68,SELL,0.07382352,1.29466792
121951006,2017-12-20T08:12:58.68,SELL,0.07382352,0.04063123
121951007,2017-12-20T08:12:58.68,SELL,0.07382347,0.03480632
121951008,2017-12-20T08:12:58.68,SELL,0.07382346,0.01083666
121951009,2017-12-20T08:12:58.68,SELL,0.07382346,0.01082782
121951014,2017-12-20T08:12:59.227,BUY,0.074466,0.01
121951018,2017-12-20T08:13:00.163,SELL,0.07382346,8.84e-06
121951031,2017-12-20T08:13:02.13,SELL,0.07378284,0.05024461
121951036,2017-12-20T08:13:03.43,BUY,0.07368416,0.7581716
121951081,2017-12-20T08:13:20.383,SELL,0.0738,0.2703
121951097,2017-12-20T08:13:29.837,BUY,0.07449768,1.47041061
121951110,2017-12-20T08:13:33.867,SELL,0.0738,2.52e-05
121951116,2017-12-20T08:13:35.71,BUY,0.0738,0.4999748
121951130,2017-12-20T08:13:42.243,SELL,0.0738,0.02456649
121951138,2017-12-20T08:13:43.883,BUY,0.07378737,3.351e-05
121951139,2017-12-20T08:13:43.883,BUY,0.07378901,0.0246
121951140,2017-12-20T08:13:43.883,BUY,0.0743,0.07536649
121951181,2017-12-20T08:13:53.757,BUY,0.0743,0.03200071
121951188,2017-12-20T08:13:55.71,BUY,0.0743,2.15613801
121951194,2017-12-20T08:13:56.977,BUY,0.0743,0.024
121951196,2017-12-20T08:13:57.617,BUY,0.0743,0.03846205
121951205,2017-12-20T08:13:59.96,BUY,0.0743,0.9022656
121951218,2017-12-20T08:14:04.49,BUY,0.0743,0.02324464
121951233,2017-12-20T08:14:08.617,BUY,0.07429574,0.01480484
121951237,2017-12-20T08:14:09.04,BUY,0.07429574,0.05114401
121951284,2017-12-20T08:14:21.273,BUY,0.07409333,0.02699298
121951311,2017-12-20T08:14:32.21,BUY,0.07409325,0.06537956
121951314,2017-12-20T08:14:32.523,BUY,0.07409325,0.0336493
121951324,2017-12-20T08:14:35.57,BUY,0.07409325,0.01619578
121951334,2017-12-20T08:14:37.303,SELL,0.07368427,0.15275656
121951361,2017-12-20T08:14:45.397,BUY,0.07409333,0.05401302
121951368,2017-12-20T08:14:47.897,SELL,0.07409324,0.64105157
121951380,2017-12-20T08:14:51.083,BUY,0.07373154,4.843e-05
121951381,2017-12-20T08:14:51.083,BUY,0.074,0.15
121951382,2017-12-20T08:14:51.083,BUY,0.07409316,0.11535157
121951386,2017-12-20T08:14:51.773,BUY,0.07409316,0.01600167
121951395,2017-12-20T08:14:54.257,BUY,0.07409316,0.23340167
121951422,2017-12-20T08:15:01.63,BUY,0.07409316,0.1327
121951438,2017-12-20T08:15:06.07,BUY,0.07409316,1.25171299
121951444,2017-12-20T08:15:07.38,BUY,0.07409308,0.01592783
121951451,2017-12-20T08:15:13.43,SELL,0.07368434,3.34564448
121951452,2017-12-20T08:15:13.43,SELL,0.07368429,0.22105299
121951453,2017-12-20T08:15:13.43,SELL,0.07368428,0.23045953
121951454,2017-12-20T08:15:13.43,SELL,0.07368427,1.20099235
121951455,2017-12-20T08:15:13.43,SELL,0.07368427,0.0254509
121951456,2017-12-20T08:15:13.43,SELL,0.07368426,0.01309224
121951461,2017-12-20T08:15:16.38,BUY,0.07409316,0.03737813
121951462,2017-12-20T08:15:16.38,BUY,0.07409316,0.18783823
121951482,2017-12-20T08:15:20.6,SELL,0.07363038,0.31770069
121951505,2017-12-20T08:15:29.523,SELL,0.07363038,0.25841573
121951506,2017-12-20T08:15:29.523,SELL,0.07363036,0.16331348
121951507,2017-12-20T08:15:29.523,SELL,0.07340016,35.149
121951523,2017-12-20T08:15:32.807,BUY,0.07363038,0.03822517
121951525,2017-12-20T08:15:33.04,BUY,0.07363038,0.02985135
121951526,2017-12-20T08:15:33.04,BUY,0.07363038,0.10511398
121951530,2017-12-20T08:15:33.663,BUY,0.07363038,0.02037202
121951535,2017-12-20T08:15:34.557,BUY,0.07363038,0.060814
121951542,2017-12-20T08:15:39.29,SELL,0.07363038,0.88766355
121951548,2017-12-20T08:15:41.087,SELL,0.07363038,0.05152245
121951550,2017-12-20T08:15:41.15,SELL,0.07340024,7.45520848
121951552,2017-12-20T08:15:41.18,BUY,0.0736232,0.02253916
121951568,2017-12-20T08:15:48.087,SELL,0.0736233,0.18675529
121951569,2017-12-20T08:15:48.087,SELL,0.07340099,0.01089903
121951570,2017-12-20T08:15:48.087,SELL,0.07340027,0.20315797
121951573,2017-12-20T08:15:49.273,BUY,0.07340026,0.01863901
121951575,2017-12-20T08:15:49.337,BUY,0.07340026,0.0805487
121951576,2017-12-20T08:15:49.337,BUY,0.07409333,0.05441663
121951588,2017-12-20T08:15:53.57,SELL,0.07363038,0.01358135
121951589,2017-12-20T08:15:53.57,SELL,0.07363038,1.865e-05
121951591,2017-12-20T08:15:56.337,SELL,0.07363038,0.10077352
121951594,2017-12-20T08:15:57.32,SELL,0.073401,7.98144145
121951595,2017-12-20T08:15:57.32,SELL,0.07340016,0.03934039
121951596,2017-12-20T08:15:57.32,SELL,0.07340002,0.76438284
121951597,2017-12-20T08:15:57.32,SELL,0.0734,0.3391678
121951598,2017-12-20T08:15:57.32,SELL,0.07337594,0.01591625
121951599,2017-12-20T08:15:57.32,SELL,0.07334631,31.543
121951600,2017-12-20T08:15:57.32,SELL,0.0733463,1.3
121951602,2017-12-20T08:15:57.977,BUY,0.07358383,0.1008
121951605,2017-12-20T08:15:59.757,SELL,0.07399999,0.41283161
121951613,2017-12-20T08:16:02.163,BUY,0.07363038,0.24439596
121951615,2017-12-20T08:16:02.243,BUY,0.07399991,0.02666767
121951621,2017-12-20T08:16:07.477,SELL,0.07363038,0.78016337
121951622,2017-12-20T08:16:07.477,SELL,0.07334628,0.75846098
121951623,2017-12-20T08:16:07.477,SELL,0.07333932,13.686
121951624,2017-12-20T08:16:07.477,SELL,0.07333931,0.81576655
121951625,2017-12-20T08:16:07.477,SELL,0.07333729,0.10768792
121951626,2017-12-20T08:16:07.49,SELL,0.07333621,0.66805551
121951627,2017-12-20T08:16:07.49,SELL,0.0732501,0.02228092
121951628,2017-12-20T08:16:07.49,SELL,0.07325,57.14173441
121951632,2017-12-20T08:16:08.447,BUY,0.07349626,0.1054054
121951636,2017-12-20T08:16:09.587,BUY,0.07349685,0.20919962
121951646,2017-12-20T08:16:17.29,SELL,0.07334636,0.11993743
121951647,2017-12-20T08:16:17.29,SELL,0.07334636,0.11993743
121951648,2017-12-20T08:16:17.29,SELL,0.07334636,0.11993743
121951649,2017-12-20T08:16:17.29,SELL,0.07325001,28.068
121951652,2017-12-20T08:16:22.1,BUY,0.07378737,0.04065736
121951654,2017-12-20T08:16:22.727,BUY,0.07378737,0.06042409
121951662,2017-12-20T08:16:25.133,SELL,0.07325,9.76243603
121951663,2017-12-20T08:16:25.133,SELL,0.07325,2.56829947
121951664,2017-12-20T08:16:25.133,SELL,0.07325,1.3212765
121951665,2017-12-20T08:16:25.133,SELL,0.07325,0.033988
121951686,2017-12-20T08:16:35.303,BUY,0.07378736,0.02282647
121951693,2017-12-20T08:16:39.133,BUY,0.07378736,0.01626294
121951699,2017-12-20T08:16:40.663,SELL,0.07340019,0.07629798
121951706,2017-12-20T08:16:43.6,BUY,0.07378736,0.04065737
121951709,2017-12-20T08:16:44.053,BUY,0.07338763,0.06713677
121951712,2017-12-20T08:16:44.38,BUY,0.07338763,0.00916323
121951717,2017-12-20T08:16:45.303,SELL,0.07325001,0.21252305
121951718,2017-12-20T08:16:45.303,SELL,0.07325,0.52461426
121951720,2017-12-20T08:16:46.367,BUY,0.07378736,0.02684433
121951733,2017-12-20T08:16:49.57,BUY,0.07378736,0.03458109
121951745,2017-12-20T08:16:54.43,SELL,0.0735,0.35215374
121951746,2017-12-20T08:16:54.43,SELL,0.0735,0.20314626
121951749,2017-12-20T08:16:55.117,SELL,0.0735,0.31410374
121951750,2017-12-20T08:16:55.117,SELL,0.0734002,0.20315816
121951751,2017-12-20T08:16:55.117,SELL,0.0732491,0.32402719
121951752,2017-12-20T08:16:55.117,SELL,0.07323525,42.745
121951766,2017-12-20T08:17:01.787,BUY,0.07399971,0.99
121951773,2017-12-20T08:17:06.6,BUY,0.0738998,0.13513564
121951781,2017-12-20T08:17:09.43,SELL,0.07340024,0.0774366
121951786,2017-12-20T08:17:09.85,BUY,0.0738998,0.02445561
121951796,2017-12-20T08:17:12.99,BUY,0.0738998,0.70572707
121951804,2017-12-20T08:17:15.49,BUY,0.07389979,0.00947228
121951809,2017-12-20T08:17:17.257,SELL,0.07323529,1.4
121951819,2017-12-20T08:17:20.88,BUY,0.07389979,0.01168853
121951820,2017-12-20T08:17:21.32,SELL,0.07323536,0.41510554
121951822,2017-12-20T08:17:21.88,BUY,0.07389972,0.16238203
121951829,2017-12-20T08:17:29.333,BUY,0.07389963,1.36054421
121951832,2017-12-20T08:17:33.21,SELL,0.07323529,0.57285097
121951833,2017-12-20T08:17:33.21,SELL,0.07323528,3.1972235
121951836,2017-12-20T08:17:33.77,BUY,0.0732353,0.16103693
121951838,2017-12-20T08:17:34.537,BUY,0.0732353,1.747244
121951840,2017-12-20T08:17:35.163,BUY,0.0732353,1.00000011
121951859,2017-12-20T08:17:43.287,SELL,0.07323542,0.52461426
121951865,2017-12-20T08:17:44.473,BUY,0.07388979,0.01353187
121951874,2017-12-20T08:17:49.223,BUY,0.07388978,0.01546064
121951891,2017-12-20T08:17:56.46,SELL,0.0733,0.32016416
121951892,2017-12-20T08:17:56.46,SELL,0.0732354,0.02659532
121951893,2017-12-20T08:17:56.46,SELL,0.07323532,0.07729298
121951894,2017-12-20T08:17:56.46,SELL,0.0732353,0.0459667
121951901,2017-12-20T08:17:59.803,SELL,0.0732353,0.19782414
121951902,2017-12-20T08:17:59.803,SELL,0.0732353,0.46217586
121951905,2017-12-20T08:18:00.24,BUY,0.0732354,0.2
121951910,2017-12-20T08:18:03.473,BUY,0.07388969,0.01691708
121951930,2017-12-20T08:18:12.197,BUY,0.073345,0.67994554
121951933,2017-12-20T08:18:13.773,BUY,0.073345,0.32207792
121951935,2017-12-20T08:18:13.9,BUY,0.073345,0.01
121951937,2017-12-20T08:18:14.273,BUY,0.073345,0.03573391
121951939,2017-12-20T08:18:14.43,BUY,0.073345,0.13075914
121951941,2017-12-20T08:18:14.993,SELL,0.07330001,0.17503939
121951944,2017-12-20T08:18:15.71,BUY,0.07330001,0.02662057
121951946,2017-12-20T08:18:15.743,BUY,0.07330001,0.03200334
121951948,2017-12-20T08:18:16.4,BUY,0.07330001,0.14398437
121951949,2017-12-20T08:18:16.697,SELL,0.0733,0.11134182
121951950,2017-12-20T08:18:16.697,SELL,0.0732353,0.35376926
121951954,2017-12-20T08:18:16.947,BUY,0.07330001,0.09473569
121951956,2017-12-20T08:18:17.447,BUY,0.07330001,0.12761664
121951957,2017-12-20T08:18:17.447,BUY,0.073345,0.01146239
121951959,2017-12-20T08:18:17.697,BUY,0.073345,0.02271222
121951964,2017-12-20T08:18:19.26,BUY,0.073345,0.46378156
121951966,2017-12-20T08:18:19.477,BUY,0.073345,0.0447473
121951975,2017-12-20T08:18:21.383,BUY,0.073345,0.01195806
121951977,2017-12-20T08:18:21.57,BUY,0.073345,0.54612481
121951985,2017-12-20T08:18:26.163,BUY,0.073345,0.15961623
121951987,2017-12-20T08:18:27.523,BUY,0.073345,0.084532
121951989,2017-12-20T08:18:29.82,SELL,0.07334499,0.62397941
121951990,2017-12-20T08:18:29.82,SELL,0.0732353,0.97270876
121951993,2017-12-20T08:18:30.493,SELL,0.07330001,1.0
121951999,2017-12-20T08:18:31.993,BUY,0.07330001,0.04444612
121952006,2017-12-20T08:18:32.883,BUY,0.07330001,0.02891914
121952007,2017-12-20T08:18:32.883,BUY,0.073345,0.00681477
121952013,2017-12-20T08:18:37.29,SELL,0.0733,0.13642562
121952014,2017-12-20T08:18:38.307,SELL,0.07329579,0.04075923
121952017,2017-12-20T08:18:39.26,BUY,0.0733,0.09244032
121952021,2017-12-20T08:18:39.913,BUY,0.07323819,0.02255778
121952024,2017-12-20T08:18:40.133,BUY,0.0733,0.46230635
121952025,2017-12-20T08:18:40.133,BUY,0.073345,0.08452132
121952030,2017-12-20T08:18:43.587,BUY,0.073345,0.11889208
121952031,2017-12-20T08:18:43.87,SELL,0.0732353,2.30823133
121952033,2017-12-20T08:18:44.197,SELL,0.07323527,0.00896773
121952035,2017-12-20T08:18:44.29,BUY,0.0732353,0.54673461
121952038,2017-12-20T08:18:44.867,BUY,0.0732353,0.06631388
121952042,2017-12-20T08:18:50.57,BUY,0.0732353,0.02556736
121952044,2017-12-20T08:18:50.837,BUY,0.0732353,0.54755357
121952046,2017-12-20T08:18:51.15,BUY,0.0732353,3.45
121952048,2017-12-20T08:18:51.26,BUY,0.0732353,1.641489
121952050,2017-12-20T08:18:52.26,SELL,0.07323527,0.12918719
121952053,2017-12-20T08:18:52.663,BUY,0.0732353,1.85229728
121952054,2017-12-20T08:18:52.663,BUY,0.0732353,0.03235281
121952055,2017-12-20T08:18:52.663,BUY,0.073345,0.26632075
121952056,2017-12-20T08:18:52.663,BUY,0.073345,0.0628985
121952057,2017-12-20T08:18:52.663,BUY,0.073345,3.04613066
121952061,2017-12-20T08:18:55.383,BUY,0.073345,0.54673461
121952063,2017-12-20T08:18:56.1,SELL,0.0732353,0.00909627
121952066,2017-12-20T08:18:56.883,BUY,0.0733,1.835729
121952068,2017-12-20T08:18:58.43,BUY,0.0733,0.54673461
121952070,2017-12-20T08:18:59.803,BUY,0.0733,0.54707026
121952073,2017-12-20T08:19:00.163,BUY,0.0733,0.54673461
121952080,2017-12-20T08:19:01.76,BUY,0.0733,0.02191583
121952083,2017-12-20T08:19:02.21,BUY,0.0733,0.54673461
121952085,2017-12-20T08:19:02.413,BUY,0.0733,2.05
121952090,2017-12-20T08:19:05.43,BUY,0.0733,0.54707026
121952093,2017-12-20T08:19:06.18,BUY,0.0733,0.54707026
121952095,2017-12-20T08:19:06.57,BUY,0.0733,0.54707026
121952098,2017-12-20T08:19:08.85,BUY,0.0733,0.26002822
121952099,2017-12-20T08:19:08.85,BUY,0.0733,0.43457615
121952100,2017-12-20T08:19:08.85,BUY,0.073345,2.40639563
121952102,2017-12-20T08:19:09.46,SELL,0.0732353,0.03186758
121952103,2017-12-20T08:19:09.46,SELL,0.07323528,0.09791174
121952105,2017-12-20T08:19:09.82,BUY,0.073345,0.54690551
121952108,2017-12-20T08:19:10.46,BUY,0.073345,0.06264203
121952110,2017-12-20T08:19:10.773,SELL,0.0733001,0.02191583
121952112,2017-12-20T08:19:11.04,BUY,0.073345,0.54690551
121952113,2017-12-20T08:19:11.29,SELL,0.07323528,0.04058618
121952114,2017-12-20T08:19:11.29,SELL,0.07323527,1.68703637
121952115,2017-12-20T08:19:11.29,SELL,0.073232,0.14268489
121952118,2017-12-20T08:19:12.367,BUY,0.0732282,0.11194246
121952120,2017-12-20T08:19:13.32,BUY,0.0732282,0.0178501
121952121,2017-12-20T08:19:13.32,BUY,0.073345,0.5289674
121952123,2017-12-20T08:19:14.663,BUY,0.073345,0.191469
121952125,2017-12-20T08:19:15.663,BUY,0.073345,0.04090258
121952129,2017-12-20T08:19:17.617,BUY,0.0732282,0.63605271
121952130,2017-12-20T08:19:17.617,BUY,0.073345,0.48954713
121952131,2017-12-20T08:19:17.617,BUY,0.073345,0.00759308
121952134,2017-12-20T08:19:17.883,BUY,0.073345,0.50603854
121952142,2017-12-20T08:19:20.587,SELL,0.073345,0.0623
121952147,2017-12-20T08:19:23.24,SELL,0.073345,4.357e-05
121952150,2017-12-20T08:19:26.04,SELL,0.073345,0.17418911
121952158,2017-12-20T08:19:29.397,BUY,0.073345,0.01461542
121952160,2017-12-20T08:19:31.007,BUY,0.073345,0.215875
121952162,2017-12-20T08:19:32.18,SELL,0.07334499,0.05754726
121952163,2017-12-20T08:19:32.18,SELL,0.07327304,0.03971302
121952164,2017-12-20T08:19:32.18,SELL,0.07323532,0.07311603
121952165,2017-12-20T08:19:32.18,SELL,0.07322063,0.13308554
121952166,2017-12-20T08:19:32.18,SELL,0.07322063,1.35119539
121952167,2017-12-20T08:19:32.18,SELL,0.07321411,0.9949903
121952168,2017-12-20T08:19:32.18,SELL,0.07315225,0.03748825
121952169,2017-12-20T08:19:32.18,SELL,0.07313125,0.06937363
121952170,2017-12-20T08:19:32.18,SELL,0.07312293,0.03993357
121952171,2017-12-20T08:19:32.18,SELL,0.07312,1.28655168
121952172,2017-12-20T08:19:32.617,SELL,0.0731,0.0954703
121952173,2017-12-20T08:19:32.617,SELL,0.07309998,0.14786133
121952174,2017-12-20T08:19:32.633,SELL,0.0730995,0.43971229
121952175,2017-12-20T08:19:32.633,SELL,0.07308,0.40948276
121952176,2017-12-20T08:19:32.633,SELL,0.07307416,0.13939037
121952177,2017-12-20T08:19:32.633,SELL,0.07303765,0.2
121952178,2017-12-20T08:19:32.633,SELL,0.0730334,0.03855755
121952179,2017-12-20T08:19:32.633,SELL,0.07300001,0.04467898
121952180,2017-12-20T08:19:32.633,SELL,0.073,0.95532102
121952181,2017-12-20T08:19:33.553,SELL,0.073,0.34941624
121952182,2017-12-20T08:19:33.57,SELL,0.073,0.06145413
121952183,2017-12-20T08:19:33.57,SELL,0.073,0.51270322
121952186,2017-12-20T08:19:33.6,BUY,0.0730286,1.097591
121952189,2017-12-20T08:19:34.68,BUY,0.0730286,0.79739539
121952193,2017-12-20T08:19:34.897,BUY,0.0731,0.098
121952194,2017-12-20T08:19:34.897,BUY,0.07312,0.40548967
121952199,2017-12-20T08:19:36.193,BUY,0.07312,2.566684
121952201,2017-12-20T08:19:38.507,BUY,0.07312,0.05114401
121952203,2017-12-20T08:19:39.303,BUY,0.07312,0.54841699
121952205,2017-12-20T08:19:39.49,BUY,0.07312,0.22799294
121952208,2017-12-20T08:19:40.477,BUY,0.0730286,0.08838621
121952210,2017-12-20T08:19:40.6,BUY,0.0730286,0.22799294
121952211,2017-12-20T08:19:41.43,SELL,0.073,0.0827794
121952216,2017-12-20T08:19:42.07,BUY,0.0730286,0.20087085
121952217,2017-12-20T08:19:42.07,BUY,0.07312,0.0686965
121952220,2017-12-20T08:19:42.29,BUY,0.07312,0.13676149
121952239,2017-12-20T08:19:50.24,BUY,0.07312,0.99832264
121952240,2017-12-20T08:19:50.24,BUY,0.07334499,0.27367736
121952245,2017-12-20T08:19:51.43,BUY,0.07334499,0.00018269
121952246,2017-12-20T08:19:51.43,BUY,0.073345,0.99981731
121952254,2017-12-20T08:19:53.227,SELL,0.07312,0.01285347
121952262,2017-12-20T08:19:57.07,SELL,0.07312,0.02057853
121952263,2017-12-20T08:19:57.07,SELL,0.07312,0.0951027
121952269,2017-12-20T08:19:58.397,BUY,0.073345,0.1
121952280,2017-12-20T08:20:01.96,BUY,0.073345,0.38338891
121952287,2017-12-20T08:20:04.523,BUY,0.073345,0.04090258
121952289,2017-12-20T08:20:06.897,BUY,0.073345,0.02538405
121952291,2017-12-20T08:20:07.273,BUY,0.073345,0.11589065
121952294,2017-12-20T08:20:08.913,BUY,0.073345,0.09243755
121952295,2017-12-20T08:20:08.913,BUY,0.07341138,0.04076088
121952297,2017-12-20T08:20:08.943,BUY,0.0735353,0.05453163
121952298,2017-12-20T08:20:08.943,BUY,0.07368972,0.04572999
121952299,2017-12-20T08:20:08.943,BUY,0.07388959,0.08973838
121952305,2017-12-20T08:20:11.867,SELL,0.07388959,0.01263899
121952308,2017-12-20T08:20:12.727,BUY,0.07388958,0.3287
121952311,2017-12-20T08:20:13.757,SELL,0.07341834,0.06769251
121952336,2017-12-20T08:20:18.96,BUY,0.07341834,0.13533708
121952359,2017-12-20T08:20:24.397,SELL,0.07312073,0.0109408
121952360,2017-12-20T08:20:24.397,SELL,0.07312,0.4048973
121952361,2017-12-20T08:20:24.397,SELL,0.07312,0.033432
121952370,2017-12-20T08:20:26.477,BUY,0.07312,0.05675171
121952371,2017-12-20T08:20:26.477,BUY,0.07325,0.12785179
121952379,2017-12-20T08:20:29.473,BUY,0.07325,0.02678736
121952388,2017-12-20T08:20:35.82,BUY,0.07325,1.5
121952390,2017-12-20T08:20:36.693,BUY,0.07325,0.15426621
121952397,2017-12-20T08:20:38.333,BUY,0.07325,0.13651877
121952399,2017-12-20T08:20:38.537,BUY,0.07325,0.13651877
121952402,2017-12-20T08:20:40.223,BUY,0.07325,0.21587459
121952403,2017-12-20T08:20:40.223,BUY,0.07325,0.30755802
121952404,2017-12-20T08:20:40.223,BUY,0.073345,0.02957727
121952405,2017-12-20T08:20:40.223,BUY,0.07341834,1.89772612
121952419,2017-12-20T08:20:43.52,BUY,0.07341834,0.13651877
121952430,2017-12-20T08:20:47.053,BUY,0.07341834,0.13651877
121952438,2017-12-20T08:20:49.757,BUY,0.07341834,0.13651877
121952441,2017-12-20T08:20:50.117,BUY,0.07341834,0.02043555
121952090,2017-12-20T08:19:05.43,BUY,0.0733,0.54707026
121952093,2017-12-20T08:19:06.18,BUY,0.0733,0.54707026
121952095,2017-12-20T08:19:06.57,BUY,0.0733,0.54707026
121952098,2017-12-20T08:19:08.85,BUY,0.0733,0.26002822
121952099,2017-12-20T08:19:08.85,BUY,0.0733,0.43457615
121952100,2017-12-20T08:19:08.85,BUY,0.073345,2.40639563
121952102,2017-12-20T08:19:09.46,SELL,0.0732353,0.03186758
121952103,2017-12-20T08:19:09.46,SELL,0.07323528,0.09791174
121952105,2017-12-20T08:19:09.82,BUY,0.073345,0.54690551
121952108,2017-12-20T08:19:10.46,BUY,0.073345,0.06264203
121952110,2017-12-20T08:19:10.773,SELL,0.0733001,0.02191583
121952112,2017-12-20T08:19:11.04,BUY,0.073345,0.54690551
121952113,2017-12-20T08:19:11.29,SELL,0.07323528,0.04058618
121952114,2017-12-20T08:19:11.29,SELL,0.07323527,1.68703637
121952115,2017-12-20T08:19:11.29,SELL,0.073232,0.14268489
121952118,2017-12-20T08:19:12.367,BUY,0.0732282,0.11194246
121952120,2017-12-20T08:19:13.32,BUY,0.0732282,0.0178501
121952121,2017-12-20T08:19:13.32,BUY,0.073345,0.5289674
121952123,2017-12-20T08:19:14.663,BUY,0.073345,0.191469
121952125,2017-12-20T08:19:15.663,BUY,0.073345,0.04090258
121952129,2017-12-20T08:19:17.617,BUY,0.0732282,0.63605271
121952130,2017-12-20T08:19:17.617,BUY,0.073345,0.48954713
121952131,2017-12-20T08:19:17.617,BUY,0.073345,0.00759308
121952134,2017-12-20T08:19:17.883,BUY,0.073345,0.50603854
121952142,2017-12-20T08:19:20.587,SELL,0.073345,0.0623
121952147,2017-12-20T08:19:23.24,SELL,0.073345,4.357e-05
121952150,2017-12-20T08:19:26.04,SELL,0.073345,0.17418911
121952158,2017-12-20T08:19:29.397,BUY,0.073345,0.01461542
121952160,2017-12-20T08:19:31.007,BUY,0.073345,0.215875
121952162,2017-12-20T08:19:32.18,SELL,0.07334499,0.05754726
121952163,2017-12-20T08:19:32.18,SELL,0.07327304,0.03971302
121952164,2017-12-20T08:19:32.18,SELL,0.07323532,0.07311603
121952165,2017-12-20T08:19:32.18,SELL,0.07322063,0.13308554
121952166,2017-12-20T08:19:32.18,SELL,0.07322063,1.35119539
121952167,2017-12-20T08:19:32.18,SELL,0.07321411,0.9949903
121952168,2017-12-20T08:19:32.18,SELL,0.07315225,0.03748825
121952169,2017-12-20T08:19:32.18,SELL,0.07313125,0.06937363
121952170,2017-12-20T08:19:32.18,SELL,0.07312293,0.03993357
121952171,2017-12-20T08:19:32.18,SELL,0.07312,1.28655168
121952172,2017-12-20T08:19:32.617,SELL,0.0731,0.0954703
121952173,2017-12-20T08:19:32.617,SELL,0.07309998,0.14786133
121952174,2017-12-20T08:19:32.633,SELL,0.0730995,0.43971229
121952175,2017-12-20T08:19:32.633,SELL,0.07308,0.40948276
121952176,2017-12-20T08:19:32.633,SELL,0.07307416,0.13939037
121952177,2017-12-20T08:19:32.633,SELL,0.07303765,0.2
121952178,2017-12-20T08:19:32.633,SELL,0.0730334,0.03855755
121952179,2017-12-20T08:19:32.633,SELL,0.07300001,0.04467898
121952180,2017-12-20T08:19:32.633,SELL,0.073,0.95532102
121952181,2017-12-20T08:19:33.553,SELL,0.073,0.34941624
121952182,2017-12-20T08:19:33.57,SELL,0.073,0.06145413
121952183,2017-12-20T08:19:33.57,SELL,0.073,0.51270322
121952186,2017-12-20T08:19:33.6,BUY,0.0730286,1.097591
121952189,2017-12-20T08:19:34.68,BUY,0.0730286,0.79739539
121952193,2017-12-20T08:19:34.897,BUY,0.0731,0.098
121952194,2017-12-20T08:19:34.897,BUY,0.07312,0.40548967
121952199,2017-12-20T08:19:36.193,BUY,0.07312,2.566684
121952201,2017-12-20T08:19:38.507,BUY,0.07312,0.05114401
121952203,2017-12-20T08:19:39.303,BUY,0.07312,0.54841699
121952205,2017-12-20T08:19:39.49,BUY,0.07312,0.22799294
121952208,2017-12-20T08:19:40.477,BUY,0.0730286,0.08838621
121952210,2017-12-20T08:19:40.6,BUY,0.0730286,0.22799294
121952211,2017-12-20T08:19:41.43,SELL,0.073,0.0827794
121952216,2017-12-20T08:19:42.07,BUY,0.0730286,0.20087085
121952217,2017-12-20T08:19:42.07,BUY,0.07312,0.0686965
121952220,2017-12-20T08:19:42.29,BUY,0.07312,0.13676149
121952239,2017-12-20T08:19:50.24,BUY,0.07312,0.99832264
121952240,2017-12-20T08:19:50.24,BUY,0.07334499,0.27367736
121952245,2017-12-20T08:19:51.43,BUY,0.07334499,0.00018269
121952246,2017-12-20T08:19:51.43,BUY,0.073345,0.99981731
121952254,2017-12-20T08:19:53.227,SELL,0.07312,0.01285347
121952262,2017-12-20T08:19:57.07,SELL,0.07312,0.02057853
121952263,2017-12-20T08:19:57.07,SELL,0.07312,0.0951027
121952269,2017-12-20T08:19:58.397,BUY,0.073345,0.1
121952280,2017-12-20T08:20:01.96,BUY,0.073345,0.38338891
121952287,2017-12-20T08:20:04.523,BUY,0.073345,0.04090258
121952289,2017-12-20T08:20:06.897,BUY,0.073345,0.02538405
121952291,2017-12-20T08:20:07.273,BUY,0.073345,0.11589065
121952294,2017-12-20T08:20:08.913,BUY,0.073345,0.09243755
121952295,2017-12-20T08:20:08.913,BUY,0.07341138,0.04076088
121952297,2017-12-20T08:20:08.943,BUY,0.0735353,0.05453163
121952298,2017-12-20T08:20:08.943,BUY,0.07368972,0.04572999
121952299,2017-12-20T08:20:08.943,BUY,0.07388959,0.08973838
121952305,2017-12-20T08:20:11.867,SELL,0.07388959,0.01263899
121952308,2017-12-20T08:20:12.727,BUY,0.07388958,0.3287
121952311,2017-12-20T08:20:13.757,SELL,0.07341834,0.06769251
121952336,2017-12-20T08:20:18.96,BUY,0.07341834,0.13533708
121952359,2017-12-20T08:20:24.397,SELL,0.07312073,0.0109408
121952360,2017-12-20T08:20:24.397,SELL,0.07312,0.4048973
121952361,2017-12-20T08:20:24.397,SELL,0.07312,0.033432
121952370,2017-12-20T08:20:26.477,BUY,0.07312,0.05675171
121952371,2017-12-20T08:20:26.477,BUY,0.07325,0.12785179
121952379,2017-12-20T08:20:29.473,BUY,0.07325,0.02678736
121952388,2017-12-20T08:20:35.82,BUY,0.07325,1.5
121952390,2017-12-20T08:20:36.693,BUY,0.07325,0.15426621
121952397,2017-12-20T08:20:38.333,BUY,0.07325,0.13651877
121952399,2017-12-20T08:20:38.537,BUY,0.07325,0.13651877
121952402,2017-12-20T08:20:40.223,BUY,0.07325,0.21587459
121952403,2017-12-20T08:20:40.223,BUY,0.07325,0.30755802
121952404,2017-12-20T08:20:40.223,BUY,0.073345,0.02957727
121952405,2017-12-20T08:20:40.223,BUY,0.07341834,1.89772612
121952419,2017-12-20T08:20:43.52,BUY,0.07341834,0.13651877
121952430,2017-12-20T08:20:47.053,BUY,0.07341834,0.13651877
121952438,2017-12-20T08:20:49.757,BUY,0.07341834,0.13651877
121952441,2017-12-20T08:20:50.117,BUY,0.07341834,0.02043555
121952451,2017-12-20T08:20:51.897,BUY,0.07341834,0.01716339
121952452,2017-12-20T08:20:51.897,BUY,0.07341834,0.00327216
121952459,2017-12-20T08:20:53.35,BUY,0.07341834,0.09752001
121952460,2017-12-20T08:20:53.35,BUY,0.07341834,0.03606392
121952461,2017-12-20T08:20:53.35,BUY,0.07388938,0.00293484
121952480,2017-12-20T08:20:56.6,BUY,0.07388938,0.13651877
121952490,2017-12-20T08:20:58.927,BUY,0.07388938,0.13651877
121952496,2017-12-20T08:21:00.913,BUY,0.07388937,1.62223758
121952497,2017-12-20T08:21:00.913,BUY,0.07388938,0.39076241
121952499,2017-12-20T08:21:02.583,SELL,0.07341834,0.04075957
121952503,2017-12-20T08:21:03.35,BUY,0.07388938,0.13651877
121952529,2017-12-20T08:21:08.35,BUY,0.07388938,0.13651877
121952531,2017-12-20T08:21:08.427,BUY,0.07388938,0.13651877
121952543,2017-12-20T08:21:10.567,BUY,0.07388938,0.03826826
121952551,2017-12-20T08:21:12.973,SELL,0.07317692,0.0109324
121952552,2017-12-20T08:21:12.973,SELL,0.07317619,0.02733129
121952553,2017-12-20T08:21:12.973,SELL,0.07317619,0.95527294
121952555,2017-12-20T08:21:13.053,BUY,0.07317619,0.0109324
121952558,2017-12-20T08:21:13.613,BUY,0.07388938,0.1353374
121952603,2017-12-20T08:21:31.85,SELL,0.07312,0.11457322
121952604,2017-12-20T08:21:31.85,SELL,0.07312,1.36153385
121952608,2017-12-20T08:21:33.537,BUY,0.0738893,0.06766872
121952662,2017-12-20T08:21:48.253,SELL,0.07337207,0.01218038
121952716,2017-12-20T08:22:08.19,BUY,0.07318938,0.49323039
121952721,2017-12-20T08:22:10.707,BUY,0.07318938,0.14526588
121952724,2017-12-20T08:22:11.287,BUY,0.07318938,0.36150373
121952725,2017-12-20T08:22:11.287,BUY,0.07337206,0.07158803
121952726,2017-12-20T08:22:11.287,BUY,0.07388944,0.26690824
121952729,2017-12-20T08:22:11.723,SELL,0.07309383,0.92263519
121952730,2017-12-20T08:22:11.723,SELL,0.07302885,3.77736481
121952742,2017-12-20T08:22:13.207,SELL,0.07337207,0.00883681
121952743,2017-12-20T08:22:13.207,SELL,0.07302884,0.06052479
121952771,2017-12-20T08:22:17.503,SELL,0.07309401,0.08987988
121952782,2017-12-20T08:22:18.957,SELL,0.07309401,0.0142814
121952784,2017-12-20T08:22:19.503,SELL,0.07309401,0.08987988
121952788,2017-12-20T08:22:21.223,SELL,0.07309402,0.08987988
121952793,2017-12-20T08:22:23.457,SELL,0.07309401,0.08987988
121952818,2017-12-20T08:22:28.88,BUY,0.07388936,0.37675586
121952819,2017-12-20T08:22:29.037,SELL,0.07309484,0.01754384
121952820,2017-12-20T08:22:29.037,SELL,0.07309474,0.01094469
121952821,2017-12-20T08:22:29.037,SELL,0.07309411,0.06139135
121952839,2017-12-20T08:22:34.223,SELL,0.07335915,0.02726312
121952847,2017-12-20T08:22:37.853,SELL,0.07335915,0.02726312
121952848,2017-12-20T08:22:37.853,SELL,0.0733022,3.688e-05
121952852,2017-12-20T08:22:39.02,SELL,0.0733022,0.0175
121952853,2017-12-20T08:22:39.02,SELL,0.0733021,0.00487474
121952855,2017-12-20T08:22:39.427,SELL,0.0733021,0.01981971
121952868,2017-12-20T08:22:41.02,SELL,0.07317621,0.08
121952886,2017-12-20T08:22:48.08,BUY,0.0732665,0.0198
121952904,2017-12-20T08:22:52.347,SELL,0.07330211,0.07136469
121952905,2017-12-20T08:22:52.363,SELL,0.0733021,0.00104776
121952910,2017-12-20T08:22:54.613,SELL,0.0733021,0.04736311
121952915,2017-12-20T08:22:55.067,BUY,0.07324187,0.1198
121952916,2017-12-20T08:22:55.067,BUY,0.0732665,0.82228663
121952920,2017-12-20T08:22:56.317,BUY,0.0732665,0.66384501
121952937,2017-12-20T08:23:02.41,BUY,0.07323403,0.03536818
121952958,2017-12-20T08:23:15.16,SELL,0.0732665,0.0118
121952963,2017-12-20T08:23:16.19,BUY,0.0738892,0.02136006
121952972,2017-12-20T08:23:19.05,BUY,0.0738892,1.37811755
121952973,2017-12-20T08:23:19.173,SELL,0.0732665,3.851e-05
121952974,2017-12-20T08:23:19.173,SELL,0.07323403,0.01176149
121952989,2017-12-20T08:23:28.003,BUY,0.0738892,2.75999999
121953062,2017-12-20T08:23:51.253,SELL,0.07323511,0.1
121953108,2017-12-20T08:24:02.707,BUY,0.07388904,0.20734277
121953109,2017-12-20T08:24:02.707,BUY,0.07388936,0.03504926
121953110,2017-12-20T08:24:02.707,BUY,0.07388944,0.21760797
121953163,2017-12-20T08:24:15.487,BUY,0.07388944,0.16548379
121953164,2017-12-20T08:24:15.487,BUY,0.07388944,0.4765796
121953165,2017-12-20T08:24:15.487,BUY,0.0738896,0.63339977
121953166,2017-12-20T08:24:15.487,BUY,0.07389963,0.09000398
121953193,2017-12-20T08:24:27.173,BUY,0.07389963,0.33745
121953203,2017-12-20T08:24:29.923,BUY,0.07389963,0.01708427
121953222,2017-12-20T08:24:37.27,BUY,0.07388944,0.01
121953223,2017-12-20T08:24:37.27,BUY,0.07389963,0.08789363
121953235,2017-12-20T08:24:40.127,SELL,0.07389963,0.54288843
121953239,2017-12-20T08:24:40.627,SELL,0.07389963,0.65002591
121953244,2017-12-20T08:24:43.8,SELL,0.07389963,0.0095322
121953245,2017-12-20T08:24:45.207,SELL,0.07389963,1.69965983
121953268,2017-12-20T08:24:51.66,BUY,0.07353013,0.08119334
121953274,2017-12-20T08:24:52.94,SELL,0.07323621,1.10353009
121953275,2017-12-20T08:24:53.033,SELL,0.07323621,0.02
121953277,2017-12-20T08:24:53.08,BUY,0.07353013,0.46168498
121953297,2017-12-20T08:24:55.957,BUY,0.07389963,0.14
121953327,2017-12-20T08:25:05.83,BUY,0.07389963,0.06765933
121953360,2017-12-20T08:25:16.35,SELL,0.0732371,0.08819751
121953377,2017-12-20T08:25:20.897,BUY,0.07389963,0.09268084
121953378,2017-12-20T08:25:20.897,BUY,0.07389963,0.13731916
121953390,2017-12-20T08:25:23.8,BUY,0.07389963,0.06268084
121953391,2017-12-20T08:25:23.8,BUY,0.07389963,0.03493857
121953392,2017-12-20T08:25:23.8,BUY,0.0739,0.03769931
121953407,2017-12-20T08:25:26.787,SELL,0.07389963,0.13531867
121953413,2017-12-20T08:25:28.473,BUY,0.07389962,0.01
121953415,2017-12-20T08:25:28.52,BUY,0.07389962,0.13531872
121953442,2017-12-20T08:25:36.003,BUY,0.07389962,0.11899189
121953443,2017-12-20T08:25:36.05,SELL,0.07389962,0.02000004
121953449,2017-12-20T08:25:38.147,BUY,0.07389997,0.13531872
121953452,2017-12-20T08:25:39.177,BUY,0.07389997,0.13531872
121953464,2017-12-20T08:25:42.177,SELL,0.07389962,0.37234629
121953465,2017-12-20T08:25:42.177,SELL,0.07389962,0.06263428
121953470,2017-12-20T08:25:43.863,BUY,0.07389997,0.13531872
121953486,2017-12-20T08:25:46.52,SELL,0.07323765,0.03523662
121953492,2017-12-20T08:25:47.16,BUY,0.07389997,0.13531872
121953528,2017-12-20T08:25:58.24,SELL,0.07323778,0.01315672
121953530,2017-12-20T08:25:58.333,BUY,0.07389997,0.54545705
121953531,2017-12-20T08:25:58.333,BUY,0.07389997,0.03445385
121953532,2017-12-20T08:25:58.333,BUY,0.0739,0.00306026
121953533,2017-12-20T08:26:00.02,SELL,0.07397397,0.54271621
121953541,2017-12-20T08:26:02.723,SELL,0.07397397,1.58708017
121953543,2017-12-20T08:26:02.723,BUY,0.07343665,1.983e-05
121953546,2017-12-20T08:26:03.583,BUY,0.07406658,0.13531799
121953547,2017-12-20T08:26:03.99,SELL,0.07389997,0.43299793
121953549,2017-12-20T08:26:04.223,BUY,0.07343481,0.25
121953556,2017-12-20T08:26:12.38,BUY,0.0734171,0.13579731
121953563,2017-12-20T08:26:13.053,BUY,0.0734171,0.29720269
121953582,2017-12-20T08:26:20.193,SELL,0.07323791,0.10680903
121953602,2017-12-20T08:26:31.583,BUY,0.07406654,1.75968566
121953639,2017-12-20T08:26:45.21,SELL,0.07323801,1.31
121953641,2017-12-20T08:26:46.583,BUY,0.073238,0.5121293
121953644,2017-12-20T08:26:46.867,BUY,0.073238,1.15141657
121953647,2017-12-20T08:26:47.21,BUY,0.07406648,1.31
121953648,2017-12-20T08:26:47.21,BUY,0.07406652,0.67
121953663,2017-12-20T08:26:52.41,SELL,0.0732381,0.01
121953664,2017-12-20T08:26:52.41,SELL,0.07323808,0.09
121953672,2017-12-20T08:26:58.21,BUY,0.07406646,2.0
121953730,2017-12-20T08:27:23.16,BUY,0.07406651,0.08100827
121953738,2017-12-20T08:27:24.287,BUY,0.07406651,1.14
121953741,2017-12-20T08:27:24.85,BUY,0.07406651,3.30282775
121953757,2017-12-20T08:27:30.207,BUY,0.074066,0.13053679
121953758,2017-12-20T08:27:30.207,BUY,0.07406648,0.40951857
121953771,2017-12-20T08:27:34.6,BUY,0.07406647,0.01192134
121953775,2017-12-20T08:27:36.003,BUY,0.07406646,0.05
121953780,2017-12-20T08:27:37.863,BUY,0.074066,0.08987988
121953781,2017-12-20T08:27:37.863,BUY,0.07406645,1.91012012
121953812,2017-12-20T08:27:52.787,BUY,0.07406647,0.01003722
121953816,2017-12-20T08:27:55.05,BUY,0.07406647,0.00829651
121953817,2017-12-20T08:27:55.05,BUY,0.07406647,0.01566322
121953893,2017-12-20T08:28:21.94,BUY,0.07406599,0.43734479
121953903,2017-12-20T08:28:28.067,BUY,0.07406596,0.125
121953907,2017-12-20T08:28:29.24,BUY,0.07406595,0.65912623
121953910,2017-12-20T08:28:30.13,SELL,0.07323922,0.00971467
121953954,2017-12-20T08:28:40.973,BUY,0.07406593,0.01542559
121953974,2017-12-20T08:28:43.503,BUY,0.07351482,0.02720539
121953997,2017-12-20T08:28:50.97,BUY,0.07406599,0.312753
121954008,2017-12-20T08:28:53.817,SELL,0.07323941,0.12104779
121954014,2017-12-20T08:28:54.72,SELL,0.07351482,0.06193688
121954020,2017-12-20T08:28:57.27,BUY,0.07351482,0.26089078
121954025,2017-12-20T08:28:59.503,SELL,0.07373536,0.53389491
121954032,2017-12-20T08:28:59.863,BUY,0.07358833,0.31275516
121954039,2017-12-20T08:29:00.58,BUY,0.07358833,0.25150566
121954040,2017-12-20T08:29:00.58,BUY,0.07405599,0.02866179
121954046,2017-12-20T08:29:01.66,BUY,0.07405598,0.2
121954098,2017-12-20T08:29:23.737,BUY,0.07405596,1.56055
121954125,2017-12-20T08:29:31.237,BUY,0.07405593,4.42089145
121954126,2017-12-20T08:29:31.237,SELL,0.07405595,4.38926557
121954153,2017-12-20T08:29:40.86,BUY,0.07406599,2.16
121954212,2017-12-20T08:30:03.25,SELL,0.07405593,0.03
121954213,2017-12-20T08:30:03.25,SELL,0.07323997,3.01964517
121954242,2017-12-20T08:30:14.177,BUY,0.07406598,0.02667123
121954244,2017-12-20T08:30:14.27,SELL,0.07405593,0.03200607
121954248,2017-12-20T08:30:16.287,BUY,0.07339413,0.032
121954249,2017-12-20T08:30:16.287,BUY,0.07406599,0.1003
121954258,2017-12-20T08:30:18.097,SELL,0.07324005,0.03785584
121954261,2017-12-20T08:30:18.613,SELL,0.07324007,0.02827814
121954264,2017-12-20T08:30:19.003,BUY,0.07340914,0.01314642
121954273,2017-12-20T08:30:22.567,SELL,0.07324013,0.5
121954290,2017-12-20T08:30:28.02,SELL,0.07324015,0.08256026
121954307,2017-12-20T08:30:31.46,SELL,0.07324018,0.1
121954317,2017-12-20T08:30:34.867,SELL,0.07324022,1.74600467
121954347,2017-12-20T08:30:44.193,BUY,0.07399998,0.42
121954355,2017-12-20T08:30:46.473,SELL,0.07324025,0.051168
121954365,2017-12-20T08:30:48.833,BUY,0.07399998,0.13513513
121954370,2017-12-20T08:30:50.397,BUY,0.07399998,0.13513513
121954398,2017-12-20T08:30:58.113,BUY,0.07399987,1.84099999
121954404,2017-12-20T08:30:58.85,BUY,0.07399987,0.13513513
121954410,2017-12-20T08:31:00.223,SELL,0.07324048,0.13579716
121954411,2017-12-20T08:31:00.24,SELL,0.07324047,0.09235193
121954429,2017-12-20T08:31:07.24,SELL,0.0732405,0.2
121954434,2017-12-20T08:31:08.74,BUY,0.07391111,0.13513513
121954436,2017-12-20T08:31:08.833,BUY,0.07391111,0.01911067
121954437,2017-12-20T08:31:08.833,BUY,0.0739998,0.11602446
121954440,2017-12-20T08:31:09.16,BUY,0.07399979,0.03785584
121954441,2017-12-20T08:31:09.16,BUY,0.0739998,0.09727929
121954453,2017-12-20T08:31:13.973,BUY,0.07399978,0.03501397
121954473,2017-12-20T08:31:19.117,BUY,0.0735,0.05
121954476,2017-12-20T08:31:19.867,SELL,0.0732406,0.02
121954528,2017-12-20T08:31:32.257,BUY,0.07399969,0.01613007
121954536,2017-12-20T08:31:33.337,BUY,0.07399969,1.28735275
121954576,2017-12-20T08:31:47.1,BUY,0.07399959,0.25684412
121954591,2017-12-20T08:31:55.617,BUY,0.0739995,1.23841806
121954624,2017-12-20T08:32:09.6,SELL,0.07399941,0.8994
121954632,2017-12-20T08:32:11.57,SELL,0.07399941,1.98194953
121954633,2017-12-20T08:32:11.63,SELL,0.07324086,0.12777162
121954642,2017-12-20T08:32:14.273,BUY,0.07362941,0.54227549
121954643,2017-12-20T08:32:14.273,BUY,0.07362941,0.54227549
121954644,2017-12-20T08:32:14.273,BUY,0.07362941,0.47794902
121954656,2017-12-20T08:32:15.68,BUY,0.07362941,0.00945953
121954665,2017-12-20T08:32:17.773,BUY,0.07362941,0.04893384
121954668,2017-12-20T08:32:18.367,BUY,0.07362941,0.0059331
121954669,2017-12-20T08:32:18.367,BUY,0.07399932,0.01079929
121954694,2017-12-20T08:32:23.523,BUY,0.07399932,0.21103169
121954695,2017-12-20T08:32:23.523,BUY,0.07399932,1.35146831
121954699,2017-12-20T08:32:25.913,SELL,0.07362941,0.05025166
121954703,2017-12-20T08:32:28.13,BUY,0.07347745,0.32069292
121954735,2017-12-20T08:32:36.397,BUY,0.07347745,0.43501819
121954746,2017-12-20T08:32:39.833,SELL,0.07347745,0.4107
121954754,2017-12-20T08:32:43.46,SELL,0.07347745,0.02366333
121954760,2017-12-20T08:32:44.473,BUY,0.07399924,0.0156101
121954762,2017-12-20T08:32:44.57,BUY,0.07399924,0.4
121954767,2017-12-20T08:32:46.193,SELL,0.07347745,1.548e-05
121954775,2017-12-20T08:32:48.1,BUY,0.07347745,0.05568646
121954791,2017-12-20T08:32:54.193,BUY,0.0739,0.50200149
121954795,2017-12-20T08:32:54.897,BUY,0.0739,0.10128049
121954798,2017-12-20T08:32:55.02,BUY,0.0739,2.4868
121954811,2017-12-20T08:32:57.833,BUY,0.07389999,2.8384
121954814,2017-12-20T08:32:58.177,BUY,0.07389999,2.8384
121954819,2017-12-20T08:32:58.96,BUY,0.07389999,0.4185532
121954826,2017-12-20T08:33:00.63,BUY,0.07389999,0.31302208
121954829,2017-12-20T08:33:00.677,BUY,0.07389999,4.6732412
121954850,2017-12-20T08:33:09.177,BUY,0.07389991,0.01349797
121954856,2017-12-20T08:33:11.053,BUY,0.07389991,0.53860517
121954870,2017-12-20T08:33:15.46,BUY,0.0739,1.5625
121954880,2017-12-20T08:33:17.723,BUY,0.0739,2.98
121954902,2017-12-20T08:33:27.52,BUY,0.07389,0.02
121954903,2017-12-20T08:33:27.52,BUY,0.0739,0.18297699
121954906,2017-12-20T08:33:30.583,SELL,0.07389999,2.75999999
121954908,2017-12-20T08:33:32.96,SELL,0.07347763,0.69414222
121954922,2017-12-20T08:33:38.863,SELL,0.07360889,0.58437185
121954927,2017-12-20T08:33:40.113,BUY,0.07389,0.02984472
121954940,2017-12-20T08:33:45.99,BUY,0.07389,0.01088578
121954943,2017-12-20T08:33:47.46,SELL,0.07347766,0.2391
121954947,2017-12-20T08:33:48.943,BUY,0.07388992,0.06765899
121954958,2017-12-20T08:33:53.973,BUY,0.07388992,0.01309067
121954962,2017-12-20T08:33:54.647,BUY,0.07389,0.0872695
121954967,2017-12-20T08:33:56.363,SELL,0.07389,0.10648872
121954968,2017-12-20T08:33:56.363,SELL,0.07347766,1.42819419
121954980,2017-12-20T08:34:02.02,SELL,0.0734777,0.08363325
121955020,2017-12-20T08:34:18.55,SELL,0.07347776,0.71473339
121955027,2017-12-20T08:34:20.05,SELL,0.07347776,0.15374511
121955028,2017-12-20T08:34:20.05,SELL,0.07347774,0.40295489
121955052,2017-12-20T08:34:30.333,SELL,0.07347776,2.1318
121955055,2017-12-20T08:34:31.143,SELL,0.07347777,0.01252323
121955065,2017-12-20T08:34:35.973,SELL,0.0734777,0.13
121955087,2017-12-20T08:34:43.143,BUY,0.07389991,0.04113151
121955095,2017-12-20T08:34:48.613,SELL,0.07347777,0.2
121955108,2017-12-20T08:34:55.63,SELL,0.07347777,2.04315175
121955110,2017-12-20T08:34:55.91,BUY,0.07389991,0.18492219
121955116,2017-12-20T08:34:57.13,BUY,0.07389991,0.26348437
121955117,2017-12-20T08:34:57.13,BUY,0.07389999,3.0
121955118,2017-12-20T08:34:57.13,BUY,0.0739,10.83085963
121955124,2017-12-20T08:34:59.643,BUY,0.07389991,0.71141137
121955125,2017-12-20T08:34:59.643,BUY,0.0739,3.68458043
121955126,2017-12-20T08:34:59.643,BUY,0.0739,2.46278587
121955127,2017-12-20T08:34:59.643,BUY,0.0739,0.15
121955128,2017-12-20T08:34:59.643,BUY,0.074,0.53405115
121955129,2017-12-20T08:34:59.643,BUY,0.074,0.35651261
121955130,2017-12-20T08:34:59.643,BUY,0.07406599,0.0090048
121955131,2017-12-20T08:34:59.643,BUY,0.074066,4.27407577
121955157,2017-12-20T08:35:07.003,BUY,0.074066,0.71141109
121955158,2017-12-20T08:35:07.003,BUY,0.0740668,0.01275132
121955159,2017-12-20T08:35:07.003,BUY,0.07407026,0.02473903
121955160,2017-12-20T08:35:07.003,BUY,0.07409333,0.38631318
121955183,2017-12-20T08:35:16.27,BUY,0.0743,0.01
121955186,2017-12-20T08:35:18.037,SELL,0.0743,0.0466482
121955197,2017-12-20T08:35:21.207,BUY,0.07432406,0.01345459
121955202,2017-12-20T08:35:22.41,SELL,0.07348044,0.2682
121955218,2017-12-20T08:35:27.44,BUY,0.07432406,0.03302426
121955219,2017-12-20T08:35:27.44,BUY,0.07438361,0.01080883
121955220,2017-12-20T08:35:27.44,BUY,0.0743837,0.01080881
121955221,2017-12-20T08:35:27.44,BUY,0.07438437,0.08067609
121955230,2017-12-20T08:35:29.643,BUY,0.07438437,0.13531799
121955231,2017-12-20T08:35:29.753,SELL,0.0743,0.03847356
121955247,2017-12-20T08:35:36.113,BUY,0.07438362,0.21256941
121955251,2017-12-20T08:35:36.83,SELL,0.0743,0.61559659
121955252,2017-12-20T08:35:36.83,SELL,0.07348118,0.01088714
121955253,2017-12-20T08:35:36.83,SELL,0.0734806,2.44329015
121955261,2017-12-20T08:35:39.033,BUY,0.07438361,0.01080883
121955262,2017-12-20T08:35:39.033,BUY,0.07438362,0.12362796
121955271,2017-12-20T08:35:41.863,SELL,0.0743,0.48871591
121955273,2017-12-20T08:35:41.91,BUY,0.07438287,0.01080893
121955274,2017-12-20T08:35:41.91,BUY,0.07438362,0.10254419
121955275,2017-12-20T08:35:41.927,BUY,0.07438445,0.02108367
121955283,2017-12-20T08:35:44.783,SELL,0.0743,0.54251815
121955285,2017-12-20T08:35:44.987,BUY,0.07438445,0.13443679
121955287,2017-12-20T08:35:45.13,SELL,0.0743,0.54251815
121955292,2017-12-20T08:35:48.44,BUY,0.07438445,0.026879
121955296,2017-12-20T08:35:49.067,BUY,0.07438445,0.13443679
121955298,2017-12-20T08:35:49.863,SELL,0.0743,0.12816191
121955300,2017-12-20T08:35:51.473,SELL,0.0743,0.02037202
121955306,2017-12-20T08:35:54.723,BUY,0.07438445,0.00719094
121955307,2017-12-20T08:35:54.723,BUY,0.07438818,0.09483771
121955308,2017-12-20T08:35:54.723,BUY,0.07441151,0.03240814
121955314,2017-12-20T08:35:57.41,BUY,0.07441151,0.13443679
121955317,2017-12-20T08:35:57.753,BUY,0.07441151,0.13443679
121955322,2017-12-20T08:36:00.033,SELL,0.0743,0.08388631
121955327,2017-12-20T08:36:01.003,BUY,0.07371664,1.369e-05
121955328,2017-12-20T08:36:01.003,BUY,0.07371805,0.0839
121955329,2017-12-20T08:36:01.003,BUY,0.07438445,0.27942292
121955330,2017-12-20T08:36:01.003,BUY,0.07438814,0.07489474
121955331,2017-12-20T08:36:01.003,BUY,0.07441151,0.05475006
121955342,2017-12-20T08:36:06.347,BUY,0.07348344,0.01088673
121955348,2017-12-20T08:36:06.567,BUY,0.07348344,0.00287932
121955349,2017-12-20T08:36:06.567,BUY,0.07433717,0.02690444
121955350,2017-12-20T08:36:06.567,BUY,0.07441151,0.12728255
121955352,2017-12-20T08:36:06.58,BUY,0.07441437,0.37294183
121955353,2017-12-20T08:36:06.58,BUY,0.07447401,0.10768792
121955354,2017-12-20T08:36:06.58,BUY,0.07448667,0.13385716
121955355,2017-12-20T08:36:06.58,BUY,0.07449758,10.93951449
121955364,2017-12-20T08:36:09.44,BUY,0.07449683,0.0107924
121955365,2017-12-20T08:36:09.44,BUY,0.07449759,0.12359163
121955370,2017-12-20T08:36:10.143,BUY,0.07449759,0.13438403
121955384,2017-12-20T08:36:12.72,BUY,0.07441151,0.06937363
121955385,2017-12-20T08:36:12.72,BUY,0.07449683,0.0107924
121955386,2017-12-20T08:36:12.72,BUY,0.07449758,0.054218
121955391,2017-12-20T08:36:14.47,BUY,0.07449759,0.13438403
121955394,2017-12-20T08:36:15.41,SELL,0.07348574,0.18278881
121955401,2017-12-20T08:36:17.393,BUY,0.07449683,0.0107924
121955402,2017-12-20T08:36:17.393,BUY,0.07449759,0.12359163
121955409,2017-12-20T08:36:19.19,BUY,0.07449682,0.03649013
121955426,2017-12-20T08:36:24.317,BUY,0.07449684,0.0107924
121955427,2017-12-20T08:36:24.317,BUY,0.07449758,0.12359163
121955434,2017-12-20T08:36:27.377,BUY,0.07449758,0.03523028
121955435,2017-12-20T08:36:27.377,BUY,0.07449758,0.09915375
121955437,2017-12-20T08:36:27.817,SELL,0.07348902,0.01088597
121955441,2017-12-20T08:36:28.94,BUY,0.07348829,0.13793949
121955445,2017-12-20T08:36:29.533,BUY,0.07348829,1.254e-05
121955446,2017-12-20T08:36:29.533,BUY,0.07449684,0.0107924
121955447,2017-12-20T08:36:29.533,BUY,0.07449758,0.12357909
121955459,2017-12-20T08:36:32.237,SELL,0.0734883,0.3159
121955463,2017-12-20T08:36:32.737,SELL,0.0734883,0.553959
121955498,2017-12-20T08:36:39.503,BUY,0.07449683,0.0107924
121955499,2017-12-20T08:36:39.503,BUY,0.07449683,0.0107924
121955500,2017-12-20T08:36:39.503,BUY,0.07449758,0.11279923
121955506,2017-12-20T08:36:40.567,SELL,0.074,0.035
121955513,2017-12-20T08:36:42.52,BUY,0.07449758,0.13438403
121955515,2017-12-20T08:36:42.55,BUY,0.07449758,0.12030632
121955516,2017-12-20T08:36:42.55,BUY,0.07449759,0.01407771
121955524,2017-12-20T08:36:45.003,BUY,0.07449758,0.13438403
121955528,2017-12-20T08:36:46.66,BUY,0.07449758,2.69104229
121955530,2017-12-20T08:36:47.847,SELL,0.074,0.465
121955541,2017-12-20T08:36:49.533,BUY,0.07449757,0.13423251
121955562,2017-12-20T08:36:54.253,BUY,0.07449683,0.0107924
121955563,2017-12-20T08:36:54.253,BUY,0.07449756,0.12344011
121955573,2017-12-20T08:36:58.36,BUY,0.07449682,0.0107924
121955582,2017-12-20T08:36:59.487,BUY,0.07449754,0.13423251
121955585,2017-12-20T08:36:59.55,BUY,0.07449754,0.13423251
121955595,2017-12-20T08:37:00.533,SELL,0.07449682,0.0107924
121955603,2017-12-20T08:37:02.41,BUY,0.07449754,0.13423251
121955606,2017-12-20T08:37:02.783,SELL,0.07449682,0.0263518
121955608,2017-12-20T08:37:03.55,SELL,0.07449682,0.01049157
121955621,2017-12-20T08:37:07.643,BUY,0.07369402,0.0105
121955622,2017-12-20T08:37:07.643,BUY,0.07449682,0.033
121955623,2017-12-20T08:37:07.643,BUY,0.07449754,0.09073251
121955632,2017-12-20T08:37:09.143,BUY,0.07449681,0.13423251
121955639,2017-12-20T08:37:11.767,BUY,0.07449681,0.13423251
121955664,2017-12-20T08:37:17.83,BUY,0.07439682,0.01476558
121955691,2017-12-20T08:37:22.44,BUY,0.07439607,0.01080702
121955692,2017-12-20T08:37:22.44,BUY,0.07439682,0.12360736
121955704,2017-12-20T08:37:24.487,BUY,0.07439681,0.13441438
121955706,2017-12-20T08:37:24.487,BUY,0.07439681,0.13441438
121955709,2017-12-20T08:37:27.063,SELL,0.07369402,0.1
121955714,2017-12-20T08:37:28.25,BUY,0.07439607,0.01080702
121955715,2017-12-20T08:37:28.25,BUY,0.0743968,0.02615413
121955716,2017-12-20T08:37:28.25,BUY,0.07439681,0.09745323
121955722,2017-12-20T08:37:29.157,BUY,0.07364868,0.1
121955725,2017-12-20T08:37:29.237,BUY,0.07439681,0.13441438
121955728,2017-12-20T08:37:29.517,BUY,0.07439681,0.13441438
121955743,2017-12-20T08:37:32.44,BUY,0.07439607,0.01080702
121955744,2017-12-20T08:37:32.44,BUY,0.07439679,0.12360736
121955787,2017-12-20T08:37:44.517,BUY,0.074396,0.01080703
121955788,2017-12-20T08:37:44.517,BUY,0.07439605,0.01080702
121955797,2017-12-20T08:37:46.377,SELL,0.07439605,0.08978738
121955801,2017-12-20T08:37:48.44,SELL,0.07439605,5.7e-07
121955802,2017-12-20T08:37:48.453,SELL,0.07350101,0.15112244
121955805,2017-12-20T08:37:49.157,BUY,0.07439597,0.13441438
121955814,2017-12-20T08:37:50.173,BUY,0.074,0.12097301
121955834,2017-12-20T08:37:53.39,SELL,0.07350174,0.01088409
121955835,2017-12-20T08:37:53.407,SELL,0.07350109,0.0197564
121955838,2017-12-20T08:37:53.517,BUY,0.074,0.07902699
121955839,2017-12-20T08:37:53.517,BUY,0.07439595,0.05538739
121955841,2017-12-20T08:37:54.11,BUY,0.07439522,0.01080714
121955842,2017-12-20T08:37:54.11,BUY,0.07439595,0.03439999
121955843,2017-12-20T08:37:54.11,BUY,0.07439597,0.08920725
121955846,2017-12-20T08:37:54.64,BUY,0.07439596,0.13441438
121955852,2017-12-20T08:37:55.737,BUY,0.07439596,2.67493599
121955854,2017-12-20T08:37:56.313,BUY,0.07439596,0.36023408
121955871,2017-12-20T08:37:59.127,BUY,0.07439342,0.13441582
121955873,2017-12-20T08:37:59.593,BUY,0.07439342,0.01752146
121955874,2017-12-20T08:37:59.593,BUY,0.07439595,0.11689436
121955886,2017-12-20T08:38:03.423,SELL,0.07350182,0.01088408
121955887,2017-12-20T08:38:03.423,SELL,0.07350112,0.1235303
121955893,2017-12-20T08:38:04.14,BUY,0.07439521,0.01080714
121955894,2017-12-20T08:38:04.14,BUY,0.07439595,0.12360868
121955900,2017-12-20T08:38:05.36,BUY,0.07435,0.13441582
121955907,2017-12-20T08:38:06.267,BUY,0.07435,0.05376819
121955920,2017-12-20T08:38:08.44,SELL,0.0743,0.02550791
121955926,2017-12-20T08:38:09.11,BUY,0.07435,0.13441582
121955931,2017-12-20T08:38:09.533,BUY,0.07435,0.13441582
121955936,2017-12-20T08:38:11.953,SELL,0.0743,1.7e-07
121955940,2017-12-20T08:38:12.75,BUY,0.07435,0.03885317
121955941,2017-12-20T08:38:12.75,BUY,0.07439521,0.01080714
121955942,2017-12-20T08:38:12.75,BUY,0.07439592,0.02615412
121955943,2017-12-20T08:38:12.75,BUY,0.07439593,0.05860139
121955944,2017-12-20T08:38:13.173,SELL,0.07350374,0.02
121955947,2017-12-20T08:38:14.547,BUY,0.07434995,0.13441582
121955948,2017-12-20T08:38:15.173,SELL,0.07350374,1.09314596
121955959,2017-12-20T08:38:17.11,BUY,0.07429998,0.02017484
121955961,2017-12-20T08:38:17.453,BUY,0.07429998,0.0796163
121955971,2017-12-20T08:38:19.22,BUY,0.07429998,0.13441582
121955984,2017-12-20T08:38:24.25,BUY,0.07429994,0.13441582
121956015,2017-12-20T08:38:32.923,BUY,0.07429922,0.0108211
121956016,2017-12-20T08:38:32.923,BUY,0.07429992,0.1235303
121956017,2017-12-20T08:38:32.923,BUY,0.07429993,0.59138347
121956019,2017-12-20T08:38:33.627,SELL,0.07350629,0.02036692
121956030,2017-12-20T08:38:36.517,BUY,0.07429993,1.78451938
121956031,2017-12-20T08:38:36.72,SELL,0.07350629,0.7622
121956045,2017-12-20T08:38:42.33,SELL,0.07429994,0.14795159
121956046,2017-12-20T08:38:43.017,SELL,0.07429994,1.01e-06
121956065,2017-12-20T08:38:53.907,SELL,0.07350778,1.84
121956067,2017-12-20T08:38:54.33,BUY,0.07421787,0.06187022
121956089,2017-12-20T08:39:10.47,SELL,0.07350852,0.02713987
121956090,2017-12-20T08:39:10.47,SELL,0.07350851,0.01088309
121956091,2017-12-20T08:39:10.47,SELL,0.07350851,0.01088309
121956092,2017-12-20T08:39:10.47,SELL,0.07350778,0.65755265
121956122,2017-12-20T08:39:23.157,BUY,0.07350852,0.27844332
121956128,2017-12-20T08:39:26.657,BUY,0.0742171,0.08608145
121956129,2017-12-20T08:39:26.657,BUY,0.0742171,0.2
121956133,2017-12-20T08:39:29.233,SELL,0.0742171,0.02713987
121956139,2017-12-20T08:39:32.407,SELL,0.0742171,0.01677868
121956142,2017-12-20T08:39:35.5,SELL,0.07350852,0.27844332
121956143,2017-12-20T08:39:35.5,SELL,0.07350852,0.15713635
121956144,2017-12-20T08:39:35.5,SELL,0.07350851,0.00262033
121956147,2017-12-20T08:39:36.187,BUY,0.07421712,0.01083307
121956148,2017-12-20T08:39:36.187,BUY,0.07421783,1.95455943
121956152,2017-12-20T08:39:38.907,SELL,0.07350924,0.01088298
121956153,2017-12-20T08:39:38.907,SELL,0.07350851,0.26756034
121956157,2017-12-20T08:39:40.86,BUY,0.07421708,0.01083308
121956162,2017-12-20T08:39:43.593,SELL,0.07421782,0.80818162
121956163,2017-12-20T08:39:44.67,SELL,0.07421782,1.385004
121956164,2017-12-20T08:39:45.093,SELL,0.07421782,0.55612931
121956165,2017-12-20T08:39:46.077,SELL,0.07421782,0.01068506
121956167,2017-12-20T08:39:46.297,SELL,0.07421712,0.01591714
121956185,2017-12-20T08:40:00.873,BUY,0.07384673,0.0243748
121956204,2017-12-20T08:40:18.577,SELL,0.07350854,0.06405406
121956205,2017-12-20T08:40:18.577,SELL,0.07350851,0.13691505
121956206,2017-12-20T08:40:18.577,SELL,0.07350777,1.0
121956207,2017-12-20T08:40:18.577,SELL,0.07350642,0.07691523
121956208,2017-12-20T08:40:18.577,SELL,0.07350629,0.00379983
121956209,2017-12-20T08:40:18.577,SELL,0.07350629,1.69226308
121956210,2017-12-20T08:40:18.577,SELL,0.07350629,0.05272136
121956211,2017-12-20T08:40:18.577,SELL,0.07350629,0.01475074
121956212,2017-12-20T08:40:18.577,SELL,0.0735,0.10938571
121956213,2017-12-20T08:40:18.577,SELL,0.0734883,1.0
121956214,2017-12-20T08:40:18.577,SELL,0.07348828,0.13795203
121956215,2017-12-20T08:40:18.577,SELL,0.07348651,0.0836319
121956216,2017-12-20T08:40:18.577,SELL,0.07348035,0.00877745
121956217,2017-12-20T08:40:18.577,SELL,0.07347776,0.00950288
121956218,2017-12-20T08:40:18.577,SELL,0.07347746,0.03437291
121956219,2017-12-20T08:40:18.577,SELL,0.07347745,0.59995777
121956231,2017-12-20T08:40:24.7,BUY,0.07384672,0.28360594
121956236,2017-12-20T08:40:27.077,BUY,0.07381592,0.13577728
121956237,2017-12-20T08:40:27.077,BUY,0.07384672,18.72619406
121956243,2017-12-20T08:40:29.483,SELL,0.07384672,0.034
121956247,2017-12-20T08:40:32.217,SELL,0.07384672,0.19028203
121956256,2017-12-20T08:40:39.013,BUY,0.07384673,0.27863698
121956261,2017-12-20T08:40:44.763,BUY,0.07384673,0.13541566
121956263,2017-12-20T08:40:44.827,BUY,0.07384673,0.08682328
121956264,2017-12-20T08:40:44.827,BUY,0.07384673,0.04859238
121956268,2017-12-20T08:40:46.81,BUY,0.07384673,0.0305312
121956269,2017-12-20T08:40:46.827,BUY,0.07421702,0.10488446
121956290,2017-12-20T08:41:03.467,SELL,0.07384672,0.81052883
121956293,2017-12-20T08:41:04.247,BUY,0.07384679,0.09693338
121956294,2017-12-20T08:41:04.247,BUY,0.07384679,0.01731524
121956295,2017-12-20T08:41:04.247,BUY,0.07421698,0.02116686
121956298,2017-12-20T08:41:04.623,BUY,0.07421698,0.0745287
121956299,2017-12-20T08:41:04.623,BUY,0.07421699,0.06088678
121956300,2017-12-20T08:41:04.98,SELL,0.07384672,0.47653924
121956305,2017-12-20T08:41:09.293,BUY,0.07421699,0.04544162
121956306,2017-12-20T08:41:09.293,BUY,0.074217,0.08997386
121956308,2017-12-20T08:41:10.78,SELL,0.07384679,0.1691
121956310,2017-12-20T08:41:13.64,SELL,0.07384679,0.08987988
121956311,2017-12-20T08:41:13.683,SELL,0.07384679,0.02
121956312,2017-12-20T08:41:15.967,SELL,0.07384679,0.08987988
121956314,2017-12-20T08:41:17.45,SELL,0.07384679,1.68370251
121956317,2017-12-20T08:41:18.84,SELL,0.07384679,0.08987988
121956321,2017-12-20T08:41:22.623,BUY,0.07421694,0.06278586
121956322,2017-12-20T08:41:22.623,BUY,0.07421695,0.06976207
121956323,2017-12-20T08:41:22.623,BUY,0.07421696,0.00286755
121956324,2017-12-20T08:41:23.653,SELL,0.07384679,0.05621835
121956325,2017-12-20T08:41:23.98,SELL,0.07384679,0.55131194
121956326,2017-12-20T08:41:24.873,SELL,0.07384679,0.55131194
121956328,2017-12-20T08:41:25.48,SELL,0.07384679,0.41833412
121956330,2017-12-20T08:41:25.653,BUY,0.07421696,0.07464586
121956331,2017-12-20T08:41:25.653,BUY,0.07421697,0.08612601
121956332,2017-12-20T08:41:25.653,BUY,0.074217,0.02816881
121956333,2017-12-20T08:41:25.653,BUY,0.07421701,0.13126964
121956334,2017-12-20T08:41:25.653,BUY,0.07421702,0.04097069
121956335,2017-12-20T08:41:25.653,BUY,0.07421702,0.31482126
121956336,2017-12-20T08:41:25.653,BUY,0.07421702,0.85
121956337,2017-12-20T08:41:25.653,BUY,0.07421703,0.16206128
121956338,2017-12-20T08:41:25.653,BUY,0.07421703,11.81193645
121956341,2017-12-20T08:41:29.857,BUY,0.07421693,0.05650727
121956342,2017-12-20T08:41:29.857,BUY,0.07421702,0.07890821
121956343,2017-12-20T08:41:30.153,SELL,0.07384679,0.74276302
121956344,2017-12-20T08:41:30.56,SELL,0.07384679,0.78332716
121956346,2017-12-20T08:41:32.903,SELL,0.07384679,0.69
121956347,2017-12-20T08:41:32.98,SELL,0.07384679,0.54466976
121956348,2017-12-20T08:41:33.107,SELL,0.07384679,0.30294545
121956349,2017-12-20T08:41:33.107,SELL,0.07384672,0.24172431
121956354,2017-12-20T08:41:37.357,SELL,0.07384672,0.54792185
121956355,2017-12-20T08:41:38.217,SELL,0.07384672,0.54792185
121956358,2017-12-20T08:41:40.03,SELL,0.07384672,11.507013
121956360,2017-12-20T08:41:40.137,BUY,0.07421701,0.12714137
121956361,2017-12-20T08:41:40.137,BUY,0.07421702,0.00759864
121956363,2017-12-20T08:41:41.137,SELL,0.07384672,0.54541025
121956367,2017-12-20T08:41:43.06,SELL,0.07384672,2.04246798
121956374,2017-12-20T08:41:45.62,SELL,0.07384672,0.54539348
121956375,2017-12-20T08:41:45.683,SELL,0.07384672,0.07
121956381,2017-12-20T08:41:49.59,BUY,0.07421701,0.13474001
121956390,2017-12-20T08:41:52.183,SELL,0.07384675,0.54551391
121956393,2017-12-20T08:41:52.653,BUY,0.074217,0.13474001
121956394,2017-12-20T08:41:52.7,SELL,0.07384675,0.99703453
121956395,2017-12-20T08:41:52.7,SELL,0.07384672,0.00296547
121956408,2017-12-20T08:41:57.12,SELL,0.07384672,2.5411
121956416,2017-12-20T08:41:59.433,BUY,0.07421698,0.13474001
121956421,2017-12-20T08:42:02.433,SELL,0.07384672,1.55788171
121956422,2017-12-20T08:42:02.433,SELL,0.07384672,0.06753829
121956439,2017-12-20T08:42:09.37,BUY,0.07421694,0.09575681
121956440,2017-12-20T08:42:09.37,BUY,0.07421695,0.0389832
121956450,2017-12-20T08:42:12.043,BUY,0.07421694,0.04850642
121956454,2017-12-20T08:42:12.653,BUY,0.07421694,0.1347402
121956464,2017-12-20T08:42:14.747,BUY,0.07421693,0.08618112
121956465,2017-12-20T08:42:14.747,BUY,0.07421693,0.04855908
121956488,2017-12-20T08:42:20.527,BUY,0.07421691,0.0698067
121956489,2017-12-20T08:42:20.527,BUY,0.07421692,0.0649335
121956493,2017-12-20T08:42:23.247,BUY,0.07421691,0.0596591
121956499,2017-12-20T08:42:26.357,BUY,0.0742169,0.04850645
121956504,2017-12-20T08:42:29.323,BUY,0.07421689,0.05654344
121956505,2017-12-20T08:42:29.323,BUY,0.0742169,0.01431959
121956506,2017-12-20T08:42:29.323,BUY,0.07421691,0.06387717
121956509,2017-12-20T08:42:29.84,BUY,0.07421688,0.05088909
121956510,2017-12-20T08:42:29.84,BUY,0.07421691,0.08385111
121956514,2017-12-20T08:42:32.653,BUY,0.07421686,0.1347402
121956517,2017-12-20T08:42:35.887,BUY,0.07421686,0.1
121956519,2017-12-20T08:42:37.84,BUY,0.0742168,0.1347402
121956521,2017-12-20T08:42:38.81,BUY,0.0742168,0.0241447
121956525,2017-12-20T08:42:39.81,BUY,0.07421,0.1347402
121956526,2017-12-20T08:42:40.887,SELL,0.07384672,2.5e-07
121956527,2017-12-20T08:42:40.887,SELL,0.07384672,0.01043416
121956531,2017-12-20T08:42:43.73,BUY,0.07384672,0.14001964
121956535,2017-12-20T08:42:44.777,BUY,0.07384672,0.0856303
121956536,2017-12-20T08:42:44.777,BUY,0.07420999,0.0491099
121956538,2017-12-20T08:42:44.98,BUY,0.07420999,0.1347402
121956540,2017-12-20T08:42:47.62,SELL,0.07372962,0.1496
121956543,2017-12-20T08:42:47.683,BUY,0.07414747,0.13475272
121956545,2017-12-20T08:42:47.713,BUY,0.07414747,0.13475272
121956551,2017-12-20T08:42:50.387,SELL,0.07372962,0.00240621
121956552,2017-12-20T08:42:50.387,SELL,0.0736,7.0
121956553,2017-12-20T08:42:50.387,SELL,0.07347745,4.223e-05
121956554,2017-12-20T08:42:50.387,SELL,0.07341322,0.66394302
121956555,2017-12-20T08:42:50.387,SELL,0.07330001,1.2707476
121956556,2017-12-20T08:42:50.387,SELL,0.0733,0.40825375
121956558,2017-12-20T08:42:50.543,BUY,0.07328385,7.19e-06
121956569,2017-12-20T08:42:54.84,SELL,0.07400001,0.04999281
121956574,2017-12-20T08:42:55.247,BUY,0.07414746,0.13475272
121956579,2017-12-20T08:42:57.917,BUY,0.07414746,0.13475272
121956582,2017-12-20T08:42:58.247,BUY,0.07414745,0.13475272
121956583,2017-12-20T08:42:58.933,SELL,0.07400001,0.00574494
121956584,2017-12-20T08:42:58.933,SELL,0.074,0.04999281
121956585,2017-12-20T08:42:58.933,SELL,0.07360001,0.01733517
121956592,2017-12-20T08:43:00.2,BUY,0.07414744,0.13475272
121956593,2017-12-20T08:43:00.463,SELL,0.07360001,0.3468
121956595,2017-12-20T08:43:00.95,SELL,0.07360001,0.32080608
121956607,2017-12-20T08:43:05.933,BUY,0.07414742,0.05837838
121956608,2017-12-20T08:43:05.933,BUY,0.07414742,0.07637434
121956617,2017-12-20T08:43:07.307,BUY,0.07414742,0.0247044
121956619,2017-12-20T08:43:07.683,BUY,0.07414741,0.13475272
121956621,2017-12-20T08:43:07.76,BUY,0.07414741,0.13475272
121956628,2017-12-20T08:43:08.997,SELL,0.07380001,0.06037844
121956629,2017-12-20T08:43:08.997,SELL,0.0738,0.015
121956632,2017-12-20T08:43:09.34,BUY,0.07414741,0.13475272
121956637,2017-12-20T08:43:11.417,SELL,0.07326688,0.03963769
121956638,2017-12-20T08:43:11.417,SELL,0.07324013,0.13703716
121956639,2017-12-20T08:43:11.417,SELL,0.07323923,0.12825
121956640,2017-12-20T08:43:11.417,SELL,0.07323922,1.36588865
121956641,2017-12-20T08:43:11.417,SELL,0.07323791,0.06813212
121956642,2017-12-20T08:43:11.417,SELL,0.07323403,0.05701278
121956643,2017-12-20T08:43:11.417,SELL,0.07323403,0.2
121956645,2017-12-20T08:43:11.51,BUY,0.07321384,0.01092286
121956651,2017-12-20T08:43:15.323,SELL,0.07323923,0.09642281
121956652,2017-12-20T08:43:15.323,SELL,0.0732,0.1912568
121956655,2017-12-20T08:43:15.76,BUY,0.07319459,0.13475272
121956659,2017-12-20T08:43:16.307,SELL,0.07319054,0.02725779
121956660,2017-12-20T08:43:16.307,SELL,0.07319051,0.20306936
121956664,2017-12-20T08:43:17.073,BUY,0.07318601,0.20765633
121956670,2017-12-20T08:43:18.26,BUY,0.07319458,2.9878
121956671,2017-12-20T08:43:19.09,SELL,0.07319052,0.19469869
121956672,2017-12-20T08:43:19.09,SELL,0.07318601,0.03560131
121956675,2017-12-20T08:43:19.7,BUY,0.07319458,0.32
121956678,2017-12-20T08:43:19.9,BUY,0.07319458,0.13475272
121956692,2017-12-20T08:43:24.87,SELL,0.07319458,3.4978
121956698,2017-12-20T08:43:26.4,BUY,0.07349671,0.12844369
121956699,2017-12-20T08:43:26.4,BUY,0.0741466,0.00642407
121956701,2017-12-20T08:43:27.12,BUY,0.0741466,0.13486776
121956706,2017-12-20T08:43:28.167,SELL,0.07319713,0.42263761
121956707,2017-12-20T08:43:28.167,SELL,0.07319531,0.01092966
121956708,2017-12-20T08:43:28.167,SELL,0.07319458,2.770608
121956709,2017-12-20T08:43:28.167,SELL,0.07319458,2.9791
121956710,2017-12-20T08:43:28.167,SELL,0.07319458,3.89267563
121956711,2017-12-20T08:43:28.167,SELL,0.07319457,0.14859
121956712,2017-12-20T08:43:28.167,SELL,0.07319313,0.07491827
121956713,2017-12-20T08:43:28.167,SELL,0.07318142,0.3756433
121956714,2017-12-20T08:43:28.167,SELL,0.07317621,0.02
121956715,2017-12-20T08:43:28.167,SELL,0.07317621,0.31420097
121956716,2017-12-20T08:43:28.167,SELL,0.07317549,0.28228427
121956720,2017-12-20T08:43:29.823,BUY,0.07313554,0.13486776
121956721,2017-12-20T08:43:29.84,BUY,0.07313554,0.13486776
121956723,2017-12-20T08:43:29.887,BUY,0.07313554,0.13486776
121956725,2017-12-20T08:43:30.277,BUY,0.0731444,0.06284618
121956729,2017-12-20T08:43:30.713,BUY,0.07314439,2.42771165
121956732,2017-12-20T08:43:32.637,BUY,0.07314439,0.20297698
121956734,2017-12-20T08:43:33.167,SELL,0.07313554,2.9679
121956735,2017-12-20T08:43:33.167,SELL,0.07311205,0.03237182
121956736,2017-12-20T08:43:33.167,SELL,0.07309237,0.53722818
121956739,2017-12-20T08:43:34.04,BUY,0.07314439,0.06658551
121956740,2017-12-20T08:43:36.637,SELL,0.07309237,0.33109241
121956741,2017-12-20T08:43:36.637,SELL,0.07308316,0.53794579
121956742,2017-12-20T08:43:36.637,SELL,0.07307785,0.01413301
121956743,2017-12-20T08:43:36.637,SELL,0.0730743,0.01496461
121956744,2017-12-20T08:43:36.637,SELL,0.0730743,0.02342474
121956745,2017-12-20T08:43:36.637,SELL,0.0730743,0.05788009
121956746,2017-12-20T08:43:36.637,SELL,0.0730743,0.01358429
121956747,2017-12-20T08:43:36.637,SELL,0.07307207,0.0374141
121956748,2017-12-20T08:43:36.637,SELL,0.07300961,13.96956096
121956752,2017-12-20T08:43:39.353,BUY,0.0740186,0.06
121956753,2017-12-20T08:43:39.353,BUY,0.07413656,0.07486776
121956757,2017-12-20T08:43:40.073,BUY,0.07413656,0.13486776
121956764,2017-12-20T08:43:41.65,BUY,0.07414581,0.13486776
121956771,2017-12-20T08:43:44.807,SELL,0.07336455,0.0109
121956773,2017-12-20T08:43:44.823,BUY,0.07412654,0.13486776
121956787,2017-12-20T08:43:47.417,SELL,0.07336455,4.44e-06
121956788,2017-12-20T08:43:47.433,SELL,0.07313554,0.01089556
121956790,2017-12-20T08:43:48.447,SELL,0.07313554,0.10141432
121956791,2017-12-20T08:43:48.447,SELL,0.07301034,0.01095735
121956792,2017-12-20T08:43:48.447,SELL,0.07300962,3.85725149
121956793,2017-12-20T08:43:48.447,SELL,0.07300959,0.91019166
121956794,2017-12-20T08:43:48.447,SELL,0.07300088,0.04751477
121956795,2017-12-20T08:43:48.447,SELL,0.07300001,1.02739712
121956796,2017-12-20T08:43:48.447,SELL,0.073,8.10887329
121956797,2017-12-20T08:43:49.137,SELL,0.073,3.45169333
121956798,2017-12-20T08:43:49.137,SELL,0.073,0.36
121956799,2017-12-20T08:43:49.137,SELL,0.073,0.02096854
121956800,2017-12-20T08:43:49.137,SELL,0.073,0.01366438
121956801,2017-12-20T08:43:49.137,SELL,0.07298047,0.01366848
121956802,2017-12-20T08:43:49.137,SELL,0.07297885,0.01400527
121956804,2017-12-20T08:43:49.4,BUY,0.07314439,0.09293397
121956807,2017-12-20T08:43:50.713,SELL,0.07310225,0.85076148
121956808,2017-12-20T08:43:50.73,SELL,0.07300002,1.02806659
121956809,2017-12-20T08:43:50.73,SELL,0.07297885,2.037e-05
121956811,2017-12-20T08:43:50.853,BUY,0.072963,1.99515156
121956815,2017-12-20T08:43:51.95,SELL,0.07300968,0.2511
121956817,2017-12-20T08:43:53.15,BUY,0.07314439,0.09354261
121956818,2017-12-20T08:43:53.15,BUY,0.07412649,2.32463199
121956820,2017-12-20T08:43:54.387,BUY,0.07412648,0.13486776
121956822,2017-12-20T08:43:54.463,BUY,0.07412648,0.13486776
121956824,2017-12-20T08:43:54.59,BUY,0.07412648,0.13486776
121956826,2017-12-20T08:43:55.01,BUY,0.07412648,0.13486776
121956834,2017-12-20T08:43:58.84,BUY,0.07412394,0.01618853
121956837,2017-12-20T08:43:59.51,BUY,0.07412645,0.13490925
121956854,2017-12-20T08:44:02.823,BUY,0.074,0.13490925
121956860,2017-12-20T08:44:04.84,BUY,0.07399999,0.13490925
121956865,2017-12-20T08:44:07.713,BUY,0.07399998,0.13490925
121956867,2017-12-20T08:44:07.747,BUY,0.07399998,0.13490925
121956868,2017-12-20T08:44:08.027,SELL,0.07301885,0.02739018
121956869,2017-12-20T08:44:08.027,SELL,0.07301034,0.01095735
121956870,2017-12-20T08:44:08.027,SELL,0.07300961,0.09656172
121956878,2017-12-20T08:44:09.807,BUY,0.07399997,0.13490925
121956898,2017-12-20T08:44:17.743,BUY,0.07399663,0.0344782
121956899,2017-12-20T08:44:17.743,BUY,0.07399671,0.01086534
121956900,2017-12-20T08:44:17.743,BUY,0.07399743,0.08956571
121956902,2017-12-20T08:44:19.417,BUY,0.07398744,0.13490925
121956908,2017-12-20T08:44:22.15,SELL,0.07301122,0.02488546
121956909,2017-12-20T08:44:22.15,SELL,0.07301121,7.61736034
121956910,2017-12-20T08:44:22.15,SELL,0.07301114,0.01095723
121956911,2017-12-20T08:44:22.15,SELL,0.07301114,0.01095723
121956912,2017-12-20T08:44:22.15,SELL,0.07301041,7.33583974
121956921,2017-12-20T08:44:24.4,BUY,0.07398741,0.13490925
121956943,2017-12-20T08:44:31.683,SELL,0.07303123,0.02403015
121956944,2017-12-20T08:44:31.683,SELL,0.0730189,0.08783224
121956945,2017-12-20T08:44:31.683,SELL,0.07300961,0.90343828
121956946,2017-12-20T08:44:31.683,SELL,0.07300003,3.27380357
121956948,2017-12-20T08:44:31.823,BUY,0.07296186,0.04689576
121956958,2017-12-20T08:44:34.447,BUY,0.07398658,0.1351596
121956969,2017-12-20T08:44:38.98,BUY,0.07398403,0.40543103
121956970,2017-12-20T08:44:38.98,BUY,0.07398657,0.02725779
121956971,2017-12-20T08:44:38.98,BUY,0.07398658,0.89281119
121956976,2017-12-20T08:44:39.963,BUY,0.07398584,0.01086694
121956977,2017-12-20T08:44:39.963,BUY,0.07398657,0.12429266
121956990,2017-12-20T08:44:43.93,BUY,0.07398583,0.01086694
121956991,2017-12-20T08:44:43.93,BUY,0.07398649,2.74913305
121957002,2017-12-20T08:44:47.057,SELL,0.07304197,0.02238845
121957009,2017-12-20T08:44:49.4,BUY,0.07302348,0.11941155
121957010,2017-12-20T08:44:49.4,BUY,0.07398576,0.01086695
121957011,2017-12-20T08:44:49.4,BUY,0.07398647,0.0048811
121957025,2017-12-20T08:44:53.603,SELL,0.07303196,0.0109541
121957026,2017-12-20T08:44:53.603,SELL,0.07303123,0.1084459
121957030,2017-12-20T08:44:54.917,SELL,0.07303196,0.0109541
121957031,2017-12-20T08:44:54.917,SELL,0.07303123,0.3915541
121957032,2017-12-20T08:44:54.917,SELL,0.07302348,0.11941155
121957040,2017-12-20T08:44:56.633,SELL,0.07303196,0.0109541
121957048,2017-12-20T08:44:59.54,BUY,0.07301346,14.534269
121957051,2017-12-20T08:45:00.48,BUY,0.07301346,2.009
121957054,2017-12-20T08:45:01.383,BUY,0.07301346,1.621831
121957059,2017-12-20T08:45:02.48,SELL,0.07374359,1.01703751
121957069,2017-12-20T08:45:06.027,SELL,0.07376217,0.0124986
121957072,2017-12-20T08:45:06.947,SELL,0.07374359,0.0425
121957075,2017-12-20T08:45:07.87,SELL,0.07374359,0.10046249
121957076,2017-12-20T08:45:07.87,SELL,0.07374359,0.042499
121957077,2017-12-20T08:45:08.087,SELL,0.07374359,0.0253035
121957078,2017-12-20T08:45:08.087,SELL,0.07314439,0.14769068
121957079,2017-12-20T08:45:08.087,SELL,0.07301517,0.02739156
121957080,2017-12-20T08:45:08.087,SELL,0.0730135,0.01506571
121957081,2017-12-20T08:45:08.087,SELL,0.07301346,1.498569
121957082,2017-12-20T08:45:08.087,SELL,0.07301346,0.20257955
121957088,2017-12-20T08:45:09.837,SELL,0.07301346,0.09637884
121957097,2017-12-20T08:45:12.167,SELL,0.07300328,0.1813
121957101,2017-12-20T08:45:14.15,BUY,0.07366984,0.14296249
121957102,2017-12-20T08:45:14.15,BUY,0.07374285,0.01090275
121957103,2017-12-20T08:45:14.15,BUY,0.07374359,0.11973476
121957110,2017-12-20T08:45:15.103,SELL,0.07374285,0.01090275
121957121,2017-12-20T08:45:17.463,SELL,0.07374285,0.17894616
121957122,2017-12-20T08:45:17.463,SELL,0.073042,0.08565384
121957132,2017-12-20T08:45:18.883,BUY,0.07374349,0.89
121957136,2017-12-20T08:45:21.023,SELL,0.073042,3.086e-05
121957140,2017-12-20T08:45:21.773,BUY,0.07302515,0.04246068
121957150,2017-12-20T08:45:23.493,BUY,0.07302515,0.22210846
121957156,2017-12-20T08:45:26.15,SELL,0.07300402,0.02732743
121957157,2017-12-20T08:45:26.15,SELL,0.07300401,0.0109583
121957158,2017-12-20T08:45:26.15,SELL,0.07300401,0.0109583
121957159,2017-12-20T08:45:26.15,SELL,0.07300401,0.0109583
121957160,2017-12-20T08:45:26.15,SELL,0.07300329,0.00953453
121957161,2017-12-20T08:45:26.15,SELL,0.07300328,1.73532116
121957170,2017-12-20T08:45:29.34,BUY,0.07296151,1.7941
121957172,2017-12-20T08:45:29.417,BUY,0.07298127,0.03154198
121957178,2017-12-20T08:45:32.743,BUY,0.07374272,0.01854285
121957180,2017-12-20T08:45:33.447,SELL,0.07298455,2.29562176
121957181,2017-12-20T08:45:33.447,SELL,0.0729615,0.02055878
121957182,2017-12-20T08:45:33.447,SELL,0.07295803,0.10719601
121957183,2017-12-20T08:45:33.447,SELL,0.07295,0.12306374
121957184,2017-12-20T08:45:33.447,SELL,0.07295,0.02083838
121957185,2017-12-20T08:45:33.447,SELL,0.07294298,0.08639214
121957186,2017-12-20T08:45:33.447,SELL,0.07294298,0.21141994
121957200,2017-12-20T08:45:39.18,BUY,0.07324331,0.02730624
121957201,2017-12-20T08:45:39.18,BUY,0.0737421,0.10819658
121957204,2017-12-20T08:45:39.993,SELL,0.07298455,0.38268633
121957210,2017-12-20T08:45:41.68,BUY,0.07297722,1.367e-05
121957218,2017-12-20T08:45:42.82,BUY,0.07374198,0.01090288
121957219,2017-12-20T08:45:42.82,BUY,0.07374271,0.12459994
121957221,2017-12-20T08:45:43.713,SELL,0.07300328,0.13748014
121957222,2017-12-20T08:45:43.713,SELL,0.07299572,0.01095954
121957223,2017-12-20T08:45:43.713,SELL,0.072995,0.23426032
121957229,2017-12-20T08:45:47.93,BUY,0.07374197,0.02732743
121957230,2017-12-20T08:45:47.93,BUY,0.07374197,0.01090288
121957231,2017-12-20T08:45:47.93,BUY,0.07374208,0.09737762
121957234,2017-12-20T08:45:48.29,BUY,0.07301346,0.13560793
121957236,2017-12-20T08:45:48.32,SELL,0.07300328,1.7
121957238,2017-12-20T08:45:49.227,BUY,0.07301346,0.06227945
121957240,2017-12-20T08:45:49.337,BUY,0.07301346,0.02730624
121957245,2017-12-20T08:45:49.79,BUY,0.07301346,0.13560793
121957260,2017-12-20T08:45:52.023,BUY,0.07301346,0.31100737
121957261,2017-12-20T08:45:52.07,SELL,0.07300328,8.53378989
121957262,2017-12-20T08:45:52.07,SELL,0.07299572,0.01095954
121957263,2017-12-20T08:45:52.07,SELL,0.07299501,6.45525057
121957265,2017-12-20T08:45:52.743,BUY,0.07301346,0.02819108
121957267,2017-12-20T08:45:52.82,BUY,0.07324331,0.13560793
121957273,2017-12-20T08:45:55.04,BUY,0.07324331,0.01668373
121957274,2017-12-20T08:45:55.04,BUY,0.07374127,0.1189242
121957280,2017-12-20T08:45:57.103,BUY,0.07374126,0.24
121957284,2017-12-20T08:45:59.4,BUY,0.07374126,2.75999999
121957291,2017-12-20T08:46:01.07,SELL,0.07301419,0.01095677
121957292,2017-12-20T08:46:01.07,SELL,0.07301346,0.45751056
121957297,2017-12-20T08:46:02.883,BUY,0.07374052,0.01090309
121957298,2017-12-20T08:46:02.883,BUY,0.07374123,0.12470484
121957321,2017-12-20T08:46:12.21,SELL,0.07301419,0.01095677
121957322,2017-12-20T08:46:12.21,SELL,0.07301346,0.04108831
121957323,2017-12-20T08:46:12.21,SELL,0.07300328,0.69965492
121957327,2017-12-20T08:46:12.807,BUY,0.07374049,0.0109031
121957328,2017-12-20T08:46:12.807,BUY,0.07374115,0.12470483
121957329,2017-12-20T08:46:13.18,SELL,0.07300401,0.0109583
121957330,2017-12-20T08:46:13.18,SELL,0.07300328,0.0109271
121957332,2017-12-20T08:46:13.227,BUY,0.07299707,0.13560793
121957335,2017-12-20T08:46:14.337,SELL,0.07301346,0.03917994
121957336,2017-12-20T08:46:14.337,SELL,0.072995,1.09312006
121957347,2017-12-20T08:46:19.79,BUY,0.07374042,0.13560793
121957352,2017-12-20T08:46:20.853,BUY,0.07374041,0.13560793
121957359,2017-12-20T08:46:22.82,BUY,0.07374041,0.13561068
121957360,2017-12-20T08:46:22.853,SELL,0.07300402,0.0109583
121957361,2017-12-20T08:46:22.853,SELL,0.072995,0.03915157
121957362,2017-12-20T08:46:22.853,SELL,0.07298456,0.02733471
121957363,2017-12-20T08:46:22.853,SELL,0.07298456,7.20455542
121957373,2017-12-20T08:46:27.01,SELL,0.07300402,2.92995967
121957374,2017-12-20T08:46:27.023,SELL,0.07298455,4.17684033
121957376,2017-12-20T08:46:27.07,BUY,0.07301346,0.01899999
121957386,2017-12-20T08:46:29.557,BUY,0.07301346,1e-08
121957387,2017-12-20T08:46:29.557,BUY,0.07374036,0.13561067
121957391,2017-12-20T08:46:30.557,BUY,0.07374036,0.13561068
121957401,2017-12-20T08:46:33.23,SELL,0.07298457,0.13560793
121957410,2017-12-20T08:46:35.01,BUY,0.07374029,0.13561068
121957412,2017-12-20T08:46:35.633,SELL,0.07299186,0.51607538
121957413,2017-12-20T08:46:35.633,SELL,0.07298467,0.51607538
121957414,2017-12-20T08:46:35.633,SELL,0.07298455,2.8525577
121957419,2017-12-20T08:46:36.413,BUY,0.07298056,0.08189515
121957421,2017-12-20T08:46:36.46,BUY,0.07298056,9.20829639
121957436,2017-12-20T08:46:39.477,BUY,0.0737396,0.01090323
121957437,2017-12-20T08:46:39.477,BUY,0.07374028,0.12470745
121957439,2017-12-20T08:46:39.477,BUY,0.07374028,0.13561068
121957442,2017-12-20T08:46:40.383,SELL,0.0730133,0.21670442
121957443,2017-12-20T08:46:40.383,SELL,0.07300332,0.07943298
121957456,2017-12-20T08:46:44.993,BUY,0.07300332,0.13561068
121957467,2017-12-20T08:46:49.477,BUY,0.07300332,0.13561068
121957471,2017-12-20T08:46:50.053,BUY,0.07300332,0.05955471
121957476,2017-12-20T08:46:50.727,BUY,0.0737397,0.13561068
121957482,2017-12-20T08:46:52.117,SELL,0.07300332,0.08406505
121957483,2017-12-20T08:46:52.117,SELL,0.07300332,0.19516539
121957485,2017-12-20T08:46:52.367,BUY,0.07300332,0.01095829
121957487,2017-12-20T08:46:52.82,BUY,0.07300332,0.13561068
121957489,2017-12-20T08:46:52.837,BUY,0.07300332,0.13561068
121957491,2017-12-20T08:46:53.617,SELL,0.0729973,0.02739827
121957493,2017-12-20T08:46:54.507,BUY,0.07298527,0.13561068
121957495,2017-12-20T08:46:54.68,BUY,0.07298527,0.13561068
121957499,2017-12-20T08:46:55.257,BUY,0.07298527,0.13561068
121957502,2017-12-20T08:46:55.633,BUY,0.07298527,0.56576969
121957505,2017-12-20T08:46:56.773,BUY,0.07300332,0.12754281
121957506,2017-12-20T08:46:56.773,BUY,0.07373969,0.18472452
121957512,2017-12-20T08:46:57.93,SELL,0.0729973,0.02739827
121957513,2017-12-20T08:46:57.93,SELL,0.07298455,0.13710437
121957514,2017-12-20T08:46:57.93,SELL,0.07298058,0.06210492
121957523,2017-12-20T08:47:00.007,BUY,0.07373895,0.01090332
121957524,2017-12-20T08:47:00.007,BUY,0.07373896,0.01090332
121957525,2017-12-20T08:47:00.007,BUY,0.0737397,0.01475074
121957526,2017-12-20T08:47:00.007,BUY,0.07374052,0.10045651
121957528,2017-12-20T08:47:00.023,BUY,0.07374052,0.13701389
121957533,2017-12-20T08:47:02.243,BUY,0.07374051,0.13701389
121957537,2017-12-20T08:47:03.07,BUY,0.07374051,0.13701389
121957542,2017-12-20T08:47:04.07,BUY,0.07374043,1.53632103
121957544,2017-12-20T08:47:04.803,SELL,0.07300333,2.53156141
121957546,2017-12-20T08:47:05.29,BUY,0.07374043,0.13701389
121957553,2017-12-20T08:47:06.243,SELL,0.07322233,0.23834804
121957554,2017-12-20T08:47:06.243,SELL,0.07300343,0.28561528
121957555,2017-12-20T08:47:06.243,SELL,0.07300333,25.31869937
121957563,2017-12-20T08:47:07.993,BUY,0.0737,0.13701389
121957567,2017-12-20T08:47:10.023,BUY,0.0737,0.13701389
121957569,2017-12-20T08:47:10.07,BUY,0.0737,0.13701389
121957571,2017-12-20T08:47:11.587,SELL,0.07312273,0.04748046
121957572,2017-12-20T08:47:11.587,SELL,0.07300333,0.08953343
121957577,2017-12-20T08:47:12.867,BUY,0.07369999,0.13701389
121957579,2017-12-20T08:47:13.82,BUY,0.07369999,0.13701389
121957584,2017-12-20T08:47:14.257,BUY,0.07369999,1.12527936
121957585,2017-12-20T08:47:14.257,BUY,0.0737,1.46367897
121957593,2017-12-20T08:47:16.93,BUY,0.0737,0.09119045
121957595,2017-12-20T08:47:17.15,BUY,0.0737,0.46132009
121957603,2017-12-20T08:47:20.023,BUY,0.07369925,0.0109092
121957604,2017-12-20T08:47:20.023,BUY,0.0737,0.12610469
121957613,2017-12-20T08:47:23.523,BUY,0.07369917,0.13701389
121957618,2017-12-20T08:47:24.57,BUY,0.07369917,0.13701389
121957620,2017-12-20T08:47:25.07,BUY,0.07369917,0.13701389
121957632,2017-12-20T08:47:30.29,BUY,0.07369917,0.13701389
121957642,2017-12-20T08:47:32.883,BUY,0.07369843,0.01090932
121957643,2017-12-20T08:47:32.883,BUY,0.07369915,0.12477736
121957645,2017-12-20T08:47:32.96,BUY,0.07369915,0.13568668
121957653,2017-12-20T08:47:35.803,BUY,0.07369916,0.03917994
121957654,2017-12-20T08:47:35.803,BUY,0.0737,0.03791332
121957663,2017-12-20T08:47:37.007,SELL,0.07300406,0.01095829
121957664,2017-12-20T08:47:37.007,SELL,0.07300333,0.09524936
121957665,2017-12-20T08:47:37.007,SELL,0.07300333,0.04833584
121957666,2017-12-20T08:47:37.007,SELL,0.07298059,1.70226483
121957672,2017-12-20T08:47:39.54,BUY,0.07369926,0.0109092
121957673,2017-12-20T08:47:39.54,BUY,0.07369992,0.12477748
121957675,2017-12-20T08:47:39.633,BUY,0.07369992,0.13568668
121957684,2017-12-20T08:47:43.587,BUY,0.07369926,0.0109092
121957685,2017-12-20T08:47:43.587,BUY,0.07369992,0.12477748
121957690,2017-12-20T08:47:44.553,BUY,0.07369925,0.02733471
121957691,2017-12-20T08:47:44.553,BUY,0.07369992,0.10835197
121957693,2017-12-20T08:47:44.587,BUY,0.07369992,0.13568668
121957710,2017-12-20T08:47:49.943,BUY,0.07300406,0.13568668
121957712,2017-12-20T08:47:50.087,BUY,0.07300406,0.13568668
121957714,2017-12-20T08:47:50.13,BUY,0.07300406,0.0405269
121957715,2017-12-20T08:47:50.13,BUY,0.0736,0.09515978
121957746,2017-12-20T08:47:55.99,BUY,0.07315775,0.3124
121957750,2017-12-20T08:47:56.897,BUY,0.0736,1.56348
121957758,2017-12-20T08:47:59.727,BUY,0.0736,0.06784328
121957760,2017-12-20T08:47:59.773,BUY,0.0736,0.08750923
121957773,2017-12-20T08:48:03.57,BUY,0.07313592,0.3239
121957777,2017-12-20T08:48:04.663,BUY,0.0736,0.13568668
121957781,2017-12-20T08:48:05.413,SELL,0.07300409,0.08468607
121957782,2017-12-20T08:48:05.413,SELL,0.07300406,0.01358569
121957810,2017-12-20T08:48:12.96,BUY,0.0736,0.05032103
121957811,2017-12-20T08:48:12.96,BUY,0.07369918,0.01090921
121957812,2017-12-20T08:48:12.96,BUY,0.0737,0.07463932
121957820,2017-12-20T08:48:15.1,BUY,0.07369926,0.0109092
121957821,2017-12-20T08:48:15.1,BUY,0.0737,0.12496036
121957825,2017-12-20T08:48:15.897,BUY,0.0737,0.13586956
121957830,2017-12-20T08:48:18.13,BUY,0.07369918,0.13586956
121957873,2017-12-20T08:48:27.303,BUY,0.07369844,0.01090932
121957874,2017-12-20T08:48:27.303,BUY,0.07369918,0.03793789
121957890,2017-12-20T08:48:30.647,BUY,0.07369844,0.01090932
121957891,2017-12-20T08:48:30.647,BUY,0.07369918,0.12496024
121957894,2017-12-20T08:48:31.333,BUY,0.07369918,0.13586956
121957899,2017-12-20T08:48:33.49,BUY,0.07369926,0.01358569
121957900,2017-12-20T08:48:33.49,BUY,0.0737,0.07328157
121957901,2017-12-20T08:48:33.49,BUY,0.0737,0.0490023
121957923,2017-12-20T08:48:39.57,BUY,0.0737,0.13586956
121957925,2017-12-20T08:48:39.723,BUY,0.0737,0.13586956
121957952,2017-12-20T08:48:44.867,BUY,0.07369918,0.01090921
121957953,2017-12-20T08:48:44.867,BUY,0.07369992,0.12477618
121957958,2017-12-20T08:48:45.13,BUY,0.07369992,0.13568539
121957974,2017-12-20T08:48:49.537,BUY,0.07369918,0.01090921
121957975,2017-12-20T08:48:49.537,BUY,0.07369992,0.12477618
121957981,2017-12-20T08:48:50.367,BUY,0.07369918,0.01090921
121957982,2017-12-20T08:48:50.367,BUY,0.07369992,0.12477618
121958004,2017-12-20T08:48:54.647,BUY,0.07369992,0.13568539
121958046,2017-12-20T08:49:04.723,BUY,0.0736991,0.13568539
121958057,2017-12-20T08:49:07.74,SELL,0.07301,0.25
121958060,2017-12-20T08:49:08.943,SELL,0.07301,0.0558216
121958111,2017-12-20T08:49:19.677,BUY,0.0736991,0.13568539
121958122,2017-12-20T08:49:20.38,BUY,0.0736991,0.0106321
121958125,2017-12-20T08:49:20.91,SELL,0.07301007,0.35974944
121958126,2017-12-20T08:49:20.91,SELL,0.07301007,0.35025056
121958194,2017-12-20T08:49:36.24,BUY,0.07369828,0.13568686
121958203,2017-12-20T08:49:39.943,SELL,0.07301086,0.01095727
121958204,2017-12-20T08:49:39.943,SELL,0.07301015,1.2126053
121958219,2017-12-20T08:49:45.1,BUY,0.07369754,0.00927711
121958264,2017-12-20T08:49:59.287,SELL,0.07301273,0.01095699
121958265,2017-12-20T08:49:59.287,SELL,0.07301201,0.12472831
121958270,2017-12-20T08:50:00.223,BUY,0.07369746,0.13568981
121958281,2017-12-20T08:50:02.1,BUY,0.07369746,2.86912477
121958309,2017-12-20T08:50:12.35,SELL,0.07301274,0.01095699
121958310,2017-12-20T08:50:12.35,SELL,0.07301274,0.15746577
121958324,2017-12-20T08:50:18.38,SELL,0.07301274,0.1356853
121958325,2017-12-20T08:50:18.38,SELL,0.07301273,0.51075302
121958360,2017-12-20T08:50:35.19,BUY,0.07369581,0.13569275
121958362,2017-12-20T08:50:35.207,BUY,0.07369581,0.13569275
121958369,2017-12-20T08:50:38.74,BUY,0.07369515,0.0109098
121958371,2017-12-20T08:50:38.8,BUY,0.07369581,0.1425
121958378,2017-12-20T08:50:40.253,BUY,0.07369581,0.13569275
121958379,2017-12-20T08:50:41.457,SELL,0.07369553,0.01526084
121958397,2017-12-20T08:50:45.347,BUY,0.07369507,0.01090982
121958398,2017-12-20T08:50:45.347,BUY,0.0736958,0.12478293
121958411,2017-12-20T08:50:51.94,SELL,0.07369581,0.0339
121958414,2017-12-20T08:50:52.38,SELL,0.07369581,2.323e-05
121958415,2017-12-20T08:50:52.38,SELL,0.07301474,0.02732341
121958416,2017-12-20T08:50:52.38,SELL,0.07301403,0.08719921
121958417,2017-12-20T08:50:52.38,SELL,0.073014,0.52974078
121958418,2017-12-20T08:50:52.38,SELL,0.07301346,0.01095688
121958423,2017-12-20T08:50:54.63,BUY,0.07301273,0.13569275
121958425,2017-12-20T08:50:54.863,BUY,0.07301273,3.382238
121958427,2017-12-20T08:50:56.19,BUY,0.07301273,0.37613112
121958428,2017-12-20T08:50:56.19,BUY,0.07369754,0.49298141
121958429,2017-12-20T08:50:56.19,BUY,0.0736991,1.77067758
121958430,2017-12-20T08:50:56.19,BUY,0.07369992,0.09020989
121958433,2017-12-20T08:50:56.58,BUY,0.07369746,0.13569275
121958437,2017-12-20T08:50:58.317,BUY,0.07369746,0.13569275
121958461,2017-12-20T08:51:10.237,BUY,0.07369671,0.13563068
121958462,2017-12-20T08:51:10.237,BUY,0.07369671,6.06e-05
121958478,2017-12-20T08:51:14.893,BUY,0.07369597,0.01090968
121958479,2017-12-20T08:51:14.893,BUY,0.07369663,0.1247816
121958481,2017-12-20T08:51:15.22,BUY,0.07369663,0.13569128
121958484,2017-12-20T08:51:15.987,BUY,0.07369663,0.02706953
121958502,2017-12-20T08:51:19.673,BUY,0.07369663,0.13569128
121958511,2017-12-20T08:51:24.567,SELL,0.07323176,0.02543645
121958514,2017-12-20T08:51:24.643,BUY,0.07369589,0.01090969
121958515,2017-12-20T08:51:24.643,BUY,0.07369672,0.015
121958516,2017-12-20T08:51:24.643,BUY,0.07369918,0.01090921
121958517,2017-12-20T08:51:24.643,BUY,0.07369991,0.02732341
121958518,2017-12-20T08:51:24.643,BUY,0.07369992,0.07154897
121958521,2017-12-20T08:51:26.173,SELL,0.07369746,0.08
121958523,2017-12-20T08:51:26.627,SELL,0.07369746,0.51075302
121958527,2017-12-20T08:51:28.41,SELL,0.07369746,0.06757893
121958529,2017-12-20T08:51:29.127,SELL,0.07323176,1.47456355
121958531,2017-12-20T08:51:29.44,BUY,0.07311292,0.02543645
121958532,2017-12-20T08:51:29.44,BUY,0.0736,0.11025483
121958534,2017-12-20T08:51:30.127,BUY,0.0736,0.13569128
121958536,2017-12-20T08:51:30.207,BUY,0.0736,0.13569128
121958547,2017-12-20T08:51:38.097,SELL,0.07301204,0.07313671
121958548,2017-12-20T08:51:38.097,SELL,0.07301073,0.01095729
121958549,2017-12-20T08:51:38.097,SELL,0.07301004,0.04992936
121958550,2017-12-20T08:51:38.097,SELL,0.07301,0.00166792
121958552,2017-12-20T08:51:38.22,BUY,0.0736,0.00919231
121958562,2017-12-20T08:51:39.923,BUY,0.0736,0.13569128
121958575,2017-12-20T08:51:42.877,BUY,0.0736,0.04076086
121958599,2017-12-20T08:51:49.237,BUY,0.07301204,0.15330463
121958605,2017-12-20T08:51:50.27,BUY,0.07359926,0.01092402
121958606,2017-12-20T08:51:50.27,BUY,0.07359992,0.12494554
121958626,2017-12-20T08:51:55.3,BUY,0.07359991,0.13586956
121958630,2017-12-20T08:51:55.38,BUY,0.07359991,0.13586956
121958651,2017-12-20T08:51:59.74,BUY,0.07359991,0.13586956
121958662,2017-12-20T08:52:04.8,SELL,0.07323107,0.321
121958665,2017-12-20T08:52:06.847,BUY,0.0736,0.13586956
121958666,2017-12-20T08:52:06.973,SELL,0.07359991,0.03373564
121958667,2017-12-20T08:52:06.973,SELL,0.07323107,2.246e-05
121958672,2017-12-20T08:52:08.457,BUY,0.07317458,0.0338
121958673,2017-12-20T08:52:08.457,BUY,0.07318408,0.2534419
121958676,2017-12-20T08:52:09.677,BUY,0.0736,0.13586956
121958678,2017-12-20T08:52:11.05,BUY,0.0736,0.13586956
121958687,2017-12-20T08:52:16.143,SELL,0.07359999,1.19999999
121958691,2017-12-20T08:52:19.847,BUY,0.07359991,0.10000001
121958692,2017-12-20T08:52:19.847,BUY,0.0736,0.03586955
121958729,2017-12-20T08:52:30.393,BUY,0.0736,0.13586974
121958735,2017-12-20T08:52:32.533,SELL,0.07359999,0.49099999
121958747,2017-12-20T08:52:36.05,BUY,0.0730743,0.061599
121958748,2017-12-20T08:52:36.05,BUY,0.07369892,0.07427074
121958759,2017-12-20T08:52:39.987,BUY,0.07369892,0.13586974
121958771,2017-12-20T08:52:45.19,BUY,0.07369892,0.13586974
121958780,2017-12-20T08:52:47.567,BUY,0.07369892,0.43006834
121958785,2017-12-20T08:52:49.957,SELL,0.0736,0.08888888
121958807,2017-12-20T08:52:57.283,BUY,0.0736,0.01506571
121958808,2017-12-20T08:52:57.283,BUY,0.07369818,0.01090935
121958809,2017-12-20T08:52:57.283,BUY,0.073699,0.1
121958810,2017-12-20T08:52:57.283,BUY,0.07369992,0.00989468
121958854,2017-12-20T08:53:07.69,BUY,0.0736981,0.02713707
121958879,2017-12-20T08:53:27.877,BUY,0.07369728,2.75999999
121958898,2017-12-20T08:53:34.003,BUY,0.07369654,0.0109096
121958901,2017-12-20T08:53:34.36,BUY,0.07369918,0.01090921
121958902,2017-12-20T08:53:34.36,BUY,0.07369992,0.29691013
121958903,2017-12-20T08:53:34.91,SELL,0.07369728,0.11957376
121958930,2017-12-20T08:53:49.127,BUY,0.07369654,0.0109096
121958931,2017-12-20T08:53:49.127,BUY,0.0736972,0.06404364
121958942,2017-12-20T08:53:52.05,SELL,0.07301625,0.01366134
121958943,2017-12-20T08:53:52.05,SELL,0.07301625,0.00432945
121958972,2017-12-20T08:54:01.61,SELL,0.07301626,0.02732285
121958973,2017-12-20T08:54:01.61,SELL,0.07301625,0.01095646
121958974,2017-12-20T08:54:01.61,SELL,0.07301625,0.01095646
121958998,2017-12-20T08:54:22.657,BUY,0.07301625,0.007711
121958999,2017-12-20T08:54:22.657,BUY,0.07351625,0.0031172
121959000,2017-12-20T08:54:22.953,SELL,0.07301554,0.09486148
121959001,2017-12-20T08:54:22.953,SELL,0.07301552,0.55517759
121959002,2017-12-20T08:54:22.953,SELL,0.07301474,0.07474888
121959003,2017-12-20T08:54:22.97,SELL,0.07301405,0.27521205
121959006,2017-12-20T08:54:24.517,BUY,0.07301626,2.56278158
121959049,2017-12-20T08:54:41.783,BUY,0.07351625,0.40807304
121959051,2017-12-20T08:54:42.033,SELL,0.07322219,0.01360243
121959052,2017-12-20T08:54:42.033,SELL,0.07303772,0.29639757
121959056,2017-12-20T08:54:43.033,BUY,0.07321011,0.0136
121959057,2017-12-20T08:54:43.033,BUY,0.07351625,0.76013073
121959058,2017-12-20T08:54:43.033,BUY,0.07351625,1.98626926
121959086,2017-12-20T08:54:56.11,SELL,0.07303776,0.55517759
121959087,2017-12-20T08:54:56.11,SELL,0.07303775,0.00162241
121959089,2017-12-20T08:54:56.923,BUY,0.07351625,0.30051641
121959105,2017-12-20T08:55:08.47,SELL,0.07322222,0.04291399
121959106,2017-12-20T08:55:08.47,SELL,0.07303776,0.57558601
121959108,2017-12-20T08:55:08.657,BUY,0.07351625,0.01632292
121959122,2017-12-20T08:55:13.53,BUY,0.07303776,1.807664
121959128,2017-12-20T08:55:19.78,SELL,0.07303775,1.4783
121959133,2017-12-20T08:55:24.547,SELL,0.07303775,0.2
121959136,2017-12-20T08:55:28.627,SELL,0.07303775,0.42
121959138,2017-12-20T08:55:28.813,BUY,0.07303776,3.7e-07
121959143,2017-12-20T08:55:30.03,BUY,0.07351,0.1369154
121959156,2017-12-20T08:55:35.983,BUY,0.07351,0.1369154
121959163,2017-12-20T08:55:39.063,BUY,0.07351,0.20557304
121959166,2017-12-20T08:55:39.843,BUY,0.07351,0.1369154
121959179,2017-12-20T08:55:45.64,BUY,0.07351,0.1369154
121959183,2017-12-20T08:55:45.937,BUY,0.07351,0.1369154
121959193,2017-12-20T08:55:48.28,BUY,0.07351,0.1369154
121959197,2017-12-20T08:55:50,BUY,0.07351,0.1369154
121959199,2017-12-20T08:55:50.297,BUY,0.07351,0.1369154
121959206,2017-12-20T08:55:51.953,SELL,0.07315375,0.1373
121959215,2017-12-20T08:55:58.187,SELL,0.07315376,0.4063
121959222,2017-12-20T08:56:06.14,BUY,0.07349,0.13607293
121959227,2017-12-20T08:56:07.28,SELL,0.07348999,0.222061
121959233,2017-12-20T08:56:11.327,SELL,0.07315375,0.2969
121959236,2017-12-20T08:56:12.093,BUY,0.07349,0.06864866
121959238,2017-12-20T08:56:12.39,BUY,0.07349,0.01566104
121959240,2017-12-20T08:56:13.123,BUY,0.07349,0.00167837
121959241,2017-12-20T08:56:16.657,SELL,0.07349,0.022
121959242,2017-12-20T08:56:17.187,SELL,0.07349,2.894e-05
121959243,2017-12-20T08:56:17.187,SELL,0.07315375,0.93649342
121959244,2017-12-20T08:56:17.187,SELL,0.07315375,0.09224527
121959245,2017-12-20T08:56:17.187,SELL,0.0730378,0.01369117
121959246,2017-12-20T08:56:17.187,SELL,0.07303777,0.07001797
121959247,2017-12-20T08:56:17.187,SELL,0.07303776,6.81318556
121959250,2017-12-20T08:56:18.327,BUY,0.07351,0.13607293
121959257,2017-12-20T08:56:21.187,BUY,0.07351,0.01825337
121959260,2017-12-20T08:56:23.39,SELL,0.07315379,0.07051517
121959261,2017-12-20T08:56:23.39,SELL,0.07303777,0.25588483
121959263,2017-12-20T08:56:26.36,SELL,0.07303777,1.6407
121959272,2017-12-20T08:56:33.97,BUY,0.07303777,0.01699764
121959279,2017-12-20T08:56:35.25,BUY,0.07303777,0.12200236
121959280,2017-12-20T08:56:35.25,BUY,0.07303777,1.92774427
121959287,2017-12-20T08:56:40.123,BUY,0.07303777,0.04905482
121959291,2017-12-20T08:56:41.28,BUY,0.07303777,0.00499869
121959297,2017-12-20T08:56:45.157,BUY,0.07351,0.13674802
121959306,2017-12-20T08:56:55.547,BUY,0.07351,0.13674802
121959309,2017-12-20T08:57:00.093,BUY,0.07351,0.13674802
121959313,2017-12-20T08:57:03.983,BUY,0.073501,0.02
121959323,2017-12-20T08:57:10.967,BUY,0.073501,4.07087471
121959325,2017-12-20T08:57:11.42,BUY,0.073501,0.13603591
121959327,2017-12-20T08:57:13.75,BUY,0.073501,0.02857103
121959340,2017-12-20T08:57:31.607,BUY,0.07350099,0.05986313
121959341,2017-12-20T08:57:34.373,SELL,0.07303783,0.04236595
121959342,2017-12-20T08:57:34.373,SELL,0.0730378,0.01369154
121959343,2017-12-20T08:57:34.373,SELL,0.07303777,1.05512988
121959344,2017-12-20T08:57:34.403,SELL,0.07303777,0.01593765
121959345,2017-12-20T08:57:34.827,SELL,0.07303777,10.96593247
121959349,2017-12-20T08:57:35.967,BUY,0.07303777,0.01706966
121959350,2017-12-20T08:57:36.107,SELL,0.07303776,0.13189843
121959351,2017-12-20T08:57:36.107,SELL,0.07303776,0.39658384
121959353,2017-12-20T08:57:36.297,BUY,0.07303777,5.499235
121959355,2017-12-20T08:57:36.577,BUY,0.07303777,1.471476
121959358,2017-12-20T08:57:37.013,BUY,0.07303777,2.274602
121959361,2017-12-20T08:57:37.763,BUY,0.07303777,5.596869
121959365,2017-12-20T08:57:38.14,BUY,0.07303777,1.373842
121959368,2017-12-20T08:57:38.403,BUY,0.07303777,0.23207387
121959373,2017-12-20T08:57:41.59,SELL,0.07303776,0.5033
121959378,2017-12-20T08:57:46.327,SELL,0.07303776,0.2148
121959383,2017-12-20T08:57:50.467,BUY,0.07303783,0.21735062
121959402,2017-12-20T08:57:57.45,BUY,0.07350099,0.26418347
121959406,2017-12-20T08:57:58.577,BUY,0.07350099,0.02176841
121959416,2017-12-20T08:58:01.827,BUY,0.07350099,0.31360366
121959417,2017-12-20T08:58:01.827,BUY,0.07350099,0.18639634
121959424,2017-12-20T08:58:06.06,BUY,0.07350099,0.74478406
121959427,2017-12-20T08:58:12.59,SELL,0.07303777,0.02
121959433,2017-12-20T08:58:19.34,BUY,0.07350099,0.02721052
121959440,2017-12-20T08:58:27.483,BUY,0.07350099,0.02248868
121959445,2017-12-20T08:58:31.077,BUY,0.07350099,0.0369521
121959447,2017-12-20T08:58:32.53,BUY,0.07350099,0.05203386
121959448,2017-12-20T08:58:33.107,SELL,0.07313776,0.4099
121959449,2017-12-20T08:58:34.187,SELL,0.07313776,2.95e-06
121959450,2017-12-20T08:58:34.187,SELL,0.07303782,0.03511072
121959464,2017-12-20T08:58:41.513,BUY,0.07350099,1.0
121959467,2017-12-20T08:58:44.233,BUY,0.07350099,0.01528106
121959471,2017-12-20T08:58:45.59,BUY,0.07350099,0.01003089
121959480,2017-12-20T08:58:54.153,SELL,0.07303782,0.04996755
121959481,2017-12-20T08:58:54.153,SELL,0.07303777,0.00016962
121959482,2017-12-20T08:58:54.153,SELL,0.07303776,0.37599721
121959484,2017-12-20T08:58:56.247,SELL,0.07303776,0.3483079
121959486,2017-12-20T08:58:56.64,BUY,0.07350099,0.06530524
121959488,2017-12-20T08:58:57.403,BUY,0.07350099,0.02721052
121959491,2017-12-20T08:58:58.153,BUY,0.07350099,0.06802629
121959493,2017-12-20T08:58:58.937,SELL,0.07303777,0.10954708
121959499,2017-12-20T08:59:03.81,SELL,0.07303777,0.02702609
121959500,2017-12-20T08:59:03.81,SELL,0.07303776,0.01879327
121959504,2017-12-20T08:59:08.78,SELL,0.07303777,0.02335727
121959505,2017-12-20T08:59:08.78,SELL,0.07303776,0.46434273
121959518,2017-12-20T08:59:23.043,SELL,0.07303777,0.01365732
121959519,2017-12-20T08:59:23.043,SELL,0.07303776,0.53602516
121959520,2017-12-20T08:59:24.45,SELL,0.07303776,2.9963518
121959521,2017-12-20T08:59:24.45,SELL,0.07303775,0.1247482
121959524,2017-12-20T08:59:25.623,SELL,0.07303777,0.2
121959525,2017-12-20T08:59:25.623,SELL,0.07303775,0.01182501
121959526,2017-12-20T08:59:25.623,SELL,0.07303775,0.01419154
121959527,2017-12-20T08:59:25.623,SELL,0.07303775,2.32135026
121959528,2017-12-20T08:59:25.997,SELL,0.07303775,1.31960843
121959529,2017-12-20T08:59:25.997,SELL,0.07303643,0.25668157
121959531,2017-12-20T08:59:27.433,SELL,0.07303643,0.54963225
121959533,2017-12-20T08:59:29.137,BUY,0.07343776,0.10699089
121959534,2017-12-20T08:59:29.137,BUY,0.07350096,0.41426872
121959535,2017-12-20T08:59:30.043,SELL,0.07303643,1.57629
121959543,2017-12-20T08:59:34.59,SELL,0.07303643,1.57629
121959544,2017-12-20T08:59:35.183,SELL,0.07303643,3.1211
121959548,2017-12-20T08:59:37.17,SELL,0.07303777,0.05820961
121959550,2017-12-20T08:59:41.637,SELL,0.07303777,0.02579741
121959552,2017-12-20T08:59:43.887,SELL,0.07303777,0.45133367
121959553,2017-12-20T08:59:43.887,SELL,0.07303645,0.27322951
121959554,2017-12-20T08:59:43.887,SELL,0.07303643,0.7512937
121959555,2017-12-20T08:59:43.887,SELL,0.07303642,0.15675974
121959556,2017-12-20T08:59:43.887,SELL,0.07301626,0.30604379
121959557,2017-12-20T08:59:43.887,SELL,0.0730155,0.04299269
121959558,2017-12-20T08:59:43.887,SELL,0.07301405,1.0
121959559,2017-12-20T08:59:43.887,SELL,0.073014,0.12221133
121959560,2017-12-20T08:59:43.887,SELL,0.07301,0.01615086
121959561,2017-12-20T08:59:43.887,SELL,0.07301,0.00108471
121959570,2017-12-20T08:59:52.217,SELL,0.07303777,0.04671185
121959571,2017-12-20T08:59:53.09,SELL,0.07301,0.51915902
121959572,2017-12-20T08:59:53.09,SELL,0.0730063,0.09564243
121959573,2017-12-20T08:59:53.09,SELL,0.07300406,0.00116505
121959574,2017-12-20T08:59:53.09,SELL,0.073,0.1
121959575,2017-12-20T08:59:53.09,SELL,0.073,0.04086184
121959576,2017-12-20T08:59:53.09,SELL,0.07298056,0.20368778
121959577,2017-12-20T08:59:53.09,SELL,0.07298056,0.01921889
