10331291,2017-12-20T08:05:13.94,SELL,3.1e-07,25546.9523655
10331295,2017-12-20T08:05:25.033,SELL,3.1e-07,4453.0476345
10331296,2017-12-20T08:05:25.033,SELL,3.1e-07,25644.9523655
10331300,2017-12-20T08:05:29.86,BUY,3.2e-07,2538.75629032
10331302,2017-12-20T08:05:34.047,BUY,3.2e-07,19074.69375
10331304,2017-12-20T08:05:36.407,BUY,3.2e-07,20565.39901961
10331306,2017-12-20T08:05:42.36,BUY,3.2e-07,13000.0
10331315,2017-12-20T08:06:02.893,BUY,3.2e-07,20000.0
10331319,2017-12-20T08:06:10.44,SELL,3.1e-07,2316.62758866
10331320,2017-12-20T08:06:14,SELL,3.1e-07,7624.51975354
10331322,2017-12-20T08:06:18.58,SELL,3.1e-07,64413.9002923
10331323,2017-12-20T08:06:18.58,SELL,3.1e-07,10000.0
10331324,2017-12-20T08:06:18.58,SELL,3.1e-07,19914.57266129
10331325,2017-12-20T08:06:18.58,SELL,3.1e-07,105668.52704641
10331326,2017-12-20T08:06:23.627,SELL,3.1e-07,32151.54090909
10331328,2017-12-20T08:06:27.173,BUY,3.2e-07,1653.2315625
10331330,2017-12-20T08:06:41.563,BUY,3.2e-07,2431.4142723
10331332,2017-12-20T08:06:42.33,BUY,3.2e-07,6714.42060401
10331336,2017-12-20T08:07:01.08,BUY,3.2e-07,18703.125
10331338,2017-12-20T08:07:03.643,BUY,3.2e-07,2109.67164164
10331339,2017-12-20T08:07:04.207,SELL,3.1e-07,2383.86784058
10331343,2017-12-20T08:07:27.177,SELL,3.1e-07,99999.0
10331345,2017-12-20T08:07:27.957,SELL,3.1e-07,2200.25357143
10331346,2017-12-20T08:07:28.19,SELL,3.1e-07,2145.19772926
10331347,2017-12-20T08:07:28.19,SELL,3.1e-07,1650.0
10331348,2017-12-20T08:07:28.19,SELL,3.1e-07,15315.34270759
10331349,2017-12-20T08:07:28.41,SELL,3.1e-07,16447.41206562
10331354,2017-12-20T08:07:46.503,BUY,3.2e-07,109101.5625
10331356,2017-12-20T08:07:47.3,BUY,3.2e-07,2449.4660362
10331357,2017-12-20T08:07:47.393,SELL,3.1e-07,12271.85054937
10331358,2017-12-20T08:07:47.393,SELL,3.1e-07,2082.20080645
10331359,2017-12-20T08:07:47.393,SELL,3.1e-07,56145.94864418
10331363,2017-12-20T08:08:00.863,BUY,3.2e-07,292607.95921875
10331365,2017-12-20T08:08:15.677,SELL,3.1e-07,8208.8900655
10331366,2017-12-20T08:08:15.677,SELL,3.1e-07,11091.3228155
10331367,2017-12-20T08:08:22.927,SELL,3.1e-07,10000.0
10331368,2017-12-20T08:08:27.16,SELL,3.1e-07,78909.44508773
10331369,2017-12-20T08:08:27.16,SELL,3.1e-07,6179.80190027
10331370,2017-12-20T08:08:33.16,SELL,3.1e-07,34238.91790541
10331371,2017-12-20T08:08:35.99,SELL,3.1e-07,2987.20309755
10331372,2017-12-20T08:08:35.99,SELL,3.1e-07,2000.0
10331373,2017-12-20T08:08:35.99,SELL,3.1e-07,10023.88589021
10331377,2017-12-20T08:08:59.333,BUY,3.2e-07,3255.99585937
10331381,2017-12-20T08:09:07.38,SELL,3.1e-07,145835.48910979
10331382,2017-12-20T08:09:07.38,SELL,3.1e-07,48266.12903226
10331383,2017-12-20T08:09:07.38,SELL,3.1e-07,5360.66153226
10331384,2017-12-20T08:09:07.38,SELL,3.1e-07,10000.0
10331385,2017-12-20T08:09:07.38,SELL,3.1e-07,12719.74193548
10331386,2017-12-20T08:09:07.38,SELL,3.1e-07,835702.54487459
10331396,2017-12-20T08:10:01.1,BUY,3.2e-07,23601.628294
10331397,2017-12-20T08:10:04.287,SELL,3.1e-07,4827.0
10331398,2017-12-20T08:10:09.303,SELL,3.1e-07,4827.0
10331399,2017-12-20T08:10:14.803,SELL,3.1e-07,4827.0
10331401,2017-12-20T08:10:18.007,BUY,3.2e-07,2074.89351562
10331405,2017-12-20T08:10:36.553,BUY,3.2e-07,5538.15117188
10331407,2017-12-20T08:10:41.037,SELL,3.1e-07,28532.52592875
10331408,2017-12-20T08:10:47.333,SELL,3.1e-07,121283.92919666
10331409,2017-12-20T08:10:47.333,SELL,3.1e-07,16088.81023248
10331410,2017-12-20T08:10:47.333,SELL,3.1e-07,29032.25806451
10331411,2017-12-20T08:10:47.333,SELL,3.1e-07,3233.83064516
10331412,2017-12-20T08:10:47.333,SELL,3.1e-07,211252.66413392
10331415,2017-12-20T08:10:58.617,SELL,3.1e-07,3814.02926471
10331416,2017-12-20T08:10:58.897,SELL,3.1e-07,430094.59742395
10331417,2017-12-20T08:10:58.897,SELL,3.1e-07,5566.27524194
10331418,2017-12-20T08:10:58.897,SELL,3.1e-07,6700.0466129
10331419,2017-12-20T08:10:58.897,SELL,3.1e-07,16505.3495294
10331420,2017-12-20T08:10:58.897,SELL,3.1e-07,321774.19354839
10331421,2017-12-20T08:10:58.897,SELL,3.1e-07,1930.64516129
10331422,2017-12-20T08:10:58.897,SELL,3.1e-07,39328.94733871
10331423,2017-12-20T08:10:58.897,SELL,3.1e-07,12269.58064516
10331424,2017-12-20T08:10:58.897,SELL,3.1e-07,20000.0
10331425,2017-12-20T08:10:58.897,SELL,3.1e-07,1620.0
10331426,2017-12-20T08:10:58.897,SELL,3.1e-07,6200.00951613
10331427,2017-12-20T08:10:58.897,SELL,3.1e-07,117624.00943548
10331428,2017-12-20T08:10:58.897,SELL,3.1e-07,2831.91412353
10331429,2017-12-20T08:10:58.897,SELL,3.1e-07,8967.10669355
10331430,2017-12-20T08:10:58.897,SELL,3.1e-07,3000.0
10331431,2017-12-20T08:10:58.897,SELL,3.1e-07,66201.93766129
10331432,2017-12-20T08:10:58.897,SELL,3.1e-07,146131.27233871
10331433,2017-12-20T08:10:58.897,SELL,3.1e-07,16088.70967742
10331435,2017-12-20T08:11:03.303,BUY,3.1e-07,3814.02926471
10331436,2017-12-20T08:11:03.303,BUY,3.1e-07,9587.93025142
10331438,2017-12-20T08:11:05.053,BUY,3.1e-07,60412.06974858
10331439,2017-12-20T08:11:05.053,BUY,3.2e-07,317.66290767
10331441,2017-12-20T08:11:05.773,BUY,3.2e-07,44125.90875
10331443,2017-12-20T08:11:10.037,BUY,3.1e-07,24525.24290323
10331445,2017-12-20T08:11:35.82,BUY,3.1e-07,474.75709677
10331446,2017-12-20T08:11:35.82,BUY,3.2e-07,52997.18846173
10331448,2017-12-20T08:11:46.63,BUY,3.1e-07,6607.436299
10331450,2017-12-20T08:11:52.007,BUY,3.1e-07,3148.563701
10331453,2017-12-20T08:12:03.99,BUY,3.1e-07,4e-07
10331454,2017-12-20T08:12:06.413,SELL,3.1e-07,11366.66132056
10331461,2017-12-20T08:12:32.1,SELL,3.1e-07,664.66884033
10331462,2017-12-20T08:12:32.1,SELL,3.1e-07,3202.52201613
10331464,2017-12-20T08:12:38.303,BUY,3.2e-07,3807.70622762
10331477,2017-12-20T08:13:17.353,BUY,3.2e-07,9328.35820895
10331479,2017-12-20T08:13:17.68,BUY,3.2e-07,200000.0
10331480,2017-12-20T08:13:19.667,SELL,3.1e-07,192774.98370968
10331481,2017-12-20T08:13:19.667,SELL,3.1e-07,700000.0
10331482,2017-12-20T08:13:19.667,SELL,3.1e-07,4592.87612903
10331488,2017-12-20T08:13:51.697,BUY,3.2e-07,9351.5625
10331490,2017-12-20T08:13:59.09,BUY,3.2e-07,20000.0
10331492,2017-12-20T08:14:02.65,BUY,3.2e-07,15006.0
10331496,2017-12-20T08:14:18.603,BUY,3.1e-07,1609.62210938
10331498,2017-12-20T08:14:25.933,BUY,3.1e-07,113225.0
10331500,2017-12-20T08:14:27.29,BUY,3.1e-07,7259.227351
10331502,2017-12-20T08:14:37.963,BUY,3.1e-07,7259.227351
10331504,2017-12-20T08:14:43.98,BUY,3.1e-07,7259.227351
10331506,2017-12-20T08:14:50.417,BUY,3.1e-07,7258.784075
10331508,2017-12-20T08:14:55.917,BUY,3.1e-07,7341.181694
10331511,2017-12-20T08:14:57.95,BUY,3.1e-07,26211.72580645
10331519,2017-12-20T08:15:00.917,BUY,3.1e-07,7258.784075
10331522,2017-12-20T08:15:12.467,BUY,3.1e-07,7259.225806
10331524,2017-12-20T08:15:18.92,BUY,3.1e-07,7259.225806
10331526,2017-12-20T08:15:28.153,BUY,3.1e-07,7258.784075
10331527,2017-12-20T08:15:30.34,SELL,3e-07,4375.0
10331530,2017-12-20T08:15:33.153,BUY,3.1e-07,2048.09971691
10331532,2017-12-20T08:15:34.763,BUY,3.1e-07,7258.784075
10331535,2017-12-20T08:15:43.95,BUY,3.1e-07,7341.278226
10331537,2017-12-20T08:15:56.653,BUY,3.1e-07,7336.515968
10331539,2017-12-20T08:16:00.42,BUY,3.1e-07,7231.26852
10331540,2017-12-20T08:16:04.467,SELL,3e-07,10000.0
10331543,2017-12-20T08:16:09.577,BUY,3.1e-07,7231.265431
10331545,2017-12-20T08:16:13.95,BUY,3.1e-07,68698.63113998
10331547,2017-12-20T08:16:17.187,BUY,3.1e-07,7231.266975
10331550,2017-12-20T08:16:26.047,BUY,3.1e-07,7231.262342
10331552,2017-12-20T08:16:30.297,BUY,3.1e-07,7243.780645
10331554,2017-12-20T08:16:36.61,BUY,3.1e-07,7243.780645
10331556,2017-12-20T08:16:42.517,BUY,3.1e-07,7258.777897
10331559,2017-12-20T08:16:48.28,BUY,3.1e-07,6802.334124
10331562,2017-12-20T08:16:53.673,BUY,3.1e-07,7243.780645
10331564,2017-12-20T08:17:01.36,BUY,3.1e-07,4719.890562
10331565,2017-12-20T08:17:02.733,SELL,3e-07,123316.89552239
10331568,2017-12-20T08:17:10.64,BUY,3.1e-07,7243.78219
10331569,2017-12-20T08:17:18.173,SELL,3e-07,13687.86667989
10331571,2017-12-20T08:17:18.75,BUY,3.1e-07,7258.756274
10331573,2017-12-20T08:17:22.453,SELL,3e-07,31328.40151325
10331576,2017-12-20T08:17:24.173,BUY,3.1e-07,2786.38709677
10331578,2017-12-20T08:17:27.407,BUY,3.1e-07,7243.788368
10331583,2017-12-20T08:17:38.097,BUY,3.1e-07,7243.788368
10331585,2017-12-20T08:17:39.22,SELL,3e-07,5597.0
10331587,2017-12-20T08:17:39.83,BUY,3.1e-07,1662.5
10331589,2017-12-20T08:17:42.94,BUY,3.1e-07,4022.72827573
10331591,2017-12-20T08:17:43.673,BUY,3.1e-07,7243.788368
10331592,2017-12-20T08:17:56.597,SELL,3e-07,99469.77711038
10331595,2017-12-20T08:17:58.783,BUY,3.1e-07,7243.788368
10331597,2017-12-20T08:18:05.033,BUY,3.1e-07,25521.52016129
10331599,2017-12-20T08:18:07.567,BUY,3.1e-07,7243.788368
10331600,2017-12-20T08:18:08.63,SELL,3e-07,4129.3488387
10331603,2017-12-20T08:18:13.143,BUY,3.1e-07,123400.0
10331605,2017-12-20T08:18:19.287,BUY,3.1e-07,3286.979417
10331608,2017-12-20T08:18:23.503,BUY,3.1e-07,3286.979417
10331611,2017-12-20T08:18:29.723,BUY,3.1e-07,3286.979417
10331614,2017-12-20T08:18:36.85,BUY,3.1e-07,3286.979417
10331616,2017-12-20T08:18:37.96,BUY,3.1e-07,98056.4058871
10331619,2017-12-20T08:18:40.647,SELL,3e-07,11382.78
10331621,2017-12-20T08:18:43.71,BUY,3.1e-07,3286.979417
10331626,2017-12-20T08:18:49.663,BUY,3.1e-07,7243.793001
10331628,2017-12-20T08:18:56.177,BUY,3.1e-07,7243.793001
10331630,2017-12-20T08:19:01.1,BUY,3.1e-07,7243.793001
10331632,2017-12-20T08:19:02.787,BUY,3.1e-07,5838.8356894
10331637,2017-12-20T08:19:27.227,BUY,3.1e-07,32177.41935484
10331640,2017-12-20T08:19:27.93,BUY,3.1e-07,7244.552903
10331642,2017-12-20T08:19:29.023,BUY,3.1e-07,1935.48387096
10331645,2017-12-20T08:19:30.993,BUY,3.1e-07,195366.48099207
10331648,2017-12-20T08:19:33.617,BUY,3.1e-07,1870.98822581
10331650,2017-12-20T08:19:34.51,BUY,3.1e-07,7321.489113
10331651,2017-12-20T08:19:37.697,SELL,3e-07,679719.23444468
10331653,2017-12-20T08:19:41.273,BUY,3.1e-07,27350.80645161
10331655,2017-12-20T08:19:41.337,BUY,3.1e-07,2739.68961267
10331657,2017-12-20T08:19:41.477,BUY,3.1e-07,7244.552903
10331662,2017-12-20T08:19:52.01,BUY,3.1e-07,7244.089548
10331668,2017-12-20T08:19:57.477,BUY,3.1e-07,7244.089548
10331669,2017-12-20T08:19:57.65,SELL,3e-07,2436.05359318
10331672,2017-12-20T08:20:03.823,BUY,3.1e-07,70145.60952643
10331675,2017-12-20T08:20:05.62,BUY,3.1e-07,7243.788368
10331682,2017-12-20T08:20:13.917,BUY,3.1e-07,7244.089548
10331686,2017-12-20T08:20:18.79,BUY,3.1e-07,7244.089548
10331688,2017-12-20T08:20:21.947,SELL,3e-07,75000.0
10331690,2017-12-20T08:20:23.213,BUY,3.1e-07,7244.089548
10331691,2017-12-20T08:20:28.353,SELL,3e-07,250000.0
10331692,2017-12-20T08:20:30.51,SELL,3e-07,10120.3248235
10331695,2017-12-20T08:20:32.34,BUY,3.1e-07,7244.089548
10331696,2017-12-20T08:20:33.84,SELL,3e-07,12000.0
10331697,2017-12-20T08:20:34.463,SELL,3e-07,15000.0
10331699,2017-12-20T08:20:35.137,BUY,3.1e-07,339858.73392096
10331700,2017-12-20T08:20:36.747,SELL,3e-07,33185.326776
10331702,2017-12-20T08:20:39.247,BUY,3.1e-07,7244.089548
10331703,2017-12-20T08:20:43.607,SELL,3e-07,20000.0
10331704,2017-12-20T08:20:51.67,SELL,3e-07,12650.8828125
10331707,2017-12-20T08:20:53.653,BUY,3.1e-07,3217.74193548
10331710,2017-12-20T08:21:03.327,SELL,3e-07,300852.96774194
10331714,2017-12-20T08:21:22.92,BUY,3.1e-07,22193.80940625
10331715,2017-12-20T08:21:29.56,SELL,3e-07,10000.0
10331717,2017-12-20T08:21:29.67,BUY,3.1e-07,1810.33379032
10331719,2017-12-20T08:21:34.31,BUY,3.1e-07,2900.0
10331721,2017-12-20T08:21:54.203,BUY,3.1e-07,54793.77319638
10331723,2017-12-20T08:21:54.483,BUY,3.1e-07,50941.52056452
10331725,2017-12-20T08:22:06.297,BUY,3.1e-07,34180.91419355
10331727,2017-12-20T08:22:14.877,BUY,3.1e-07,40000.0
10331729,2017-12-20T08:22:17,BUY,3.1e-07,30235.89822581
10331731,2017-12-20T08:22:17.593,BUY,3.1e-07,121344.23395161
10331732,2017-12-20T08:22:18.783,SELL,3e-07,15585.9375
10331733,2017-12-20T08:22:20.86,SELL,3e-07,20000.0
10331738,2017-12-20T08:22:35.377,BUY,3.1e-07,10067.58383625
10331739,2017-12-20T08:22:42.05,SELL,3e-07,10000.0
10331741,2017-12-20T08:22:42.173,BUY,3.1e-07,2743.81169921
10331743,2017-12-20T08:22:54.643,BUY,3.1e-07,1935.48387096
10331745,2017-12-20T08:23:00.91,SELL,3e-07,51309.0
10331748,2017-12-20T08:23:18.597,SELL,3e-07,59991.0
10331749,2017-12-20T08:23:25.643,SELL,3e-07,2000.0
10331751,2017-12-20T08:23:47.083,SELL,3e-07,256895.18467742
10331758,2017-12-20T08:24:07.63,BUY,3.1e-07,15555.0
10331760,2017-12-20T08:24:22.943,SELL,3e-07,9997.0
10331767,2017-12-20T08:24:39.54,BUY,3.1e-07,1900.0
10331770,2017-12-20T08:24:43.6,BUY,3.1e-07,10000.0
10331776,2017-12-20T08:25:04.54,BUY,3.1e-07,160887.09677419
10331780,2017-12-20T08:25:14.243,BUY,3.1e-07,1287124.60766129
10331785,2017-12-20T08:25:23.917,BUY,3.1e-07,352531.45614523
10331788,2017-12-20T08:25:25.527,BUY,3.1e-07,264145.59387097
10331794,2017-12-20T08:25:42.17,BUY,3.1e-07,3764.75806452
10331798,2017-12-20T08:26:26.78,SELL,3e-07,3646.89117188
10331800,2017-12-20T08:26:37.25,SELL,3e-07,10000.0
10331802,2017-12-20T08:26:39.7,BUY,3.1e-07,1612.9032
10331806,2017-12-20T08:27:11.53,BUY,3.1e-07,112000.0
10331808,2017-12-20T08:27:15.483,BUY,3.1e-07,2648.07290323
10331810,2017-12-20T08:27:19.547,SELL,3e-07,15000.0
10331814,2017-12-20T08:27:36.703,BUY,3.1e-07,10000.0
10331816,2017-12-20T08:27:59.893,SELL,3e-07,3870.96774192
10331820,2017-12-20T08:28:21.847,BUY,3.1e-07,6873.63038896
10331821,2017-12-20T08:28:22.91,SELL,3e-07,50251.33804688
10331823,2017-12-20T08:28:27.583,BUY,3.1e-07,6209.53403226
10331825,2017-12-20T08:28:35.13,BUY,3.1e-07,74236.97467742
10331827,2017-12-20T08:28:35.707,BUY,3.1e-07,6451.6129
10331829,2017-12-20T08:28:39.3,BUY,3.1e-07,328562.089053
10331833,2017-12-20T08:28:44.66,BUY,3.1e-07,7401.54653226
10331835,2017-12-20T08:28:45.973,BUY,3.1e-07,50206.07346774
10331841,2017-12-20T08:28:51.473,BUY,3.1e-07,10000.0
10331845,2017-12-20T08:28:53.037,BUY,3.1e-07,161299.67564516
10331850,2017-12-20T08:29:15.333,SELL,3e-07,3739.08048387
10331855,2017-12-20T08:29:45.773,SELL,3e-07,2500.0
10331858,2017-12-20T08:29:53.133,BUY,3.1e-07,8889.26951613
10331862,2017-12-20T08:30:02.727,SELL,3e-07,54998.0
10331864,2017-12-20T08:30:05.133,BUY,3.1e-07,48387.85620968
10331866,2017-12-20T08:30:05.743,BUY,3.1e-07,70155.04379032
10331867,2017-12-20T08:30:11.07,SELL,3e-07,9717.54482827
10331870,2017-12-20T08:30:14.277,BUY,3.1e-07,3217.74193548
10331872,2017-12-20T08:30:29.557,BUY,3.1e-07,7593.93939393
10331874,2017-12-20T08:30:32.557,BUY,3.1e-07,7083.33333333
10331876,2017-12-20T08:30:40.2,SELL,3e-07,50000.0
10331879,2017-12-20T08:30:54.183,SELL,3e-07,5000.0
10331883,2017-12-20T08:31:17.03,SELL,3e-07,1633681.38659227
10331886,2017-12-20T08:31:21.14,SELL,3e-07,35000.0
10331887,2017-12-20T08:31:31.263,SELL,3e-07,48387.85620968
10331890,2017-12-20T08:31:45.81,BUY,3.1e-07,6877.40089328
10331894,2017-12-20T08:31:47.86,BUY,3.1e-07,20000.0
10331895,2017-12-20T08:31:48.78,SELL,3e-07,100000.0
10331897,2017-12-20T08:31:50.64,SELL,3e-07,3648.09220588
10331901,2017-12-20T08:32:09.64,BUY,3.1e-07,20000.0
10331903,2017-12-20T08:32:12.297,BUY,3.1e-07,116352.00387097
10331906,2017-12-20T08:32:29.907,SELL,3e-07,10000.0
10331909,2017-12-20T08:32:40.08,BUY,3.1e-07,2252.41935484
10331914,2017-12-20T08:32:56.36,BUY,3.1e-07,1852.0665
10331921,2017-12-20T08:33:16.067,BUY,3.1e-07,49800.0
10331928,2017-12-20T08:33:26.27,BUY,3.1e-07,28959.67741935
10331936,2017-12-20T08:33:44.363,BUY,3.1e-07,70048.79395161
10331941,2017-12-20T08:33:54.27,BUY,3.1e-07,159797.08669355
10331942,2017-12-20T08:33:55.74,SELL,3e-07,8838.53719806
10331943,2017-12-20T08:33:57.55,SELL,3e-07,42503.30301724
10331948,2017-12-20T08:34:26.24,BUY,3.1e-07,20000.0
10331950,2017-12-20T08:34:26.35,BUY,3.1e-07,100000.0
10331952,2017-12-20T08:34:28.74,BUY,3.1e-07,2378.74790323
10331959,2017-12-20T08:34:51.507,BUY,3.1e-07,13754.80078358
10331961,2017-12-20T08:34:52.087,BUY,3.1e-07,4888.6523
10331966,2017-12-20T08:35:29.68,SELL,3e-07,5525.11737829
10331969,2017-12-20T08:35:45.48,SELL,3e-07,29047.817106
10331971,2017-12-20T08:35:47.26,BUY,3.1e-07,584168.17741935
10331973,2017-12-20T08:36:04.667,SELL,3e-07,4498.0
10331977,2017-12-20T08:36:18.463,SELL,3e-07,4629.0
10331978,2017-12-20T08:36:28.857,SELL,3e-07,5769.0
10331979,2017-12-20T08:36:29.59,SELL,3e-07,12000.0
10331980,2017-12-20T08:36:30.573,SELL,3e-07,23580.0
10331994,2017-12-20T08:37:52.343,SELL,3e-07,70192.34404412
10332001,2017-12-20T08:38:06.207,SELL,3e-07,28778.6445
10332002,2017-12-20T08:38:16.437,SELL,3e-07,30227.27272727
10332008,2017-12-20T08:38:49.267,BUY,3.1e-07,300398.50100299
10332011,2017-12-20T08:38:58.147,SELL,3e-07,15000.0
10332013,2017-12-20T08:39:00.673,BUY,3.1e-07,4805.27927419
10332025,2017-12-20T08:39:50.91,BUY,3.1e-07,13657.4084104
10332027,2017-12-20T08:39:56.44,BUY,3.1e-07,1608.90314516
10332029,2017-12-20T08:40:04.66,BUY,3.1e-07,20000.0
10332032,2017-12-20T08:40:19.77,SELL,3e-07,23627.65379032
10332035,2017-12-20T08:40:30.88,BUY,3.1e-07,8077.92381008
10332037,2017-12-20T08:40:41.867,SELL,3e-07,5000.0
10332040,2017-12-20T08:40:54.24,BUY,3.1e-07,7000.0
10332042,2017-12-20T08:40:55.82,BUY,3.1e-07,1612.9032
10332044,2017-12-20T08:41:01.24,BUY,3.1e-07,13605.53545769
10332046,2017-12-20T08:41:03.68,BUY,3.1e-07,37000.71798387
10332048,2017-12-20T08:41:09.54,BUY,3.1e-07,1612.9032
10332050,2017-12-20T08:41:10.413,BUY,3.1e-07,10030.001003
10332057,2017-12-20T08:41:47.587,BUY,3.1e-07,5000.0
10332058,2017-12-20T08:41:47.587,BUY,3.1e-07,106609.64996696
10332061,2017-12-20T08:41:53.557,BUY,3.1e-07,4887.3079
10332065,2017-12-20T08:42:05.963,SELL,3e-07,43158.64358548
10332067,2017-12-20T08:42:07.243,BUY,3.1e-07,6451.6129
10332069,2017-12-20T08:42:09.73,BUY,3.1e-07,1782.43596774
10332077,2017-12-20T08:42:45.45,BUY,3.1e-07,16088.70967742
10332090,2017-12-20T08:43:37.373,BUY,3.1e-07,32177.41935484
10332093,2017-12-20T08:43:53.56,BUY,3.1e-07,13780.71991935
10332096,2017-12-20T08:44:06.5,BUY,3.1e-07,1652.98620968
10332098,2017-12-20T08:44:08.45,BUY,3.1e-07,20000.0
10332102,2017-12-20T08:44:23.11,BUY,3.1e-07,14141.65403226
10332104,2017-12-20T08:44:25.547,BUY,3.1e-07,3000.0
10332107,2017-12-20T08:44:29.983,SELL,3e-07,41243.60643487
10332108,2017-12-20T08:44:30.86,SELL,3e-07,3047.0
10332112,2017-12-20T08:44:35.297,BUY,3.1e-07,2252.41935484
10332114,2017-12-20T08:44:37.437,BUY,3.1e-07,193934.9042288
10332117,2017-12-20T08:44:45.687,BUY,3.1e-07,44404.83870968
10332119,2017-12-20T08:44:46.22,BUY,3.1e-07,4969.41629032
10332121,2017-12-20T08:44:53.47,BUY,3.1e-07,4559.34768103
10332130,2017-12-20T08:45:14.423,BUY,3.1e-07,160887.09677419
10332133,2017-12-20T08:45:15.11,SELL,3e-07,11832.95637097
10332141,2017-12-20T08:45:18.313,BUY,3.1e-07,3057.04790323
10332143,2017-12-20T08:45:29.737,BUY,3.1e-07,10000.0
10332145,2017-12-20T08:45:30.94,BUY,3.1e-07,6701.211435
10332148,2017-12-20T08:45:38.143,BUY,3.1e-07,2456.42419355
10332150,2017-12-20T08:45:38.25,BUY,3.1e-07,7465.16129
10332153,2017-12-20T08:45:44.33,BUY,3.1e-07,39055.60016129
10332155,2017-12-20T08:45:45.16,BUY,3.1e-07,6615.7089
10332157,2017-12-20T08:45:46.69,BUY,3.1e-07,10000.0
10332159,2017-12-20T08:45:49.377,BUY,3.1e-07,2570.0
10332161,2017-12-20T08:45:50.893,BUY,3.1e-07,5581.800333
10332163,2017-12-20T08:45:51.003,BUY,3.1e-07,188888.8888888
10332165,2017-12-20T08:46:02.503,BUY,3.1e-07,7433.048226
10332167,2017-12-20T08:46:08.83,BUY,3.1e-07,6586.156313
10332169,2017-12-20T08:46:09.3,BUY,3.1e-07,7287.96024194
10332173,2017-12-20T08:46:16.41,BUY,3.1e-07,6602.956881
10332175,2017-12-20T08:46:24.38,BUY,3.1e-07,6602.956881
10332177,2017-12-20T08:46:31.317,BUY,3.1e-07,6588.294675
10332179,2017-12-20T08:46:35.753,BUY,3.1e-07,7436.555565
10332181,2017-12-20T08:46:36.677,BUY,3.1e-07,7650.99946766
10332182,2017-12-20T08:46:36.677,BUY,3.1e-07,59963.94018977
10332184,2017-12-20T08:46:40.097,BUY,3.1e-07,7436.23379
10332186,2017-12-20T08:46:47.85,BUY,3.1e-07,7439.419355
10332188,2017-12-20T08:46:55.177,BUY,3.1e-07,3217.741577
10332190,2017-12-20T08:47:00.863,BUY,3.1e-07,6124.00645161
10332192,2017-12-20T08:47:01.147,BUY,3.1e-07,6602.956881
10332195,2017-12-20T08:47:06.723,BUY,3.1e-07,6602.956881
10332198,2017-12-20T08:47:11.41,BUY,3.1e-07,6602.956881
10332201,2017-12-20T08:47:19.88,BUY,3.1e-07,13463.12879032
10332204,2017-12-20T08:47:21.24,BUY,3.1e-07,6602.956881
10332207,2017-12-20T08:47:27.71,SELL,3e-07,5000.0
10332209,2017-12-20T08:47:31.913,BUY,3.1e-07,3461.012056
10332211,2017-12-20T08:47:38.1,BUY,3.1e-07,3461.012056
10332212,2017-12-20T08:47:40.1,SELL,3e-07,8514.20659091
10332215,2017-12-20T08:47:42.977,BUY,3.1e-07,6729.521129
10332216,2017-12-20T08:47:42.977,BUY,3.1e-07,491751.97640625
10332218,2017-12-20T08:47:49.727,BUY,3.1e-07,6729.521129
10332220,2017-12-20T08:47:50.977,BUY,3.1e-07,10584.85309444
10332221,2017-12-20T08:47:50.977,BUY,3.1e-07,581867.07916362
10332224,2017-12-20T08:47:57.57,BUY,3.1e-07,6729.521129
10332226,2017-12-20T08:48:01.383,BUY,3.1e-07,6780.69326908
10332228,2017-12-20T08:48:02.29,BUY,3.1e-07,6729.521129
10332231,2017-12-20T08:48:10.367,BUY,3.1e-07,6729.86221
10332234,2017-12-20T08:48:16.587,BUY,3.1e-07,6729.86221
10332236,2017-12-20T08:48:18.18,BUY,3.1e-07,4114.33354839
10332238,2017-12-20T08:48:21.803,BUY,3.1e-07,27093.3208893
10332239,2017-12-20T08:48:21.803,BUY,3.1e-07,52908.6791107
10332241,2017-12-20T08:48:22.35,BUY,3.1e-07,6729.86221
10332243,2017-12-20T08:48:25.587,BUY,3.1e-07,4839.09774436
10332245,2017-12-20T08:48:28.837,BUY,3.1e-07,6729.86221
10332247,2017-12-20T08:48:34.663,BUY,3.1e-07,6729.521129
10332250,2017-12-20T08:48:39.32,BUY,3.1e-07,6729.521129
10332252,2017-12-20T08:48:40.51,BUY,3.1e-07,2244.51612903
10332254,2017-12-20T08:48:43.353,SELL,3e-07,25892.8485
10332256,2017-12-20T08:48:44.023,BUY,3.1e-07,6729.521129
10332257,2017-12-20T08:48:47.18,SELL,3e-07,13464.85610586
10332260,2017-12-20T08:48:49.62,BUY,3.1e-07,2000.0
10332262,2017-12-20T08:48:50.213,BUY,3.1e-07,3693.460958
10332263,2017-12-20T08:48:54.853,SELL,3e-07,6854.16666667
10332265,2017-12-20T08:48:54.93,BUY,3.1e-07,6729.521129
10332268,2017-12-20T08:49:01.807,BUY,3.1e-07,10002.0
10332270,2017-12-20T08:49:04.883,BUY,3.1e-07,6729.521129
10332273,2017-12-20T08:49:10.26,BUY,3.1e-07,6729.521129
10332275,2017-12-20T08:49:15.823,BUY,3.1e-07,6729.521129
10332276,2017-12-20T08:49:20.23,SELL,3e-07,10263.03575457
10332278,2017-12-20T08:49:21.323,BUY,3.1e-07,6729.521129
10332280,2017-12-20T08:49:24.887,BUY,3.1e-07,1800.0
10332283,2017-12-20T08:49:27.963,BUY,3.1e-07,6719.62979
10332287,2017-12-20T08:49:35.637,BUY,3.1e-07,6719.62979
10332289,2017-12-20T08:49:40.37,BUY,3.1e-07,6719.28871
10332296,2017-12-20T08:49:47.7,BUY,3.1e-07,6719.28871
10332298,2017-12-20T08:49:50.98,BUY,3.1e-07,96532.25806452
10332300,2017-12-20T08:49:52.37,BUY,3.1e-07,6719.28871
10332302,2017-12-20T08:49:58.98,BUY,3.1e-07,6729.521129
10332303,2017-12-20T08:50:03.31,SELL,3e-07,238257.075
10332305,2017-12-20T08:50:06.01,BUY,3.1e-07,6729.521129
10332308,2017-12-20T08:50:10.607,BUY,3.1e-07,6719.28871
10332310,2017-12-20T08:50:15.653,BUY,3.1e-07,7439.419355
10332312,2017-12-20T08:50:21.497,BUY,3.1e-07,7439.419355
10332314,2017-12-20T08:50:27.06,BUY,3.1e-07,3297.497917
10332317,2017-12-20T08:50:32.09,BUY,3.1e-07,7432.983871
10332321,2017-12-20T08:50:36.78,BUY,3.1e-07,52001.8888
10332323,2017-12-20T08:50:38.72,BUY,3.1e-07,7432.983871
10332327,2017-12-20T08:50:45.607,BUY,3.1e-07,6575.711577
10332328,2017-12-20T08:50:47.45,SELL,3e-07,244240.0
10332333,2017-12-20T08:50:52.733,BUY,3.1e-07,7089.20032258
10332336,2017-12-20T08:50:53.467,BUY,3.1e-07,6575.711577
10332340,2017-12-20T08:50:58.513,BUY,3.1e-07,6575.711577
10332344,2017-12-20T08:51:03.45,BUY,3.1e-07,6575.711577
10332345,2017-12-20T08:51:04.403,SELL,3e-07,140539.18323529
10332347,2017-12-20T08:51:09.827,BUY,3.1e-07,6575.711577
10332349,2017-12-20T08:51:15.2,BUY,3.1e-07,7422.976694
10332352,2017-12-20T08:51:21.11,BUY,3.1e-07,7422.976694
10332353,2017-12-20T08:51:21.983,SELL,3e-07,22263.02501721
10332355,2017-12-20T08:51:22.013,BUY,3.1e-07,47439.19019219
10332357,2017-12-20T08:51:22.343,BUY,3.1e-07,135467.31596788
10332359,2017-12-20T08:51:27.56,BUY,3.1e-07,7397.556532
10332360,2017-12-20T08:51:42.797,SELL,3e-07,5000.0
10332362,2017-12-20T08:51:45.19,BUY,3.1e-07,7397.556532
10332364,2017-12-20T08:51:45.67,BUY,3.1e-07,2449.92435484
10332367,2017-12-20T08:51:51.203,BUY,3.1e-07,6812.860645
10332370,2017-12-20T08:51:58.453,BUY,3.1e-07,4860.52242329
10332371,2017-12-20T08:51:58.453,BUY,3.1e-07,1722.44735271
10332372,2017-12-20T08:52:00.267,SELL,3e-07,1998.0
10332374,2017-12-20T08:52:01.64,BUY,3.1e-07,2244.51612903
10332376,2017-12-20T08:52:02.173,BUY,3.1e-07,2000.0
10332378,2017-12-20T08:52:05.44,BUY,3.1e-07,6582.969776
10332380,2017-12-20T08:52:09.377,BUY,3.1e-07,3901.06674226
10332381,2017-12-20T08:52:09.377,BUY,3.1e-07,11380.69761258
10332383,2017-12-20T08:52:11.97,BUY,3.1e-07,7400.806452
10332384,2017-12-20T08:52:15.487,SELL,3e-07,337000.0
10332386,2017-12-20T08:52:16.533,BUY,3.1e-07,7400.806452
10332388,2017-12-20T08:52:17.533,BUY,3.1e-07,20000.0
10332389,2017-12-20T08:52:18.093,SELL,3e-07,34000.0
10332392,2017-12-20T08:52:21.58,BUY,3.1e-07,4839.634846
10332394,2017-12-20T08:52:27.8,BUY,3.1e-07,7400.806452
10332396,2017-12-20T08:52:33.05,BUY,3.1e-07,7400.806452
10332399,2017-12-20T08:52:39.207,BUY,3.1e-07,6670.739815
10332401,2017-12-20T08:52:44.987,BUY,3.1e-07,7400.806452
10332403,2017-12-20T08:52:45.11,BUY,3.1e-07,44482.83677419
10332409,2017-12-20T08:52:55.66,BUY,3.1e-07,6640.870831
10332411,2017-12-20T08:53:02.003,BUY,3.1e-07,6640.870831
10332413,2017-12-20T08:53:05.02,BUY,3.1e-07,6777.94396826
10332415,2017-12-20T08:53:06.77,BUY,3.1e-07,7400.806452
10332418,2017-12-20T08:53:12.143,BUY,3.1e-07,7400.806452
10332420,2017-12-20T08:53:20.223,BUY,3.1e-07,6799.410484
10332423,2017-12-20T08:53:25.223,BUY,3.1e-07,7402.415323
10332424,2017-12-20T08:53:31.77,SELL,3e-07,123904.5048708
10332426,2017-12-20T08:53:32.94,BUY,3.1e-07,7402.415323
10332428,2017-12-20T08:53:38.49,BUY,3.1e-07,7402.415323
10332429,2017-12-20T08:53:41.13,SELL,3e-07,293382.35294118
10332431,2017-12-20T08:53:43.69,BUY,3.1e-07,18849.53225806
10332432,2017-12-20T08:53:44.05,SELL,3e-07,23138.43318182
10332435,2017-12-20T08:54:00.88,SELL,3e-07,5000.0
10332437,2017-12-20T08:54:02.177,BUY,3.1e-07,7667.87903225
10332443,2017-12-20T08:54:22.973,BUY,3.1e-07,6766.96902351
10332444,2017-12-20T08:54:23.82,SELL,3e-07,35671.63534091
10332448,2017-12-20T08:54:34.74,BUY,3.1e-07,47474.98282258
10332453,2017-12-20T08:54:53.087,BUY,3.1e-07,13544.90309617
10332456,2017-12-20T08:55:09.6,BUY,3.1e-07,6023.48419355
10332458,2017-12-20T08:55:14.82,BUY,3.1e-07,1710.13330645
10332459,2017-12-20T08:55:42.4,SELL,3e-07,12975.6
10332461,2017-12-20T08:55:44.883,BUY,3.1e-07,2845.16129032
10332465,2017-12-20T08:55:56.837,BUY,3.1e-07,119254.27529497
10332466,2017-12-20T08:55:56.837,BUY,3.1e-07,66310.26885
10332467,2017-12-20T08:55:56.837,BUY,3.1e-07,4271.15261
10332468,2017-12-20T08:55:56.837,BUY,3.1e-07,12041.43476562
10332469,2017-12-20T08:55:56.837,BUY,3.1e-07,247290.6186407
10332474,2017-12-20T08:56:10.18,SELL,3e-07,185619.22225
10332476,2017-12-20T08:56:23.2,BUY,3.1e-07,1738.6425
10332478,2017-12-20T08:56:25.463,BUY,3.1e-07,1271698.52758065
10332484,2017-12-20T08:56:35.26,BUY,3.1e-07,58000.0
10332487,2017-12-20T08:56:46.823,BUY,3.1e-07,72000.0
10332489,2017-12-20T08:56:50.37,BUY,3.1e-07,4064.02045194
10332492,2017-12-20T08:56:55.607,BUY,3.1e-07,50150.00100299
10332498,2017-12-20T08:57:19.747,BUY,3.1e-07,40640.19549246
10332502,2017-12-20T08:57:30.873,BUY,3.1e-07,7179.48717949
10332504,2017-12-20T08:57:36.467,BUY,3.1e-07,4064.02045194
10332506,2017-12-20T08:57:42.293,SELL,3e-07,8014.02583333
10332509,2017-12-20T08:57:54.45,BUY,3.1e-07,100000.0
10332511,2017-12-20T08:58:00.093,BUY,3.1e-07,20123.82241935
10332513,2017-12-20T08:58:00.157,BUY,3.1e-07,33866.82974422
10332517,2017-12-20T08:58:07.907,BUY,3.1e-07,13565.05374847
10332525,2017-12-20T08:58:35.563,BUY,3.1e-07,1459197.31548387
10332527,2017-12-20T08:58:40.813,SELL,3e-07,40415.8683871
10332532,2017-12-20T08:59:01.97,BUY,3.1e-07,6451.61290322
10332535,2017-12-20T08:59:05.907,BUY,3.1e-07,55000.0
10332536,2017-12-20T08:59:15.86,SELL,3e-07,20000.0
10332539,2017-12-20T08:59:24.423,BUY,3.1e-07,50000.0
10332544,2017-12-20T08:59:53.77,BUY,3.1e-07,12831.26951902
10332546,2017-12-20T08:59:53.863,BUY,3.1e-07,13541.24577146
10332547,2017-12-20T09:00:01.723,SELL,3e-07,6451.61290322
10332548,2017-12-20T09:00:03.16,SELL,3e-07,33580.0
10332549,2017-12-20T09:00:04.91,SELL,3e-07,162061.64257813
10332551,2017-12-20T09:00:07.207,BUY,3.1e-07,20000.0
10332555,2017-12-20T09:00:19.85,BUY,3.1e-07,351398.78516129
10332557,2017-12-20T09:00:29.753,SELL,3e-07,65616.0
10332558,2017-12-20T09:00:31.8,SELL,3e-07,5100.0
10332559,2017-12-20T09:00:33.1,SELL,3e-07,187843.0
10332560,2017-12-20T09:00:40.397,SELL,3e-07,19301.0
10332564,2017-12-20T09:00:54.037,BUY,3.1e-07,6268.751003
10332566,2017-12-20T09:00:54.99,BUY,3.1e-07,94923.38709677
10332568,2017-12-20T09:01:02.117,BUY,3.1e-07,13504.78086028
10332571,2017-12-20T09:01:11.587,SELL,3e-07,2787.90166667
10332572,2017-12-20T09:01:22.82,SELL,3e-07,10000.0
10332574,2017-12-20T09:01:36.617,BUY,3.1e-07,21094.64733871
10332576,2017-12-20T09:01:47.727,SELL,3e-07,1820.2675
10332578,2017-12-20T09:01:49.523,BUY,3.1e-07,12517.01612903
10332582,2017-12-20T09:01:58.993,BUY,3.1e-07,643548.38709677
10332584,2017-12-20T09:01:59.477,BUY,3.1e-07,27013.19787884
10332597,2017-12-20T09:02:41.7,SELL,3e-07,150000.60995588
10332598,2017-12-20T09:02:46.027,SELL,3e-07,8453.38983051
10332600,2017-12-20T09:03:11.513,SELL,3e-07,26000.0
10332606,2017-12-20T09:03:49.59,SELL,3e-07,5447.27757422
10332607,2017-12-20T09:03:51.7,SELL,3e-07,29998.0
10332611,2017-12-20T09:04:09,BUY,3.1e-07,10030.001003
10332615,2017-12-20T09:04:12.047,BUY,3.1e-07,9044.62209677
10332622,2017-12-20T09:04:32.077,SELL,3e-07,19301.0
10332627,2017-12-20T09:04:49.687,BUY,3.1e-07,12351.05973144
10332630,2017-12-20T09:04:55.237,BUY,3.1e-07,12870.96774194
10332631,2017-12-20T09:04:59.343,SELL,3e-07,8060.32258064
10332636,2017-12-20T09:05:09.767,BUY,3.1e-07,50735.0
10332641,2017-12-20T09:05:33.987,BUY,3.1e-07,3342.87991935
10332644,2017-12-20T09:05:56.283,SELL,3e-07,2731.49412729
10332646,2017-12-20T09:06:16.427,BUY,3.1e-07,95000.0
10332647,2017-12-20T09:06:18.33,SELL,3e-07,5000.0
10332650,2017-12-20T09:06:27.02,BUY,3.1e-07,49000.0
10332652,2017-12-20T09:06:38.693,BUY,3.1e-07,18000.0
10332655,2017-12-20T09:06:48.677,BUY,3.1e-07,133851.3716129
10332657,2017-12-20T09:06:48.897,BUY,3.1e-07,168324.16717742
10332666,2017-12-20T09:07:17.1,BUY,3.1e-07,500000.0
10332668,2017-12-20T09:07:28.897,BUY,3.1e-07,9433.96226415
10332671,2017-12-20T09:07:36.147,BUY,3.1e-07,21636.91733228
10332674,2017-12-20T09:07:46.85,BUY,3.1e-07,4055.80367182
10332676,2017-12-20T09:07:49.837,SELL,3e-07,13900.0
10332681,2017-12-20T09:08:14.337,BUY,3.1e-07,200000.0
10332684,2017-12-20T09:08:19.057,BUY,3.1e-07,3070.184003
10332686,2017-12-20T09:08:39.523,SELL,3e-07,604545.45454545
10332692,2017-12-20T09:09:01.9,BUY,3.1e-07,2279.82000299
10332694,2017-12-20T09:09:04.01,BUY,3.1e-07,6451.61290322
10332695,2017-12-20T09:09:17.62,SELL,3e-07,4220.0
10332699,2017-12-20T09:09:25.747,BUY,3.1e-07,5440.17193548
10332704,2017-12-20T09:09:41.043,BUY,3.1e-07,145079.19943548
10332707,2017-12-20T09:09:45.607,BUY,3.1e-07,4700.0
10332711,2017-12-20T09:09:50.42,BUY,3.1e-07,4040.67943548
10332713,2017-12-20T09:09:54.59,BUY,3.1e-07,67880.34751085
10332714,2017-12-20T09:09:55.933,SELL,3e-07,281759.28798387
10332716,2017-12-20T09:10:05.683,BUY,3.1e-07,321774.19354839
10332719,2017-12-20T09:10:23.843,SELL,3e-07,8834.0
10332722,2017-12-20T09:10:33.123,BUY,3.1e-07,1612.9032
10332725,2017-12-20T09:10:37.81,BUY,3.1e-07,290407.03524074
10332726,2017-12-20T09:10:37.81,BUY,3.1e-07,214897.676
10332727,2017-12-20T09:10:37.81,BUY,3.1e-07,150000.0
10332728,2017-12-20T09:10:37.81,BUY,3.1e-07,44695.28875926
10332730,2017-12-20T09:10:44.187,BUY,3.1e-07,40804.71124074
10332731,2017-12-20T09:10:44.187,BUY,3.1e-07,18809.21739837
10332732,2017-12-20T09:10:44.187,BUY,3.1e-07,18809.21739837
10332733,2017-12-20T09:10:44.187,BUY,3.1e-07,18809.21739837
10332734,2017-12-20T09:10:44.187,BUY,3.1e-07,18809.21739837
10332735,2017-12-20T09:10:44.187,BUY,3.1e-07,10194.81142384
10332738,2017-12-20T09:10:52.61,BUY,3.1e-07,8614.40597453
10332739,2017-12-20T09:10:52.61,BUY,3.1e-07,2000.0
10332740,2017-12-20T09:10:52.61,BUY,3.1e-07,18809.21739837
10332741,2017-12-20T09:10:52.61,BUY,3.1e-07,18809.21739837
10332742,2017-12-20T09:10:52.61,BUY,3.1e-07,18809.21739837
10332743,2017-12-20T09:10:52.61,BUY,3.1e-07,98202.48454545
10332744,2017-12-20T09:10:52.61,BUY,3.1e-07,18809.21739837
10332745,2017-12-20T09:10:52.61,BUY,3.1e-07,18808.26081304
10332746,2017-12-20T09:10:52.61,BUY,3.1e-07,21913.479
10332747,2017-12-20T09:10:52.61,BUY,3.1e-07,9328.35820895
10332748,2017-12-20T09:10:52.61,BUY,3.1e-07,18474.281875
10332749,2017-12-20T09:10:52.61,BUY,3.1e-07,129785.08772727
10332750,2017-12-20T09:10:52.61,BUY,3.1e-07,7767.31682432
10332751,2017-12-20T09:10:52.61,BUY,3.1e-07,4000.90725806
10332752,2017-12-20T09:10:52.61,BUY,3.1e-07,100000.0
10332753,2017-12-20T09:10:52.61,BUY,3.1e-07,199991.0
10332754,2017-12-20T09:10:52.61,BUY,3.1e-07,2168.47826087
10332755,2017-12-20T09:10:52.61,BUY,3.1e-07,76083.78800806
10332756,2017-12-20T09:10:52.61,BUY,3.1e-07,15759.07997609
10332757,2017-12-20T09:10:52.61,BUY,3.1e-07,76725.87125
10332758,2017-12-20T09:10:52.61,BUY,3.1e-07,2000.0
10332759,2017-12-20T09:10:52.61,BUY,3.1e-07,23750.0
10332760,2017-12-20T09:10:52.61,BUY,3.1e-07,237234.15555177
10332761,2017-12-20T09:10:52.623,BUY,3.1e-07,5718.82068325
10332762,2017-12-20T09:10:52.623,BUY,3.1e-07,70000.0
10332763,2017-12-20T09:10:52.623,BUY,3.1e-07,212500.0
10332764,2017-12-20T09:10:52.623,BUY,3.1e-07,44584.60396552
10332765,2017-12-20T09:10:52.623,BUY,3.1e-07,9526.0
10332766,2017-12-20T09:10:52.623,BUY,3.1e-07,162695.64773438
10332767,2017-12-20T09:10:52.623,BUY,3.1e-07,4000.0
10332768,2017-12-20T09:10:52.623,BUY,3.1e-07,3500.0
10332769,2017-12-20T09:10:52.623,BUY,3.1e-07,24000.0
10332770,2017-12-20T09:10:52.623,BUY,3.1e-07,24456.04343557
10332771,2017-12-20T09:10:52.623,BUY,3.1e-07,25199.28507353
10332772,2017-12-20T09:10:52.623,BUY,3.1e-07,244739.55314516
10332773,2017-12-20T09:10:52.623,BUY,3.1e-07,11089.0
10332774,2017-12-20T09:10:52.623,BUY,3.1e-07,5000.0
10332775,2017-12-20T09:10:52.623,BUY,3.1e-07,78390.60254731
10332776,2017-12-20T09:10:53.327,SELL,3e-07,30000.0
10332778,2017-12-20T09:11:01.843,BUY,3.1e-07,24548.76459677
10332782,2017-12-20T09:11:21.64,BUY,3.1e-07,2041.93911374
10332785,2017-12-20T09:11:23.89,SELL,3e-07,2856.8414089
10332790,2017-12-20T09:11:46.27,SELL,3e-07,8945.15944885
10332792,2017-12-20T09:12:03.207,BUY,3.1e-07,68083.08544503
10332794,2017-12-20T09:12:05.363,BUY,3.1e-07,15000.0
10332797,2017-12-20T09:12:21.02,BUY,3.1e-07,32177.41935484
10332799,2017-12-20T09:12:27.94,SELL,3e-07,12305.0
10332801,2017-12-20T09:12:31.55,BUY,3.1e-07,32361.28112903
10332804,2017-12-20T09:13:04.803,SELL,3e-07,6451.61290322
10332805,2017-12-20T09:13:14.21,SELL,3e-07,8701.691886
10332807,2017-12-20T09:13:15.677,BUY,3.1e-07,10000.0
10332809,2017-12-20T09:13:18.507,BUY,3.1e-07,10000.0
10332831,2017-12-20T09:14:14.96,BUY,3.1e-07,1601.45326783
10332832,2017-12-20T09:14:14.96,BUY,3.1e-07,28932.14673217
10332835,2017-12-20T09:14:17.273,BUY,3.1e-07,164104.83870968
10332839,2017-12-20T09:14:21.6,BUY,3.1e-07,1612.9032
10332843,2017-12-20T09:14:30.21,BUY,3.1e-07,5330.35040323
10332844,2017-12-20T09:14:30.883,SELL,3e-07,36768.211146
10332846,2017-12-20T09:14:40.057,BUY,3.1e-07,7500.0
10332847,2017-12-20T09:14:41.307,SELL,3e-07,32000.0
10332849,2017-12-20T09:14:42.353,SELL,3e-07,73530.83105331
10332851,2017-12-20T09:15:00.917,SELL,3e-07,6430.1415
10332852,2017-12-20T09:15:03.37,SELL,3e-07,5325.56102195
10332855,2017-12-20T09:15:09.12,BUY,3.1e-07,16818.93548333
10332858,2017-12-20T09:15:13.697,SELL,3e-07,17000.0
10332859,2017-12-20T09:15:19.04,SELL,3e-07,112006.42246875
10332862,2017-12-20T09:15:27.073,SELL,3e-07,230000.0
10332863,2017-12-20T09:15:27.387,SELL,3e-07,25000.0
10332866,2017-12-20T09:15:29.417,BUY,3.1e-07,6719.28871
10332868,2017-12-20T09:15:36.01,BUY,3.1e-07,2876.434954
10332869,2017-12-20T09:15:36.493,SELL,3e-07,3449.9468148
10332872,2017-12-20T09:15:42.417,SELL,3e-07,10000.0
10332874,2017-12-20T09:15:45.793,BUY,3.1e-07,6778.173387
10332876,2017-12-20T09:15:52.15,BUY,3.1e-07,6778.173387
10332879,2017-12-20T09:16:02.903,BUY,3.1e-07,4506.24009187
10332881,2017-12-20T09:16:06.2,BUY,3.1e-07,6778.173387
10332882,2017-12-20T09:16:09.95,SELL,3e-07,7833.0
10332884,2017-12-20T09:16:12.12,BUY,3.1e-07,6778.173387
10332893,2017-12-20T09:16:17.433,BUY,3.1e-07,6778.173387
10332897,2017-12-20T09:16:22.48,BUY,3.1e-07,6778.173387
10332899,2017-12-20T09:16:22.95,BUY,3.1e-07,7048.7804878
10332901,2017-12-20T09:16:28.84,BUY,3.1e-07,4806.34112903
10332903,2017-12-20T09:16:30.967,BUY,3.1e-07,6767.565457
10332905,2017-12-20T09:16:36.217,BUY,3.1e-07,6719.28871
10332908,2017-12-20T09:16:44.263,BUY,3.1e-07,6781.712903
10332910,2017-12-20T09:16:51.997,BUY,3.1e-07,3990.241254
10332912,2017-12-20T09:16:57.967,BUY,3.1e-07,6718.947629
10332914,2017-12-20T09:16:59.747,BUY,3.1e-07,32258.1
10332919,2017-12-20T09:17:07.827,BUY,3.1e-07,6718.947629
10332921,2017-12-20T09:17:14.577,BUY,3.1e-07,6718.947629
10332923,2017-12-20T09:17:20.623,BUY,3.1e-07,6719.28871
10332926,2017-12-20T09:17:26.967,BUY,3.1e-07,10000.0
10332928,2017-12-20T09:17:27.42,BUY,3.1e-07,6767.568997
10332930,2017-12-20T09:17:32.453,SELL,3e-07,368758.4
10332932,2017-12-20T09:17:35.03,BUY,3.1e-07,50000.0
10332934,2017-12-20T09:17:35.36,BUY,3.1e-07,6767.565457
10332936,2017-12-20T09:17:39.077,BUY,3.1e-07,144598.45765995
10332937,2017-12-20T09:17:39.077,BUY,3.1e-07,2547.0
10332938,2017-12-20T09:17:39.077,BUY,3.1e-07,32479.5975
10332939,2017-12-20T09:17:39.077,BUY,3.1e-07,16593.5881465
10332942,2017-12-20T09:17:49.547,BUY,3.1e-07,6771.094355
10332943,2017-12-20T09:17:51.36,SELL,3e-07,78000.0
10332945,2017-12-20T09:18:01.297,BUY,3.1e-07,6719.62979
10332947,2017-12-20T09:18:02.343,BUY,3.1e-07,18545.96413592
10332948,2017-12-20T09:18:02.343,BUY,3.1e-07,72947.0
10332949,2017-12-20T09:18:02.343,BUY,3.1e-07,10000.0
10332950,2017-12-20T09:18:02.343,BUY,3.1e-07,10731.0
10332951,2017-12-20T09:18:02.343,BUY,3.1e-07,5125.7729403
10332952,2017-12-20T09:18:02.343,BUY,3.1e-07,241803.42002055
10332954,2017-12-20T09:18:04.797,BUY,3.1e-07,81583.67675364
10332955,2017-12-20T09:18:04.797,BUY,3.1e-07,3108.14564516
10332956,2017-12-20T09:18:04.797,BUY,3.1e-07,7864.0
10332957,2017-12-20T09:18:04.797,BUY,3.1e-07,52444.1776012
10332958,2017-12-20T09:18:05.61,SELL,3e-07,14759.46340909
10332960,2017-12-20T09:18:10.483,BUY,3.1e-07,6719.62979
10332964,2017-12-20T09:18:16.25,BUY,3.1e-07,6719.62979
10332965,2017-12-20T09:18:17.203,SELL,3e-07,8338.42031462
10332966,2017-12-20T09:18:17.737,SELL,3e-07,2000.0
10332969,2017-12-20T09:18:27.877,BUY,3.1e-07,6756.93629
10332971,2017-12-20T09:18:33,BUY,3.1e-07,6719.62979
10332972,2017-12-20T09:18:35.05,SELL,3e-07,24600.0
10332975,2017-12-20T09:18:39.203,BUY,3.1e-07,6719.28871
10332977,2017-12-20T09:18:43.283,BUY,3.1e-07,109606.04008065
10332979,2017-12-20T09:18:45.86,BUY,3.1e-07,104314.66794815
10332980,2017-12-20T09:18:45.86,BUY,3.1e-07,1666.8166303
10332981,2017-12-20T09:18:45.86,BUY,3.1e-07,30000.0
10332982,2017-12-20T09:18:45.86,BUY,3.1e-07,270114.85913123
10332983,2017-12-20T09:18:46.44,SELL,3e-07,54156.08863636
10332985,2017-12-20T09:18:49.72,BUY,3.1e-07,6719.28871
10332987,2017-12-20T09:18:55.063,BUY,3.1e-07,6719.28871
10332989,2017-12-20T09:18:59.127,BUY,3.1e-07,6719.28871
10332993,2017-12-20T09:19:04.847,BUY,3.1e-07,6756.93629
10332995,2017-12-20T09:19:06.707,BUY,3.1e-07,2676.61427419
10332997,2017-12-20T09:19:07.02,BUY,3.1e-07,4186.82927419
10333000,2017-12-20T09:19:11.503,BUY,3.1e-07,929160.0
10333002,2017-12-20T09:19:12.377,BUY,3.1e-07,3321.117429
10333005,2017-12-20T09:19:17.94,BUY,3.1e-07,6756.93629
10333009,2017-12-20T09:19:22.707,BUY,3.1e-07,20942.64333254
10333011,2017-12-20T09:19:22.83,BUY,3.1e-07,6752.98619
10333013,2017-12-20T09:19:26.817,BUY,3.1e-07,95611.56782325
10333014,2017-12-20T09:19:26.817,BUY,3.1e-07,118598.47518816
10333017,2017-12-20T09:19:31.16,BUY,3.1e-07,6743.125967
10333019,2017-12-20T09:19:38.597,BUY,3.1e-07,6767.572536
