64758707,2017-12-20T08:03:23.34,SELL,0.00524261,6.95257596
64758720,2017-12-20T08:03:30.95,BUY,0.00526775,0.81628778
64758738,2017-12-20T08:03:41.87,BUY,0.00526775,29.59149555
64758739,2017-12-20T08:03:41.87,BUY,0.00526775,47.87352411
64758865,2017-12-20T08:04:55.653,SELL,0.00527353,0.25
64758902,2017-12-20T08:05:35.027,SELL,0.00527353,2.0
64758914,2017-12-20T08:05:44.777,BUY,0.00527351,0.34981525
64758915,2017-12-20T08:05:44.777,BUY,0.00527353,0.71079777
64758916,2017-12-20T08:05:44.79,BUY,0.00527355,1.15936538
64758924,2017-12-20T08:05:49.29,SELL,0.005243,7.05722628
64758925,2017-12-20T08:05:49.29,SELL,0.005243,0.45537643
64758938,2017-12-20T08:05:55.23,SELL,0.00524271,1.0
64758939,2017-12-20T08:05:55.23,SELL,0.00524261,9.83754671
64758967,2017-12-20T08:06:09.79,BUY,0.00527352,0.88984624
64759002,2017-12-20T08:06:32.26,BUY,0.0052727,1.68434028
64759007,2017-12-20T08:06:35.93,SELL,0.00524261,3.20987733
64759008,2017-12-20T08:06:35.93,SELL,0.00524261,0.25
64759009,2017-12-20T08:06:35.93,SELL,0.00524261,19.02678246
64759010,2017-12-20T08:06:35.93,SELL,0.00522209,33.05523582
64759011,2017-12-20T08:06:35.93,SELL,0.00522209,3.682956
64759012,2017-12-20T08:06:35.93,SELL,0.00522209,0.5
64759013,2017-12-20T08:06:35.93,SELL,0.00522207,4.0
64759014,2017-12-20T08:06:35.93,SELL,0.00522206,7.80593847
64759015,2017-12-20T08:06:35.93,SELL,0.00522206,1.0
64759016,2017-12-20T08:06:35.93,SELL,0.00522206,3.93463576
64759017,2017-12-20T08:06:35.93,SELL,0.00522206,0.32554775
64759018,2017-12-20T08:06:35.93,SELL,0.00522206,0.956
64759054,2017-12-20T08:06:52.26,SELL,0.00522206,13.19726462
64759068,2017-12-20T08:06:58.76,SELL,0.00522206,7.083668
64759075,2017-12-20T08:07:01.12,SELL,0.00523772,9.699128
64759094,2017-12-20T08:07:10.447,SELL,0.00522206,4.4e-07
64759095,2017-12-20T08:07:10.447,SELL,0.00522206,0.40738931
64759097,2017-12-20T08:07:11.04,BUY,0.00522206,13.27444035
64759111,2017-12-20T08:07:21.023,BUY,0.00526143,4.49422711
64759127,2017-12-20T08:07:27.977,BUY,0.00526142,1.8300549
64759128,2017-12-20T08:07:27.977,BUY,0.00526143,2.75309663
64759155,2017-12-20T08:07:41.57,BUY,0.00526141,0.3899235
64759156,2017-12-20T08:07:41.57,BUY,0.00526142,0.56200781
64759157,2017-12-20T08:07:41.57,BUY,0.00526145,3.45034923
64759169,2017-12-20T08:07:47.947,BUY,0.00526142,4.12734099
64759178,2017-12-20T08:07:50.993,BUY,0.00526142,0.78469132
64759198,2017-12-20T08:08:01.29,BUY,0.00526142,14.78384134
64759213,2017-12-20T08:08:10.12,BUY,0.00526142,21.99736
64759221,2017-12-20T08:08:13.667,BUY,0.00526142,1.1200223
64759254,2017-12-20T08:08:38.633,BUY,0.00525999,21.10115242
64759261,2017-12-20T08:08:45.477,SELL,0.00522,8.0
64759267,2017-12-20T08:08:49.6,BUY,0.00525999,4.40553795
64759273,2017-12-20T08:08:53.65,BUY,0.00525999,48.0
64759280,2017-12-20T08:08:55.79,BUY,0.00525999,21.99736
64759289,2017-12-20T08:09:00.383,BUY,0.00525999,3.92597632
64759301,2017-12-20T08:09:04.82,BUY,0.00525999,62.51853376
64759307,2017-12-20T08:09:06.57,BUY,0.00525999,3.66743955
64759312,2017-12-20T08:09:08.35,SELL,0.00525999,5.72187156
64759316,2017-12-20T08:09:09.553,SELL,0.00525999,0.32845787
64759336,2017-12-20T08:09:16.133,BUY,0.00526142,0.07768133
64759337,2017-12-20T08:09:16.133,BUY,0.00526142,1.0
64759338,2017-12-20T08:09:16.133,BUY,0.00526147,3.31921351
64759345,2017-12-20T08:09:19.913,BUY,0.00526,5.08032797
64759346,2017-12-20T08:09:19.913,BUY,0.00526147,1.18689022
64759347,2017-12-20T08:09:20.773,SELL,0.00525999,89.17408734
64759354,2017-12-20T08:09:23.04,BUY,0.00526147,5.49389627
64759381,2017-12-20T08:09:37.29,SELL,0.00526147,9.28600844
64759382,2017-12-20T08:09:37.29,SELL,0.00526142,18.06640462
64759393,2017-12-20T08:09:44.21,BUY,0.00527353,2.0
64759464,2017-12-20T08:10:22.037,BUY,0.00527353,2.99840102
64759465,2017-12-20T08:10:22.037,BUY,0.00527353,2.75975815
64759471,2017-12-20T08:10:25.257,BUY,0.00527353,0.01524037
64759472,2017-12-20T08:10:25.257,BUY,0.00528389,0.245923
64759474,2017-12-20T08:10:25.85,SELL,0.00528935,3.26737593
64759478,2017-12-20T08:10:27.21,SELL,0.00528935,5.04058322
64759504,2017-12-20T08:10:41.163,BUY,0.00522614,11.86812933
64759544,2017-12-20T08:11:08.38,BUY,0.00529998,1.14390157
64759545,2017-12-20T08:11:08.38,BUY,0.00529999,9.78634558
64759561,2017-12-20T08:11:17.21,BUY,0.00529999,0.02732562
64759562,2017-12-20T08:11:17.21,BUY,0.0053,1.82663824
64759563,2017-12-20T08:11:17.21,BUY,0.0053,13.49964889
64759570,2017-12-20T08:11:19.273,BUY,0.0053,15.27150663
64759571,2017-12-20T08:11:19.273,BUY,0.00530999,9.37903972
64759579,2017-12-20T08:11:24.757,SELL,0.00529998,0.814667
64759599,2017-12-20T08:11:33.85,SELL,0.00529998,0.085333
64759600,2017-12-20T08:11:33.85,SELL,0.00523801,1.83005471
64759601,2017-12-20T08:11:33.85,SELL,0.00522958,8.90784129
64759628,2017-12-20T08:11:43.257,SELL,0.00522959,0.28682936
64759629,2017-12-20T08:11:43.257,SELL,0.00522959,19.07415264
64759641,2017-12-20T08:11:45.553,BUY,0.00530998,8.58289084
64759642,2017-12-20T08:11:45.553,BUY,0.00530999,0.19656315
64759682,2017-12-20T08:11:58.633,SELL,0.00522964,1.91219213
64759683,2017-12-20T08:11:58.633,SELL,0.00522963,11.54072065
64759710,2017-12-20T08:12:13.6,BUY,0.00529993,0.37641865
64759736,2017-12-20T08:12:31.007,BUY,0.0052998,15.0
64759750,2017-12-20T08:12:40.35,SELL,0.00522965,1.803437
64759753,2017-12-20T08:12:41.523,SELL,0.00522965,2.0
64759760,2017-12-20T08:12:50.79,SELL,0.00522965,0.01137368
64759761,2017-12-20T08:12:50.79,SELL,0.00522964,5.41058356
64759762,2017-12-20T08:12:50.79,SELL,0.00522964,1.58219178
64759778,2017-12-20T08:13:06.04,BUY,0.00528996,1.91219213
64759779,2017-12-20T08:13:06.04,BUY,0.00528997,18.69773398
64759780,2017-12-20T08:13:06.04,BUY,0.00528997,1.27191389
64759802,2017-12-20T08:13:18.587,BUY,0.00528994,0.28682936
64759805,2017-12-20T08:13:20.447,SELL,0.00528995,0.65599673
64759818,2017-12-20T08:13:25.663,BUY,0.00528993,1.17405799
64759819,2017-12-20T08:13:25.663,BUY,0.00529,1.0
64759820,2017-12-20T08:13:25.663,BUY,0.00529,1.0
64759821,2017-12-20T08:13:25.663,BUY,0.00529993,0.22741669
64759824,2017-12-20T08:13:28.21,SELL,0.00529993,0.88779959
64759845,2017-12-20T08:13:39.57,SELL,0.00524061,0.21743002
64759855,2017-12-20T08:13:43.743,BUY,0.00529,1.0
64759856,2017-12-20T08:13:44.35,SELL,0.00529,1.0
64759861,2017-12-20T08:13:48.82,SELL,0.00529,0.22549314
64759875,2017-12-20T08:13:57.913,SELL,0.00529,12.92888933
64759876,2017-12-20T08:13:57.913,SELL,0.00529,0.07111067
64759877,2017-12-20T08:13:58.053,SELL,0.00529,47.38894618
64759878,2017-12-20T08:13:58.053,SELL,0.00524061,7.12628583
64759883,2017-12-20T08:13:59.243,BUY,0.00524061,1.83807752
64759904,2017-12-20T08:14:17.587,SELL,0.00524061,2.80104454
64759911,2017-12-20T08:14:24.553,SELL,0.00524067,1.600116
64759914,2017-12-20T08:14:26.79,SELL,0.00524067,1.6001164
64759920,2017-12-20T08:14:30.74,BUY,0.005284,2.22741669
64759921,2017-12-20T08:14:31.43,SELL,0.00524067,10.212197
64759922,2017-12-20T08:14:31.46,SELL,0.00524067,7.163972
64759924,2017-12-20T08:14:32.727,SELL,0.00524067,1.600116
64759925,2017-12-20T08:14:33.147,SELL,0.00524067,7.16397159
64759926,2017-12-20T08:14:33.147,SELL,0.00524061,4.1e-07
64759928,2017-12-20T08:14:35.227,BUY,0.00528395,21.83406
64759945,2017-12-20T08:14:47.023,SELL,0.00524061,1.60011599
64759946,2017-12-20T08:14:47.023,SELL,0.00524061,7.18450181
64759954,2017-12-20T08:14:52.727,BUY,0.00528394,1.8300146
64759955,2017-12-20T08:14:52.727,BUY,0.00528395,2.54048971
64759997,2017-12-20T08:15:20.32,SELL,0.00522973,85.95978249
64760002,2017-12-20T08:15:24.413,SELL,0.00522973,2.040905
64760019,2017-12-20T08:15:34.32,SELL,0.00522974,1.0
64760026,2017-12-20T08:15:36.82,BUY,0.00528899,9.42996678
64760048,2017-12-20T08:15:47.447,BUY,0.00528889,1.00400299
64760049,2017-12-20T08:15:47.837,SELL,0.00522978,0.83505492
64760050,2017-12-20T08:15:47.85,SELL,0.00522977,2.84402608
64760055,2017-12-20T08:15:50.773,BUY,0.0052887,0.5
64760091,2017-12-20T08:16:10.523,SELL,0.00523015,16.05504409
64760118,2017-12-20T08:16:30.93,SELL,0.00523016,0.62239358
64760124,2017-12-20T08:16:37.82,SELL,0.00524,0.2937638
64760130,2017-12-20T08:16:39.943,SELL,0.00524001,1.91198739
64760131,2017-12-20T08:16:39.943,SELL,0.00524,1.61346551
64760132,2017-12-20T08:16:39.943,SELL,0.00523018,2.38810988
64760145,2017-12-20T08:16:48.82,SELL,0.00525,1.907229
64760148,2017-12-20T08:16:50.54,BUY,0.00528867,0.37816691
64760160,2017-12-20T08:16:59.82,BUY,0.0052886,0.47160258
64760172,2017-12-20T08:17:10.537,SELL,0.00524,1.444965
64760207,2017-12-20T08:17:32.6,BUY,0.00528799,0.22691559
64760209,2017-12-20T08:17:34.1,BUY,0.00528799,1.8358628
64760210,2017-12-20T08:17:34.1,BUY,0.00528799,4.15164076
64760234,2017-12-20T08:17:47.663,BUY,0.00528749,1.88612174
64760256,2017-12-20T08:17:59.24,BUY,0.00528598,1.83502972
64760257,2017-12-20T08:17:59.24,BUY,0.00528599,0.06717259
64760265,2017-12-20T08:18:05.443,SELL,0.00524,4.198132
64760275,2017-12-20T08:18:11.9,BUY,0.00528548,2.0
64760307,2017-12-20T08:18:35.4,SELL,0.00528548,17.909
64760309,2017-12-20T08:18:36.43,SELL,0.00528548,4.41906361
64760311,2017-12-20T08:18:36.82,SELL,0.00524001,1.83002984
64760312,2017-12-20T08:18:36.82,SELL,0.00524,3.87503277
64760313,2017-12-20T08:18:36.82,SELL,0.00523015,33.48929277
64760314,2017-12-20T08:18:36.82,SELL,0.00522974,1.0
64760315,2017-12-20T08:18:36.82,SELL,0.00522004,3.82183368
64760316,2017-12-20T08:18:36.82,SELL,0.00522,0.38218391
64760317,2017-12-20T08:18:36.82,SELL,0.0052,11.79484366
64760318,2017-12-20T08:18:36.82,SELL,0.0052,0.76896316
64760319,2017-12-20T08:18:36.82,SELL,0.00518502,2.46565474
64760320,2017-12-20T08:18:36.82,SELL,0.005181,4.89566755
64760321,2017-12-20T08:18:36.82,SELL,0.005181,3.88878512
64760322,2017-12-20T08:18:36.82,SELL,0.005181,4.96401501
64760323,2017-12-20T08:18:36.82,SELL,0.005181,4.73304749
64760324,2017-12-20T08:18:36.82,SELL,0.00518001,17.78262471
64760325,2017-12-20T08:18:37.867,SELL,0.00518001,1.61737529
64760326,2017-12-20T08:18:37.867,SELL,0.00518001,0.38513679
64760327,2017-12-20T08:18:37.867,SELL,0.00518,0.2633997
64760328,2017-12-20T08:18:37.867,SELL,0.00518,12.73408822
64760329,2017-12-20T08:18:38.26,SELL,0.00518,17.157593
64760330,2017-12-20T08:18:38.32,SELL,0.00518,14.06342
64760332,2017-12-20T08:18:38.477,SELL,0.00518,8.794342
64760337,2017-12-20T08:18:39.993,SELL,0.00518101,4.1742568
64760338,2017-12-20T08:18:39.993,SELL,0.00518,0.6335052
64760376,2017-12-20T08:19:10.07,SELL,0.00518504,2.1574427
64760379,2017-12-20T08:19:10.803,BUY,0.00527799,0.56829052
64760385,2017-12-20T08:19:23.76,SELL,0.00518505,0.31265576
64760391,2017-12-20T08:19:32.21,SELL,0.00518525,2.7642037
64760392,2017-12-20T08:19:32.21,SELL,0.00518505,0.07210667
64760393,2017-12-20T08:19:32.21,SELL,0.00518505,6.52575607
64760419,2017-12-20T08:20:31.663,BUY,0.00524,0.76896316
64760420,2017-12-20T08:20:31.663,BUY,0.00524,0.38476243
64760421,2017-12-20T08:20:31.663,BUY,0.00524,6.48984318
64760434,2017-12-20T08:20:53.723,SELL,0.00518538,9.232582
64760444,2017-12-20T08:21:01.927,BUY,0.00524,0.32554775
64760445,2017-12-20T08:21:01.927,BUY,0.00524,0.5
64760448,2017-12-20T08:21:03.02,SELL,0.00524001,1.24511483
64760451,2017-12-20T08:21:04.553,SELL,0.00524001,15.51979137
64760475,2017-12-20T08:21:40.897,BUY,0.00525115,4.1671443
64760476,2017-12-20T08:21:40.897,BUY,0.00525115,3.32296658
64760481,2017-12-20T08:21:53.583,BUY,0.00525113,1.83005483
64760484,2017-12-20T08:21:54.16,BUY,0.00525415,26.222
64760486,2017-12-20T08:21:55.6,SELL,0.00525415,4.94889545
64760488,2017-12-20T08:21:56.1,SELL,0.00525415,4.7227087
64760489,2017-12-20T08:21:56.177,SELL,0.00525415,4.89548588
64760491,2017-12-20T08:21:56.473,SELL,0.00525415,1.3944164
64760495,2017-12-20T08:21:59.427,SELL,0.00525415,17.33028578
64760515,2017-12-20T08:22:11.52,BUY,0.0052883,2.87647587
64760516,2017-12-20T08:22:11.52,BUY,0.0052883,0.3426836
64760517,2017-12-20T08:22:11.52,BUY,0.00528899,0.4100263
64760518,2017-12-20T08:22:11.52,BUY,0.00529,1.0
64760519,2017-12-20T08:22:11.52,BUY,0.00529,10.0
64760520,2017-12-20T08:22:11.52,BUY,0.00529993,0.88779959
64760521,2017-12-20T08:22:11.52,BUY,0.00529993,10.89804621
64760534,2017-12-20T08:22:20.38,SELL,0.0052883,2.86263053
64760535,2017-12-20T08:22:20.38,SELL,0.0052883,2.76959021
64760536,2017-12-20T08:22:20.38,SELL,0.00525419,22.0152904
64760560,2017-12-20T08:22:33.597,SELL,0.0052401,15.55131263
64760561,2017-12-20T08:22:33.597,SELL,0.00524009,9.15148851
64760564,2017-12-20T08:22:34.833,BUY,0.00524009,1.48561465
64760567,2017-12-20T08:22:36.113,SELL,0.0052883,0.3548
64760581,2017-12-20T08:22:46.63,SELL,0.0052883,1.21828162
64760594,2017-12-20T08:22:51.99,BUY,0.00529933,4.33307931
64760600,2017-12-20T08:22:54.723,BUY,0.00529933,4.33307931
64760609,2017-12-20T08:22:57.817,BUY,0.00529933,4.33307931
64760614,2017-12-20T08:23:00.723,BUY,0.00529933,0.35290047
64760617,2017-12-20T08:23:02.44,BUY,0.00529991,0.38513679
64760624,2017-12-20T08:23:05.253,BUY,0.00529993,8.30053183
64760625,2017-12-20T08:23:05.363,SELL,0.00529933,1.15083428
64760644,2017-12-20T08:23:15.177,BUY,0.0053095,0.2633997
64760649,2017-12-20T08:23:17.44,BUY,0.00531,6.6139416
64760651,2017-12-20T08:23:18.66,SELL,0.0053095,0.53762163
64760654,2017-12-20T08:23:19.02,BUY,0.00531,3.3860584
64760655,2017-12-20T08:23:19.283,SELL,0.00531,14.389
64760659,2017-12-20T08:23:20.597,BUY,0.00531294,1.15387086
64760660,2017-12-20T08:23:20.597,BUY,0.00531352,0.52372852
64760666,2017-12-20T08:23:21.503,SELL,0.00531352,2.64578232
64760667,2017-12-20T08:23:21.503,SELL,0.00531,11.25371258
64760693,2017-12-20T08:23:34.127,BUY,0.00533,0.22514071
64760698,2017-12-20T08:23:37.47,BUY,0.00533,1.02885929
64760699,2017-12-20T08:23:37.47,BUY,0.00533,0.7491788
64760700,2017-12-20T08:23:37.47,BUY,0.00533,1.58651488
64760702,2017-12-20T08:23:37.673,BUY,0.00533,8.41348512
64760708,2017-12-20T08:23:40.627,SELL,0.00533,0.33379489
64760709,2017-12-20T08:23:40.627,SELL,0.00533,1.26214776
64760712,2017-12-20T08:23:41.33,BUY,0.00534,1.24026018
64760723,2017-12-20T08:23:44.52,SELL,0.00533001,0.59701602
64760725,2017-12-20T08:23:44.83,BUY,0.00533999,31.89955261
64760729,2017-12-20T08:23:46.877,BUY,0.00533999,4.26208365
64760736,2017-12-20T08:23:49.533,BUY,0.00534,4.26208365
64760739,2017-12-20T08:23:50.16,SELL,0.00533001,0.59517498
64760748,2017-12-20T08:23:52.893,SELL,0.00533999,1.44743049
64760753,2017-12-20T08:23:54.627,BUY,0.00534,0.34578653
64760754,2017-12-20T08:23:54.627,BUY,0.00538993,0.45761647
64760759,2017-12-20T08:23:56.16,SELL,0.00533001,1.28555867
64760760,2017-12-20T08:23:56.503,SELL,0.00533001,19.19385796
64760765,2017-12-20T08:23:58.563,BUY,0.00538993,0.402203
64760770,2017-12-20T08:24:00.783,BUY,0.00538993,22.59649868
64760772,2017-12-20T08:24:01.207,SELL,0.00534,0.24248878
64760777,2017-12-20T08:24:03.563,BUY,0.00538993,0.4331279
64760782,2017-12-20T08:24:05.16,SELL,0.00533001,0.3268068
64760785,2017-12-20T08:24:05.987,BUY,0.00538993,1.2
64760790,2017-12-20T08:24:07.847,BUY,0.00538993,1.49555395
64760792,2017-12-20T08:24:07.893,BUY,0.00538994,4.25767715
64760794,2017-12-20T08:24:09.097,SELL,0.00538993,0.8138808
64760797,2017-12-20T08:24:11.33,BUY,0.00538994,5.74232285
64760799,2017-12-20T08:24:11.8,SELL,0.00538993,0.67092495
64760800,2017-12-20T08:24:11.8,SELL,0.00533002,0.52046425
64760802,2017-12-20T08:24:12.44,BUY,0.00538994,35.279
64760803,2017-12-20T08:24:12.44,BUY,0.00539527,0.41239821
64760804,2017-12-20T08:24:12.44,BUY,0.00539537,0.05894524
64760805,2017-12-20T08:24:12.44,BUY,0.0054,0.956
64760806,2017-12-20T08:24:12.44,BUY,0.00540597,1.53125655
64760811,2017-12-20T08:24:12.893,BUY,0.00540597,5.87554594
64760812,2017-12-20T08:24:12.893,BUY,0.00540598,0.655784
64760813,2017-12-20T08:24:12.893,BUY,0.0054358,4.61070515
64760814,2017-12-20T08:24:12.893,BUY,0.0054358,9.28264467
64760815,2017-12-20T08:24:12.893,BUY,0.0054385,15.0
64760821,2017-12-20T08:24:14.783,SELL,0.0054385,2.81292024
64760822,2017-12-20T08:24:14.783,SELL,0.0054385,4.4017918
64760824,2017-12-20T08:24:14.923,SELL,0.0054385,0.53658119
64760828,2017-12-20T08:24:16.05,SELL,0.0054385,0.52701221
64760829,2017-12-20T08:24:16.22,SELL,0.0054385,1.72823338
64760831,2017-12-20T08:24:16.753,SELL,0.0054385,1.48148148
64760832,2017-12-20T08:24:16.923,SELL,0.0054385,0.9541985
64760834,2017-12-20T08:24:17.563,BUY,0.00543891,1.51709653
64760835,2017-12-20T08:24:17.563,BUY,0.00543891,5.90179964
64760836,2017-12-20T08:24:17.597,SELL,0.0054385,1.51228732
64760839,2017-12-20T08:24:18.393,SELL,0.0054385,0.28645574
64760842,2017-12-20T08:24:18.753,SELL,0.0054385,12.29631904
64760843,2017-12-20T08:24:19.36,SELL,0.0054385,0.22
64760846,2017-12-20T08:24:19.533,BUY,0.0054386,0.29374474
64760847,2017-12-20T08:24:19.533,BUY,0.00543891,1.90265944
64760848,2017-12-20T08:24:19.533,BUY,0.00543891,0.6533444
64760849,2017-12-20T08:24:19.533,BUY,0.00544,32.62809959
64760850,2017-12-20T08:24:20.517,SELL,0.0054385,1.89470151
64760853,2017-12-20T08:24:20.813,SELL,0.0054385,0.9560266
64760855,2017-12-20T08:24:21.25,BUY,0.00544,4.2151147
64760860,2017-12-20T08:24:22.423,SELL,0.0054385,0.94357782
64760861,2017-12-20T08:24:22.44,SELL,0.0054385,0.9560266
64760862,2017-12-20T08:24:22.877,SELL,0.0054385,0.8138808
64760865,2017-12-20T08:24:23.22,BUY,0.00544,13.15678571
64760870,2017-12-20T08:24:24.097,BUY,0.00545,4.20543064
64760874,2017-12-20T08:24:26.19,BUY,0.00545,0.941472
64760876,2017-12-20T08:24:26.25,SELL,0.00544,0.30089327
64760879,2017-12-20T08:24:27.063,SELL,0.00544,0.54744393
64760883,2017-12-20T08:24:29.643,SELL,0.00544,0.3341924
64760886,2017-12-20T08:24:30.19,BUY,0.00544,2.58462712
64760887,2017-12-20T08:24:30.19,BUY,0.00544999,1.46249957
64760888,2017-12-20T08:24:30.19,BUY,0.00545,0.15849934
64760894,2017-12-20T08:24:33.44,SELL,0.00544999,0.34115507
64760895,2017-12-20T08:24:33.453,SELL,0.0054385,0.61487153
64760899,2017-12-20T08:24:34.657,BUY,0.00544,0.68014706
64760900,2017-12-20T08:24:34.657,BUY,0.00544544,2.8739927
64760901,2017-12-20T08:24:34.657,BUY,0.00545,0.64771405
64760905,2017-12-20T08:24:35.377,BUY,0.00545,2.76053125
64760907,2017-12-20T08:24:35.673,BUY,0.00545,8.28379457
64760908,2017-12-20T08:24:36.753,SELL,0.0054385,1.23999133
64760910,2017-12-20T08:24:37.003,BUY,0.00545,2.44802672
64760912,2017-12-20T08:24:37.05,BUY,0.00544999,4.02101066
64760915,2017-12-20T08:24:37.55,BUY,0.00544999,4.20204903
64760921,2017-12-20T08:24:39.97,SELL,0.0054385,0.9560284
64760924,2017-12-20T08:24:40.72,SELL,0.0054385,0.8138808
64760927,2017-12-20T08:24:40.923,BUY,0.00544999,0.22802031
64760928,2017-12-20T08:24:40.923,BUY,0.00544999,0.25015573
64760931,2017-12-20T08:24:41.567,BUY,0.00544999,1.65620388
64760932,2017-12-20T08:24:41.567,BUY,0.00545,2.54942215
64760936,2017-12-20T08:24:42.22,BUY,0.00545,4.20601315
64760940,2017-12-20T08:24:43.877,SELL,0.0054385,0.9560284
64760944,2017-12-20T08:24:45.86,SELL,0.0054385,0.94007962
64760952,2017-12-20T08:24:48.143,BUY,0.00545,2.4574305
64760953,2017-12-20T08:24:48.143,BUY,0.00545,2.55857249
64760959,2017-12-20T08:24:51.11,SELL,0.00538996,0.9541985
64760969,2017-12-20T08:24:53.86,BUY,0.00538996,0.80981857
64760970,2017-12-20T08:24:54.597,SELL,0.0054385,2.97790764
64760973,2017-12-20T08:24:55.08,BUY,0.00545,5.22002089
64760978,2017-12-20T08:24:56.487,SELL,0.00545,3.03231886
64760979,2017-12-20T08:24:56.8,SELL,0.00545,2.02377553
64760980,2017-12-20T08:24:56.847,SELL,0.00545,0.74074074
64760984,2017-12-20T08:24:57.783,SELL,0.00545,0.9541985
64760987,2017-12-20T08:24:58.003,SELL,0.00545,2.92265249
64760988,2017-12-20T08:24:58.003,SELL,0.0054385,3.62488868
64760989,2017-12-20T08:24:58.05,SELL,0.0054385,1.52236834
64760992,2017-12-20T08:24:58.957,SELL,0.0054385,0.37735849
64760993,2017-12-20T08:24:59.22,SELL,0.0054385,0.57251908
64760994,2017-12-20T08:24:59.503,SELL,0.0054385,11.71612784
64760997,2017-12-20T08:25:00.017,SELL,0.0054385,3.86796932
64760998,2017-12-20T08:25:00.487,SELL,0.0054385,0.87718294
64760999,2017-12-20T08:25:00.957,SELL,0.0054385,40.03493957
64761000,2017-12-20T08:25:00.957,SELL,0.00538996,10.22681709
64761001,2017-12-20T08:25:01.643,SELL,0.00538996,5.57343262
64761002,2017-12-20T08:25:01.72,SELL,0.00538996,5.41786743
64761003,2017-12-20T08:25:01.767,SELL,0.00538996,0.56285917
64761004,2017-12-20T08:25:01.91,SELL,0.00538996,3.76116596
64761005,2017-12-20T08:25:02.253,SELL,0.00538996,1.85989762
64761006,2017-12-20T08:25:02.3,SELL,0.00538996,4.85080056
64761008,2017-12-20T08:25:02.55,SELL,0.00538996,7.43784748
64761009,2017-12-20T08:25:02.86,SELL,0.00538996,0.55555554
64761011,2017-12-20T08:25:02.923,BUY,0.00545,0.9541985
64761012,2017-12-20T08:25:02.923,BUY,0.00545,0.78826794
64761013,2017-12-20T08:25:02.923,BUY,0.00546254,0.95206257
64761014,2017-12-20T08:25:02.923,BUY,0.00546255,0.06948226
64761015,2017-12-20T08:25:02.923,SELL,0.00538996,0.9541985
64761016,2017-12-20T08:25:03.017,SELL,0.00538996,2.2338548
64761017,2017-12-20T08:25:03.61,SELL,0.00538996,0.56285916
64761018,2017-12-20T08:25:03.753,SELL,0.00538996,1.19626168
64761020,2017-12-20T08:25:03.877,BUY,0.00546255,0.31270165
64761021,2017-12-20T08:25:03.877,BUY,0.0054672,0.38319902
64761022,2017-12-20T08:25:03.877,BUY,0.00547583,3.66022551
64761023,2017-12-20T08:25:03.91,SELL,0.00538996,16.06829592
64761024,2017-12-20T08:25:04.173,SELL,0.00538996,1.50446352
64761025,2017-12-20T08:25:04.347,SELL,0.00538996,1.86890736
64761026,2017-12-20T08:25:04.517,SELL,0.00538996,0.23158116
64761028,2017-12-20T08:25:04.767,SELL,0.00538996,0.23045944
64761029,2017-12-20T08:25:04.86,SELL,0.00538996,3.72309134
64761030,2017-12-20T08:25:05.173,SELL,0.00538996,1.19601482
64761043,2017-12-20T08:25:09.38,BUY,0.005348,0.82716052
64761046,2017-12-20T08:25:10.317,BUY,0.005348,0.88714242
64761052,2017-12-20T08:25:12.393,SELL,0.005348,1.33587786
64761053,2017-12-20T08:25:13.753,SELL,0.005348,1.88760446
64761055,2017-12-20T08:25:14.143,SELL,0.005348,0.9541985
64761056,2017-12-20T08:25:14.3,SELL,0.005348,1.39845974
64761058,2017-12-20T08:25:14.317,BUY,0.00538996,0.86969409
64761059,2017-12-20T08:25:14.317,BUY,0.0053958,94.51845841
64761060,2017-12-20T08:25:14.317,BUY,0.00545,1.95454127
64761061,2017-12-20T08:25:14.317,BUY,0.00547583,2.11007817
64761062,2017-12-20T08:25:14.317,BUY,0.00547583,35.36664447
64761063,2017-12-20T08:25:14.317,BUY,0.00548307,0.9995018
64761064,2017-12-20T08:25:14.317,BUY,0.005487,1.53504408
64761065,2017-12-20T08:25:14.317,BUY,0.005487,36.56710565
64761066,2017-12-20T08:25:14.317,BUY,0.0055,1.0
64761067,2017-12-20T08:25:14.317,BUY,0.0055,1.56029149
64761068,2017-12-20T08:25:14.317,BUY,0.0055,35.79452207
64761069,2017-12-20T08:25:14.317,BUY,0.0055,2.0
64761070,2017-12-20T08:25:14.317,BUY,0.0055,42.00498354
64761071,2017-12-20T08:25:14.317,BUY,0.00550008,0.254171
64761072,2017-12-20T08:25:14.317,BUY,0.005523,7.12846308
64761073,2017-12-20T08:25:14.317,BUY,0.00552947,0.37164428
64761074,2017-12-20T08:25:14.317,BUY,0.00554415,584.0
64761075,2017-12-20T08:25:14.317,BUY,0.00555028,28.12275478
64761076,2017-12-20T08:25:14.317,BUY,0.00556,17.0450083
64761077,2017-12-20T08:25:15.02,SELL,0.005348,1.90839694
64761078,2017-12-20T08:25:15.02,SELL,0.005348,0.67908792
64761080,2017-12-20T08:25:15.8,SELL,0.00531102,4.23837711
64761081,2017-12-20T08:25:15.8,SELL,0.00531101,3.06260922
64761086,2017-12-20T08:25:18.567,BUY,0.0053187,0.87787
64761087,2017-12-20T08:25:18.567,BUY,0.005348,0.27511058
64761088,2017-12-20T08:25:18.567,BUY,0.00543645,0.88746702
64761089,2017-12-20T08:25:18.567,BUY,0.00555,2.10158218
64761091,2017-12-20T08:25:18.647,SELL,0.00547583,1.88761873
64761093,2017-12-20T08:25:19.007,SELL,0.00547583,2.10858343
64761095,2017-12-20T08:25:19.677,SELL,0.005348,0.93809862
64761099,2017-12-20T08:25:20.21,SELL,0.005348,3.81309722
64761100,2017-12-20T08:25:20.253,SELL,0.005348,0.44637542
64761101,2017-12-20T08:25:20.677,SELL,0.005348,4.49331558
64761102,2017-12-20T08:25:20.677,SELL,0.00531101,1.80884168
64761103,2017-12-20T08:25:20.677,SELL,0.00531101,4.81885481
64761104,2017-12-20T08:25:20.677,SELL,0.00531101,4.64879847
64761105,2017-12-20T08:25:20.693,SELL,0.00531002,0.37570714
64761106,2017-12-20T08:25:20.693,SELL,0.00531002,7.53152413
64761107,2017-12-20T08:25:20.693,SELL,0.00531001,41.89422009
64761114,2017-12-20T08:25:21.91,BUY,0.00554999,4.14241261
64761119,2017-12-20T08:25:22.613,SELL,0.00536404,1.80884168
64761130,2017-12-20T08:25:25.49,SELL,0.00536407,3.71919083
64761131,2017-12-20T08:25:25.49,SELL,0.00536406,0.98226661
64761135,2017-12-20T08:25:25.833,BUY,0.00554999,3.38911152
64761136,2017-12-20T08:25:25.833,BUY,0.00555,20.28297287
64761138,2017-12-20T08:25:25.897,SELL,0.00555,3.71919083
64761140,2017-12-20T08:25:26.147,SELL,0.00555,0.781157
64761141,2017-12-20T08:25:26.537,SELL,0.00555,4.81916142
64761143,2017-12-20T08:25:26.613,SELL,0.00555,3.03772026
64761146,2017-12-20T08:25:26.787,SELL,0.00555,0.4955577
64761147,2017-12-20T08:25:26.787,SELL,0.00536408,0.4571844
64761149,2017-12-20T08:25:27.067,SELL,0.00536408,0.95419847
64761151,2017-12-20T08:25:27.27,SELL,0.00536408,0.72467913
64761159,2017-12-20T08:25:28.677,SELL,0.00536409,2.39075302
64761162,2017-12-20T08:25:29.02,SELL,0.00536409,0.22987492
64761163,2017-12-20T08:25:29.35,SELL,0.00536409,0.4955577
64761167,2017-12-20T08:25:29.833,SELL,0.00536411,1.24118476
64761178,2017-12-20T08:25:31.88,SELL,0.00536412,0.56829052
64761179,2017-12-20T08:25:32.02,SELL,0.00536412,2.21136369
64761181,2017-12-20T08:25:32.083,SELL,0.00536412,2.25532265
64761198,2017-12-20T08:25:36.85,SELL,0.00536413,0.9527421
64761199,2017-12-20T08:25:37.003,SELL,0.00536413,0.99419314
64761205,2017-12-20T08:25:39.05,SELL,0.00536414,3.71914923
64761221,2017-12-20T08:25:42.647,SELL,0.00536413,1.77221399
64761222,2017-12-20T08:25:42.647,SELL,0.00536413,4.54273673
64761227,2017-12-20T08:25:44.8,SELL,0.00536414,1.53985954
64761229,2017-12-20T08:25:45.083,SELL,0.00536414,0.8657208
64761231,2017-12-20T08:25:45.473,SELL,0.00536414,1.09073812
64761240,2017-12-20T08:25:51.583,SELL,0.00536414,6.51772396
64761247,2017-12-20T08:25:57.99,SELL,0.00536417,0.97531288
64761255,2017-12-20T08:25:59.82,BUY,0.00544793,0.36521912
64761259,2017-12-20T08:26:01.583,SELL,0.00536418,0.5412584
64761262,2017-12-20T08:26:06.07,BUY,0.00544693,4.28533554
64761263,2017-12-20T08:26:06.07,BUY,0.00544789,5.03497686
64761264,2017-12-20T08:26:06.07,BUY,0.0054479,1.24118475
64761265,2017-12-20T08:26:06.083,BUY,0.00544791,3.49631846
64761266,2017-12-20T08:26:06.083,BUY,0.00544792,4.43252112
64761288,2017-12-20T08:26:19.367,SELL,0.00536426,0.38299722
64761295,2017-12-20T08:26:27.083,BUY,0.0054478,0.9822666
64761296,2017-12-20T08:26:27.083,BUY,0.00544781,3.71914923
64761297,2017-12-20T08:26:27.083,BUY,0.00544782,2.136062
64761298,2017-12-20T08:26:27.647,SELL,0.00544783,3.71914923
64761299,2017-12-20T08:26:27.787,SELL,0.00544783,7.93482811
64761300,2017-12-20T08:26:27.787,SELL,0.0053722,10.3223701
64761303,2017-12-20T08:26:28.96,SELL,0.0053722,8.67518284
64761304,2017-12-20T08:26:28.96,SELL,0.00536426,2.9787945
64761318,2017-12-20T08:26:34.803,BUY,0.00544688,0.45696947
64761319,2017-12-20T08:26:34.803,BUY,0.00544781,0.24303053
64761321,2017-12-20T08:26:35.147,SELL,0.00536426,9.61093139
64761331,2017-12-20T08:26:40.96,SELL,0.00539,0.44444444
64761332,2017-12-20T08:26:42.13,SELL,0.00539,0.22993792
64761333,2017-12-20T08:26:42.24,SELL,0.00539,1.14392916
64761334,2017-12-20T08:26:43.193,SELL,0.00539,0.80593277
64761339,2017-12-20T08:26:48.833,SELL,0.0054,0.28137465
64761344,2017-12-20T08:26:55.007,SELL,0.0054,0.9451975
64761346,2017-12-20T08:26:55.91,BUY,0.0054478,9.17799996
64761348,2017-12-20T08:26:55.943,BUY,0.0054478,15.24247057
64761354,2017-12-20T08:27:06.91,SELL,0.0054,2.0
64761356,2017-12-20T08:27:07.223,BUY,0.00544779,3.11618564
64761357,2017-12-20T08:27:07.223,BUY,0.00544779,7.31519995
64761358,2017-12-20T08:27:07.223,BUY,0.00544779,7.61860288
64761359,2017-12-20T08:27:08.613,SELL,0.0054,0.28551754
64761361,2017-12-20T08:27:09.1,BUY,0.00544779,1.46601164
64761362,2017-12-20T08:27:09.1,BUY,0.00544781,10.85002811
64761363,2017-12-20T08:27:11.02,SELL,0.0054,0.47883638
64761367,2017-12-20T08:27:14.27,SELL,0.00540001,1.80507997
64761369,2017-12-20T08:27:16.287,SELL,0.00540001,0.832146
64761376,2017-12-20T08:27:21.927,SELL,0.00540002,0.56764927
64761387,2017-12-20T08:27:26.693,SELL,0.00540002,3.15267
64761404,2017-12-20T08:27:34.787,BUY,0.00540677,0.34044565
64761408,2017-12-20T08:27:37.223,SELL,0.00540102,0.40387
64761414,2017-12-20T08:27:42.503,SELL,0.00540102,1.38461804
64761415,2017-12-20T08:27:42.63,SELL,0.00540102,0.8105657
64761423,2017-12-20T08:27:44.3,SELL,0.00540102,2.87360725
64761441,2017-12-20T08:27:53.177,BUY,0.00540677,1.57040165
64761442,2017-12-20T08:27:53.177,BUY,0.00540677,0.27223021
64761445,2017-12-20T08:27:58.88,SELL,0.00540102,10.48822274
64761451,2017-12-20T08:28:01.473,BUY,0.00540677,1.54221356
64761454,2017-12-20T08:28:02.91,BUY,0.00540677,5.69429818
64761457,2017-12-20T08:28:04.52,SELL,0.00540109,5.53124257
64761463,2017-12-20T08:28:09.16,SELL,0.00540209,0.504584
64761469,2017-12-20T08:28:10.347,BUY,0.00540677,1.91614618
64761478,2017-12-20T08:28:13.427,SELL,0.00540677,0.58680482
64761492,2017-12-20T08:28:20.83,SELL,0.00540677,0.9433962
64761502,2017-12-20T08:28:29.317,SELL,0.00540677,0.945201
64761516,2017-12-20T08:28:40.44,SELL,0.00540777,0.38968749
64761525,2017-12-20T08:28:43.27,BUY,0.00542702,0.28889211
64761537,2017-12-20T08:28:48.207,SELL,0.00542702,0.28184989
64761541,2017-12-20T08:28:53.05,SELL,0.00542702,0.9405143
64761542,2017-12-20T08:28:53.52,SELL,0.00542702,9.94830018
64761543,2017-12-20T08:28:53.52,SELL,0.00540778,69.60181804
64761544,2017-12-20T08:28:53.52,SELL,0.00540777,4.90096474
64761545,2017-12-20T08:28:53.52,SELL,0.00540777,4.6607933
64761546,2017-12-20T08:28:53.52,SELL,0.00540777,3.76246715
64761547,2017-12-20T08:28:53.52,SELL,0.00540677,35.10131683
64761548,2017-12-20T08:28:53.52,SELL,0.00540677,4.97502288
64761549,2017-12-20T08:28:53.52,SELL,0.00540109,1.60095143
64761550,2017-12-20T08:28:53.52,SELL,0.00540105,13.77509374
64761551,2017-12-20T08:28:53.52,SELL,0.00540102,1.0
64761552,2017-12-20T08:28:53.52,SELL,0.0054,1.82169115
64761553,2017-12-20T08:28:53.52,SELL,0.00539,51.68192331
64761565,2017-12-20T08:28:58.643,BUY,0.00544781,2.60678343
64761567,2017-12-20T08:28:59.69,SELL,0.00544781,0.37816691
64761568,2017-12-20T08:28:59.71,SELL,0.00544781,0.81628778
64761569,2017-12-20T08:28:59.863,SELL,0.00544781,0.9405143
64761571,2017-12-20T08:29:00.33,SELL,0.00544781,1.89036274
64761575,2017-12-20T08:29:02.173,SELL,0.00544781,1.34858482
64761580,2017-12-20T08:29:04.94,SELL,0.00544781,1.10114976
64761583,2017-12-20T08:29:05.987,SELL,0.00544781,2.07941867
64761585,2017-12-20T08:29:06.16,SELL,0.00544781,0.66037735
64761588,2017-12-20T08:29:07.83,SELL,0.00544781,0.9405143
64761589,2017-12-20T08:29:07.91,SELL,0.00544781,0.44256845
64761590,2017-12-20T08:29:07.91,SELL,0.00542702,1.70685976
64761591,2017-12-20T08:29:07.91,SELL,0.00542702,0.79319251
64761595,2017-12-20T08:29:08.847,SELL,0.00542702,5.08111242
64761597,2017-12-20T08:29:11.863,SELL,0.00539,2.82195285
64761598,2017-12-20T08:29:11.863,SELL,0.00539,0.42581486
64761601,2017-12-20T08:29:13.83,BUY,0.00544783,0.91964753
64761604,2017-12-20T08:29:14.927,SELL,0.0053644,1.28518753
64761605,2017-12-20T08:29:14.927,SELL,0.00536427,1.20065247
64761606,2017-12-20T08:29:15.19,SELL,0.00536427,0.42464027
64761607,2017-12-20T08:29:15.19,SELL,0.00536427,0.86054756
64761608,2017-12-20T08:29:15.19,SELL,0.00536414,1.4913854
64761609,2017-12-20T08:29:15.19,SELL,0.00536414,2.7963476
64761610,2017-12-20T08:29:15.19,SELL,0.00536414,0.37284635
64761611,2017-12-20T08:29:15.19,SELL,0.00536414,0.37284635
64761612,2017-12-20T08:29:15.19,SELL,0.00536414,3.5717918
64761613,2017-12-20T08:29:15.19,SELL,0.00536414,0.10685167
64761619,2017-12-20T08:29:16.3,SELL,0.0053644,1.285188
64761620,2017-12-20T08:29:16.3,SELL,0.00536414,0.512294
64761623,2017-12-20T08:29:19.55,SELL,0.00536414,0.12654702
64761624,2017-12-20T08:29:19.55,SELL,0.00536414,0.22655893
64761625,2017-12-20T08:29:19.55,SELL,0.00536414,0.52198488
64761626,2017-12-20T08:29:19.55,SELL,0.00536414,0.41009717
64761628,2017-12-20T08:29:21.16,BUY,0.00536439,1.12453045
64761638,2017-12-20T08:29:26.253,SELL,0.00536414,2.5e-07
64761639,2017-12-20T08:29:26.253,SELL,0.00536414,0.37191423
64761640,2017-12-20T08:29:26.253,SELL,0.00533076,1.0707704
64761641,2017-12-20T08:29:26.253,SELL,0.00531109,2.97474401
64761642,2017-12-20T08:29:26.253,SELL,0.00531102,1.23909641
64761660,2017-12-20T08:29:34.143,SELL,0.00531102,0.37191423
64761661,2017-12-20T08:29:34.143,SELL,0.00531,3.0
64761662,2017-12-20T08:29:34.143,SELL,0.0053095,1.89479816
64761672,2017-12-20T08:29:39.957,SELL,0.0053095,0.27781865
64761674,2017-12-20T08:29:40.207,BUY,0.0053095,0.57395283
64761675,2017-12-20T08:29:40.207,BUY,0.00531102,19.02530135
64761676,2017-12-20T08:29:40.207,BUY,0.00536329,0.40740529
64761677,2017-12-20T08:29:40.207,BUY,0.00536427,14.17234053
64761682,2017-12-20T08:29:41.94,BUY,0.00536426,4.31088726
64761698,2017-12-20T08:29:45.597,SELL,0.00532695,3.94928466
64761699,2017-12-20T08:29:45.597,SELL,0.00531102,1.56813105
64761718,2017-12-20T08:29:53.83,BUY,0.00536327,0.51923424
64761719,2017-12-20T08:29:53.83,BUY,0.00536423,20.99539576
64761776,2017-12-20T08:30:25.707,SELL,0.00531109,1.94566796
64761809,2017-12-20T08:30:43.257,SELL,0.00531316,5.02113962
64761810,2017-12-20T08:30:43.257,SELL,0.00531227,10.17485538
64761835,2017-12-20T08:30:55.96,BUY,0.00542583,1.22997085
64761856,2017-12-20T08:31:06.49,BUY,0.00536423,1.0
64761857,2017-12-20T08:31:06.49,BUY,0.0054248,10.0
64761895,2017-12-20T08:31:28.553,SELL,0.00531337,4.69334904
64761896,2017-12-20T08:31:28.553,SELL,0.00531337,5.08380056
64761939,2017-12-20T08:31:52.523,SELL,0.00531341,0.38127919
64762026,2017-12-20T08:32:41.943,SELL,0.00531348,1.88204118
64762027,2017-12-20T08:32:41.943,SELL,0.00531347,4.72032307
64762043,2017-12-20T08:32:49.147,SELL,0.00534,2.25994307
64762102,2017-12-20T08:33:24.587,BUY,0.00541019,12.87059823
64762113,2017-12-20T08:33:31.71,BUY,0.00541009,4.69334904
64762114,2017-12-20T08:33:31.71,BUY,0.0054101,20.6326903
64762135,2017-12-20T08:33:45.49,BUY,0.00540906,7.47051114
64762163,2017-12-20T08:34:20.083,BUY,0.00538989,0.2226345
64762184,2017-12-20T08:34:44.567,SELL,0.005341,0.28172554
64762185,2017-12-20T08:34:44.567,SELL,0.00534006,0.24124808
64762186,2017-12-20T08:34:44.567,SELL,0.00534005,5.7675453
64762191,2017-12-20T08:34:51.63,SELL,0.00534005,1.99810108
64762193,2017-12-20T08:34:53.113,SELL,0.00534005,1.11827489
64762194,2017-12-20T08:34:53.113,SELL,0.00534001,2.88377175
64762195,2017-12-20T08:34:53.113,SELL,0.00534,7.21826041
64762200,2017-12-20T08:35:04.66,SELL,0.00534,1.99810108
64762206,2017-12-20T08:35:15.097,SELL,0.00534,5.08380056
64762207,2017-12-20T08:35:18.74,SELL,0.00534,58.46862783
64762209,2017-12-20T08:35:21.223,SELL,0.00534,67.64800383
64762210,2017-12-20T08:35:21.223,SELL,0.00534,2.01928698
64762212,2017-12-20T08:35:22.02,SELL,0.00534,1.11637199
64762219,2017-12-20T08:35:32.08,BUY,0.00533999,0.43763064
64762234,2017-12-20T08:35:50.27,SELL,0.00532,2.80510128
64762244,2017-12-20T08:35:56.8,BUY,0.00534005,4.48593443
64762245,2017-12-20T08:35:56.8,BUY,0.00538339,10.16960783
64762249,2017-12-20T08:35:59.613,SELL,0.00532,5.82626323
64762257,2017-12-20T08:36:03.613,SELL,0.00532,10.11863549
64762276,2017-12-20T08:36:22.143,BUY,0.00531992,0.29140449
64762278,2017-12-20T08:36:22.77,BUY,0.00531992,1.64940005
64762279,2017-12-20T08:36:22.77,BUY,0.00532,56.26244498
64762280,2017-12-20T08:36:22.77,BUY,0.00532,2.7544835
64762284,2017-12-20T08:36:24.66,BUY,0.00531991,0.2255639
64762287,2017-12-20T08:36:26.05,BUY,0.00531991,1.21884664
64762288,2017-12-20T08:36:26.05,BUY,0.00532,0.2455165
64762289,2017-12-20T08:36:26.05,BUY,0.00532,0.62804922
64762304,2017-12-20T08:36:43.97,BUY,0.00537927,10.42045741
64762306,2017-12-20T08:36:47.987,BUY,0.00537927,19.26632212
64762316,2017-12-20T08:36:56.767,SELL,0.00532005,3.0
64762329,2017-12-20T08:37:16.203,BUY,0.0053762,0.49999999
64762335,2017-12-20T08:37:19.847,SELL,0.00532005,4.0
64762336,2017-12-20T08:37:19.847,SELL,0.00532005,4.31729953
64762337,2017-12-20T08:37:19.847,SELL,0.00532,0.36509063
64762338,2017-12-20T08:37:19.847,SELL,0.00531342,0.28159829
64762339,2017-12-20T08:37:19.847,SELL,0.00531102,4.04041355
64762340,2017-12-20T08:37:19.86,SELL,0.00531102,25.95958645
64762341,2017-12-20T08:37:19.86,SELL,0.00530563,35.85054252
64762342,2017-12-20T08:37:19.86,SELL,0.00530463,4.16076168
64762343,2017-12-20T08:37:19.86,SELL,0.00529993,5.0
64762344,2017-12-20T08:37:19.86,SELL,0.00529991,0.97677845
64762345,2017-12-20T08:37:19.86,SELL,0.0052921,0.61277943
64762346,2017-12-20T08:37:19.86,SELL,0.00527658,0.55470778
64762347,2017-12-20T08:37:19.86,SELL,0.0052585,1.21444119
64762348,2017-12-20T08:37:19.86,SELL,0.00525552,0.45816589
64762349,2017-12-20T08:37:19.86,SELL,0.00525552,0.59189636
64762350,2017-12-20T08:37:19.86,SELL,0.005251,4.15501595
64762351,2017-12-20T08:37:19.86,SELL,0.00525001,0.81285455
64762352,2017-12-20T08:37:19.86,SELL,0.00525,7.23946175
64762360,2017-12-20T08:37:23.313,BUY,0.00537517,18.582
64762361,2017-12-20T08:37:23.313,BUY,0.00537517,18.27669915
64762388,2017-12-20T08:37:33.97,BUY,0.00537414,6.35261213
64762414,2017-12-20T08:37:42.953,SELL,0.00525023,97.48151059
64762415,2017-12-20T08:37:42.953,SELL,0.00525018,4.74983714
64762416,2017-12-20T08:37:42.953,SELL,0.00525018,18.99934859
64762417,2017-12-20T08:37:42.953,SELL,0.00525017,3.27387821
64762418,2017-12-20T08:37:42.953,SELL,0.0052501,18.9996381
64762419,2017-12-20T08:37:42.953,SELL,0.00525009,0.28570938
64762420,2017-12-20T08:37:42.953,SELL,0.00525,130.59964255
64762421,2017-12-20T08:37:42.953,SELL,0.00525,5.9884998
64762422,2017-12-20T08:37:42.953,SELL,0.00518127,139.63
64762423,2017-12-20T08:37:42.953,SELL,0.00518126,18.21821165
64762424,2017-12-20T08:37:42.953,SELL,0.00518001,17.9
64762425,2017-12-20T08:37:42.953,SELL,0.00518,71.00899257
64762426,2017-12-20T08:37:42.953,SELL,0.00518,0.65391324
64762427,2017-12-20T08:37:42.953,SELL,0.00517991,100.0
64762428,2017-12-20T08:37:42.953,SELL,0.00517,8.3462292
64762429,2017-12-20T08:37:42.953,SELL,0.005163,15.0
64762430,2017-12-20T08:37:42.953,SELL,0.0051627,0.67757616
64762431,2017-12-20T08:37:42.953,SELL,0.00516,0.3
64762432,2017-12-20T08:37:42.953,SELL,0.00516,7.68467427
64762433,2017-12-20T08:37:42.953,SELL,0.00513688,1.37241477
64762434,2017-12-20T08:37:42.953,SELL,0.00512001,232.03283026
64762447,2017-12-20T08:37:46.033,SELL,0.00525024,4.74978286
64762482,2017-12-20T08:37:52.923,BUY,0.0053721,0.75148192
64762493,2017-12-20T08:37:54.83,BUY,0.00525024,0.38657533
64762503,2017-12-20T08:37:55.58,BUY,0.00525024,39.6991
64762506,2017-12-20T08:37:55.797,BUY,0.00525024,4.53281315
64762581,2017-12-20T08:38:17.487,BUY,0.00530846,7.87918678
64762588,2017-12-20T08:38:23.297,SELL,0.00525026,8.99992954
64762589,2017-12-20T08:38:23.297,SELL,0.00525024,30.69917046
64762594,2017-12-20T08:38:24.64,SELL,0.00525024,8.99992954
64762602,2017-12-20T08:38:27.343,BUY,0.00530744,21.63566
64762607,2017-12-20T08:38:27.86,BUY,0.00530743,4.74983714
64762608,2017-12-20T08:38:27.86,BUY,0.00530744,29.38526286
64762610,2017-12-20T08:38:28.25,BUY,0.00530744,36.38607083
64762614,2017-12-20T08:38:29.733,BUY,0.00530742,4.33971871
64762652,2017-12-20T08:38:42.33,BUY,0.00530442,28.937
64762653,2017-12-20T08:38:42.33,BUY,0.00530442,31.753
64762654,2017-12-20T08:38:42.33,BUY,0.00530443,0.18852134
64762699,2017-12-20T08:39:03.093,BUY,0.00529997,1.23888098
64762701,2017-12-20T08:39:04.233,BUY,0.00529997,8.75971361
64762727,2017-12-20T08:39:16.827,SELL,0.00519101,4.80397841
64762728,2017-12-20T08:39:16.827,SELL,0.005191,15.69498645
64762763,2017-12-20T08:39:45.61,BUY,0.00525024,0.39789308
64762769,2017-12-20T08:39:49.31,SELL,0.00519111,1.05264969
64762771,2017-12-20T08:39:50.483,BUY,0.00524923,4.80397841
64762772,2017-12-20T08:39:50.483,BUY,0.00524924,3.95270562
64762773,2017-12-20T08:39:50.483,BUY,0.00525023,7.6186016
64762774,2017-12-20T08:39:50.483,BUY,0.00525024,18.15061437
64762776,2017-12-20T08:39:50.67,BUY,0.00525024,9.31281964
64762778,2017-12-20T08:39:51.03,BUY,0.00525024,4.26011861
64762787,2017-12-20T08:40:01.873,SELL,0.00519111,0.40005274
64762790,2017-12-20T08:40:03.873,BUY,0.00525024,0.28354423
64762796,2017-12-20T08:40:08.75,BUY,0.00525024,7.27223675
64762818,2017-12-20T08:40:16.14,BUY,0.0052,3.60816104
64762826,2017-12-20T08:40:17.28,BUY,0.0052,6.39183896
64762830,2017-12-20T08:40:17.67,BUY,0.00527791,0.3950145
64762873,2017-12-20T08:40:26.17,BUY,0.00527589,2.3829031
64762881,2017-12-20T08:40:27.483,BUY,0.00527589,1.84263186
64762910,2017-12-20T08:40:47.31,BUY,0.00527479,5.68733317
64762928,2017-12-20T08:41:00.78,BUY,0.00527272,5.00268459
64762929,2017-12-20T08:41:00.78,BUY,0.00527272,4.65929174
64762930,2017-12-20T08:41:00.78,BUY,0.0052728,3.76070929
64762931,2017-12-20T08:41:00.78,BUY,0.0052728,4.88318872
64762932,2017-12-20T08:41:00.78,BUY,0.00527379,0.28570938
64762933,2017-12-20T08:41:00.78,BUY,0.00527478,0.37392469
64762934,2017-12-20T08:41:00.78,BUY,0.0052748,4.0
64762935,2017-12-20T08:41:00.78,BUY,0.00527489,4.95505344
64762947,2017-12-20T08:41:06.357,BUY,0.00527272,61.35319804
64762953,2017-12-20T08:41:09.327,SELL,0.005251,26.0
64763001,2017-12-20T08:41:32.217,SELL,0.005251,0.5
64763008,2017-12-20T08:41:36.873,SELL,0.005251,5.39213429
64763009,2017-12-20T08:41:36.873,SELL,0.005251,3.69722471
64763010,2017-12-20T08:41:37.183,SELL,0.005251,1.30277529
64763011,2017-12-20T08:41:37.183,SELL,0.005251,0.69722471
64763066,2017-12-20T08:42:05.607,SELL,0.005251,0.68045783
64763088,2017-12-20T08:42:17.043,BUY,0.00527262,4.31520324
64763118,2017-12-20T08:42:40.31,SELL,0.005251,1.62231746
64763119,2017-12-20T08:42:40.31,SELL,0.005251,0.30546182
64763122,2017-12-20T08:42:43.76,SELL,0.0052503,5.26040281
64763138,2017-12-20T08:42:52.137,BUY,0.005251,3.33822655
64763194,2017-12-20T08:43:25.183,BUY,0.005251,0.23399417
64763195,2017-12-20T08:43:25.183,BUY,0.005251,0.33732557
64763214,2017-12-20T08:43:38.697,SELL,0.0052503,2.33921042
64763215,2017-12-20T08:43:38.697,SELL,0.00525024,0.38093496
64763249,2017-12-20T08:43:58.433,BUY,0.00520121,3.971978
64763251,2017-12-20T08:43:58.81,BUY,0.00520121,1.14516413
64763252,2017-12-20T08:43:58.81,BUY,0.00520121,0.51265977
64763255,2017-12-20T08:43:59.497,BUY,0.00520121,1.145163
64763262,2017-12-20T08:44:00.59,BUY,0.00520121,2.33889602
64763264,2017-12-20T08:44:00.637,BUY,0.00520121,0.61601005
64763277,2017-12-20T08:44:07.573,SELL,0.00520122,16.04
64763278,2017-12-20T08:44:07.573,SELL,0.00520121,0.18658452
64763279,2017-12-20T08:44:07.573,SELL,0.00520121,0.82575247
64763291,2017-12-20T08:44:15.09,BUY,0.00524222,6.60545245
64763299,2017-12-20T08:44:24.887,BUY,0.00524222,8.691874
64763301,2017-12-20T08:44:34.853,BUY,0.00524222,1.52607101
64763331,2017-12-20T08:44:55.307,SELL,0.00520141,1.05238062
64763332,2017-12-20T08:44:55.307,SELL,0.0052014,9.70418996
64763342,2017-12-20T08:44:59.447,BUY,0.00524222,2.17415548
64763354,2017-12-20T08:45:10.087,SELL,0.00524222,2.47772569
64763395,2017-12-20T08:45:59.727,BUY,0.00524222,4.30680607
64763396,2017-12-20T08:45:59.727,BUY,0.00524222,26.0
64763397,2017-12-20T08:45:59.727,BUY,0.00524222,10.0
64763398,2017-12-20T08:45:59.727,BUY,0.00524222,23.65995093
64763401,2017-12-20T08:46:03.587,SELL,0.00520144,0.38319902
64763411,2017-12-20T08:46:15.337,BUY,0.00524222,26.12309168
64763416,2017-12-20T08:46:19.9,BUY,0.00525,8.863637
64763430,2017-12-20T08:46:48.883,BUY,0.00524992,2.093001
64763442,2017-12-20T08:47:05.507,BUY,0.00524992,0.80498284
64763443,2017-12-20T08:47:05.507,BUY,0.00524992,1.19501716
64763470,2017-12-20T08:47:31.71,SELL,0.00524222,6.6139416
64763473,2017-12-20T08:47:33.29,BUY,0.00524976,6.90266929
64763474,2017-12-20T08:47:34.633,SELL,0.00524222,2.67042049
64763484,2017-12-20T08:47:41.57,SELL,0.0052425,22.5265582
64763485,2017-12-20T08:47:41.57,SELL,0.00524222,65.92476923
64763488,2017-12-20T08:47:43.897,SELL,0.00524222,23.10300115
64763489,2017-12-20T08:47:43.897,SELL,0.00520146,0.38354856
64763490,2017-12-20T08:47:43.897,SELL,0.00520146,9.58865395
64763491,2017-12-20T08:47:43.897,SELL,0.00520146,10.74949634
64763500,2017-12-20T08:47:50.303,BUY,0.00524968,21.11576753
64763505,2017-12-20T08:47:53.13,SELL,0.00520146,2.61399024
64763512,2017-12-20T08:48:06.693,BUY,0.00520146,6.793135
64763514,2017-12-20T08:48:07.037,BUY,0.00520146,1.231613
64763521,2017-12-20T08:48:09.913,BUY,0.00520146,6.79313535
64763528,2017-12-20T08:48:12.63,BUY,0.00520146,2.30810152
64763529,2017-12-20T08:48:12.63,BUY,0.00520146,2.69189748
64763533,2017-12-20T08:48:18.32,BUY,0.00520146,1.30059229
64763537,2017-12-20T08:48:21.96,BUY,0.00520146,1.5380297
64763540,2017-12-20T08:48:26.537,BUY,0.00520146,1.38422673
64763543,2017-12-20T08:48:27.6,BUY,0.00520146,0.78829685
64763544,2017-12-20T08:48:27.6,BUY,0.00520146,0.27012614
64763545,2017-12-20T08:48:34.1,SELL,0.00520144,18.18710639
64763548,2017-12-20T08:48:34.833,BUY,0.00520146,1.12949991
64763555,2017-12-20T08:48:40.037,BUY,0.00520146,5.1344089
64763556,2017-12-20T08:48:40.037,BUY,0.00520146,2.3829031
64763557,2017-12-20T08:48:40.053,BUY,0.00524991,26.41336903
64763563,2017-12-20T08:48:50.223,BUY,0.00520146,0.2226345
64763570,2017-12-20T08:48:52.303,BUY,0.00520146,0.80796419
64763574,2017-12-20T08:48:59.13,BUY,0.00520146,1.05312371
64763576,2017-12-20T08:49:02.507,BUY,0.00520146,0.897355
64763582,2017-12-20T08:49:09.567,BUY,0.00520146,9.80957789
64763584,2017-12-20T08:49:09.85,SELL,0.00520144,0.82716052
64763596,2017-12-20T08:49:26.8,SELL,0.00520144,33.50944629
64763601,2017-12-20T08:49:30.677,BUY,0.00520146,1.57381085
64763602,2017-12-20T08:49:31.317,SELL,0.00520144,29.34048899
64763610,2017-12-20T08:49:35.363,BUY,0.00520146,5.63553386
64763619,2017-12-20T08:49:40.49,SELL,0.00520144,3.93424848
64763623,2017-12-20T08:49:48.943,SELL,0.00520146,0.47160257
64763627,2017-12-20T08:50:07.143,SELL,0.00520146,5.0
64763631,2017-12-20T08:50:26.19,SELL,0.00520146,4.14108309
64763632,2017-12-20T08:50:26.19,SELL,0.00520144,25.87101204
64763633,2017-12-20T08:50:26.19,SELL,0.00520144,1.91773816
64763634,2017-12-20T08:50:26.19,SELL,0.00520144,1.0
64763635,2017-12-20T08:50:26.19,SELL,0.00520122,2.54801488
64763638,2017-12-20T08:50:27.91,BUY,0.00520146,0.95415112
64763675,2017-12-20T08:50:53.427,BUY,0.00520146,0.38450742
64763676,2017-12-20T08:50:53.597,SELL,0.00520122,1.28764765
64763677,2017-12-20T08:50:53.597,SELL,0.00520122,1.67239252
64763679,2017-12-20T08:50:54.347,BUY,0.00520122,1.56880756
64763687,2017-12-20T08:50:59.16,SELL,0.005201,3.05302528
64763690,2017-12-20T08:51:00.69,SELL,0.005201,6.96797472
64763693,2017-12-20T08:51:00.88,SELL,0.0052,1.40179906
64763694,2017-12-20T08:51:00.88,SELL,0.0052,8.61920094
64763700,2017-12-20T08:51:02.83,BUY,0.005201,1.0
64763709,2017-12-20T08:51:06.457,BUY,0.005201,3.23001142
64763719,2017-12-20T08:51:10.533,SELL,0.0052,21.38079906
64763746,2017-12-20T08:51:23.863,BUY,0.0052,2.0
64763757,2017-12-20T08:51:28.613,BUY,0.0052,19.23076923
64763762,2017-12-20T08:51:30.677,BUY,0.0052,0.79704087
64763767,2017-12-20T08:51:32.94,BUY,0.0052,5.873461
64763777,2017-12-20T08:51:36.847,BUY,0.0052,3.42307692
64763786,2017-12-20T08:51:41.817,BUY,0.0052,1.333955
64763810,2017-12-20T08:51:53.253,SELL,0.00519014,0.80555122
64763820,2017-12-20T08:52:03.113,BUY,0.0052,3.0
64763836,2017-12-20T08:52:15.847,SELL,0.005199,3.48707752
64763838,2017-12-20T08:52:18.66,BUY,0.0052,19.1828122
64763843,2017-12-20T08:52:21.177,BUY,0.0052,2.01377794
64763846,2017-12-20T08:52:26.957,SELL,0.005199,6.53692248
64763847,2017-12-20T08:52:26.957,SELL,0.00519014,0.32667299
64763848,2017-12-20T08:52:26.957,SELL,0.00519014,1.63585801
64763849,2017-12-20T08:52:26.957,SELL,0.00519013,2.0
64763850,2017-12-20T08:52:26.957,SELL,0.00519013,4.00383204
64763851,2017-12-20T08:52:26.957,SELL,0.00518443,28.8
64763852,2017-12-20T08:52:26.957,SELL,0.00518442,9.62016966
64763858,2017-12-20T08:52:29.317,SELL,0.00515004,1.66252841
64763859,2017-12-20T08:52:29.317,SELL,0.00515,2.0
64763860,2017-12-20T08:52:29.317,SELL,0.00514519,0.72234363
64763861,2017-12-20T08:52:29.317,SELL,0.00512558,39.93022796
64763864,2017-12-20T08:52:29.487,BUY,0.0052,11.14778185
64763884,2017-12-20T08:52:36.817,BUY,0.00519999,0.34615385
64763893,2017-12-20T08:52:40.55,SELL,0.00518443,1.99956801
64763908,2017-12-20T08:52:46.97,BUY,0.00518443,0.25461792
64763921,2017-12-20T08:52:58.83,SELL,0.00518443,0.25461792
64763932,2017-12-20T08:53:04.3,BUY,0.00518443,1.05997026
64763936,2017-12-20T08:53:07.627,BUY,0.00518443,0.73433
64763941,2017-12-20T08:53:12.707,BUY,0.00518443,30.0
64763946,2017-12-20T08:53:16.91,SELL,0.00512659,19.04940822
64763964,2017-12-20T08:53:25.893,SELL,0.00516997,0.2894
64763968,2017-12-20T08:53:26.66,SELL,0.00516997,1.355e-05
64763971,2017-12-20T08:53:27.003,BUY,0.00516997,0.96442803
64763974,2017-12-20T08:53:29.05,BUY,0.00516997,0.24110654
64763977,2017-12-20T08:53:30.22,BUY,0.00516997,12.05176468
64763979,2017-12-20T08:53:30.707,BUY,0.00516997,0.42451731
64763980,2017-12-20T08:53:31.457,SELL,0.00516997,0.96847704
64763981,2017-12-20T08:53:31.58,SELL,0.00516997,2.01377794
64763992,2017-12-20T08:53:37.72,BUY,0.00518442,2.670772
64764000,2017-12-20T08:53:45.08,BUY,0.00516997,0.23312519
64764016,2017-12-20T08:53:56.987,BUY,0.00518442,0.05884883
64764022,2017-12-20T08:54:00.017,BUY,0.00518443,0.4059937
64764026,2017-12-20T08:54:06.89,SELL,0.00512661,0.97941246
64764027,2017-12-20T08:54:06.89,SELL,0.00512661,0.78205318
64764028,2017-12-20T08:54:06.89,SELL,0.0051266,1.96491895
64764029,2017-12-20T08:54:06.89,SELL,0.00512557,23.19977044
64764031,2017-12-20T08:54:09.05,BUY,0.00518442,0.33351604
64764033,2017-12-20T08:54:09.533,BUY,0.00518442,3.68526372
64764041,2017-12-20T08:54:24.643,SELL,0.00512557,13.16761731
64764043,2017-12-20T08:54:26.283,BUY,0.00518436,0.32993155
64764047,2017-12-20T08:54:29,BUY,0.00518436,1.73597381
64764068,2017-12-20T08:54:45.267,BUY,0.00518436,2.70042975
64764078,2017-12-20T08:54:56.47,SELL,0.00516997,0.40458989
64764079,2017-12-20T08:54:56.47,SELL,0.0051266,1.0
64764080,2017-12-20T08:54:56.47,SELL,0.00512658,43.3
64764081,2017-12-20T08:54:56.47,SELL,0.00512557,45.26229788
64764082,2017-12-20T08:54:56.47,SELL,0.00512557,48.29373084
64764083,2017-12-20T08:54:56.47,SELL,0.00512557,0.34890713
64764084,2017-12-20T08:54:56.47,SELL,0.00512555,4.06721104
64764090,2017-12-20T08:55:03.047,SELL,0.00512555,1.84907101
64764092,2017-12-20T08:55:03.953,BUY,0.00512555,0.6780737
64764099,2017-12-20T08:55:05.657,BUY,0.00512555,0.74231262
64764103,2017-12-20T08:55:07.517,SELL,0.00512,20.71428571
64764104,2017-12-20T08:55:07.517,SELL,0.00512,7.0067673
64764120,2017-12-20T08:55:13.61,BUY,0.00512555,0.3045344
64764155,2017-12-20T08:55:22,SELL,0.00512665,3.76707259
64764157,2017-12-20T08:55:23,SELL,0.00512665,11.40623985
64764159,2017-12-20T08:55:24.313,SELL,0.00512665,4.31729952
64764168,2017-12-20T08:55:26.547,SELL,0.00512668,0.37691669
64764202,2017-12-20T08:55:37.08,BUY,0.00518432,16.6428759
64764208,2017-12-20T08:55:38.33,SELL,0.00512673,13.30495625
64764243,2017-12-20T08:55:52.157,BUY,0.00518432,3.835231
64764247,2017-12-20T08:55:53.17,BUY,0.00518432,1.657737
64764312,2017-12-20T08:56:34.5,SELL,0.00512566,1.0
64764330,2017-12-20T08:56:49.36,SELL,0.00512574,17.65481179
64764340,2017-12-20T08:56:52.687,SELL,0.00512575,1.39526897
64764341,2017-12-20T08:56:52.687,SELL,0.00512567,0.20568245
64764350,2017-12-20T08:56:58.263,BUY,0.00512674,4.59964504
64764371,2017-12-20T08:57:07.64,SELL,0.00513,20.73377639
64764372,2017-12-20T08:57:07.64,SELL,0.00512671,4.22113037
64764373,2017-12-20T08:57:07.64,SELL,0.00512667,3.84879589
64764376,2017-12-20T08:57:08.937,BUY,0.00512667,22.82231803
64764383,2017-12-20T08:57:11.047,BUY,0.00512667,9.19929008
64764393,2017-12-20T08:57:13.95,SELL,0.00512671,3.97952216
64764411,2017-12-20T08:57:21.67,SELL,0.00512667,2.75474404
64764417,2017-12-20T08:57:22.297,BUY,0.00518323,0.39698066
64764421,2017-12-20T08:57:24.25,BUY,0.00518322,19.75386166
64764443,2017-12-20T08:57:36.67,BUY,0.00518221,1.48584682
64764445,2017-12-20T08:57:36.967,BUY,0.00518221,0.23168703
64764447,2017-12-20T08:57:37.857,BUY,0.00518121,1.15757488
64764457,2017-12-20T08:57:44.607,BUY,0.00518119,1.99828831
64764458,2017-12-20T08:57:44.607,BUY,0.0051812,21.187
64764462,2017-12-20T08:57:46.577,SELL,0.0051812,3.84844351
64764466,2017-12-20T08:57:46.78,BUY,0.00518121,3.06248165
64764467,2017-12-20T08:57:46.78,BUY,0.00518121,1.36922433
64764469,2017-12-20T08:57:46.95,BUY,0.00518121,6.947201
64764471,2017-12-20T08:57:47.107,BUY,0.00518121,4.43174874
64764474,2017-12-20T08:57:47.89,SELL,0.0051812,0.32734727
64764476,2017-12-20T08:57:47.937,BUY,0.00518121,4.65263954
64764477,2017-12-20T08:57:48.483,SELL,0.00518121,5.72761224
64764478,2017-12-20T08:57:48.483,SELL,0.0051812,4.16892638
64764480,2017-12-20T08:57:48.857,SELL,0.0051812,3.98224115
64764482,2017-12-20T08:57:49.107,BUY,0.00518216,4.43170598
64764483,2017-12-20T08:57:49.59,SELL,0.0051812,21.774575
64764488,2017-12-20T08:57:51.497,BUY,0.00518216,4.42993647
64764489,2017-12-20T08:57:51.873,SELL,0.00518121,0.39858202
64764490,2017-12-20T08:57:51.873,SELL,0.0051812,3.70306772
64764495,2017-12-20T08:57:53.81,BUY,0.00518216,4.42993647
64764498,2017-12-20T08:57:54.577,BUY,0.00518221,0.78205318
64764499,2017-12-20T08:57:54.59,BUY,0.00518428,0.38657533
64764500,2017-12-20T08:57:54.59,BUY,0.00518443,2.3
64764501,2017-12-20T08:57:54.59,BUY,0.00518443,20.60056766
64764502,2017-12-20T08:57:55.467,SELL,0.00518443,17.61067563
64764525,2017-12-20T08:58:02.763,BUY,0.00522889,0.24866301
64764526,2017-12-20T08:58:02.763,BUY,0.00524998,0.38354856
64764527,2017-12-20T08:58:02.763,BUY,0.00524999,0.17890369
64764562,2017-12-20T08:58:16.28,BUY,0.00522889,0.72234363
64764563,2017-12-20T08:58:16.28,BUY,0.00524999,6.87446742
64764575,2017-12-20T08:58:28.107,BUY,0.00522887,0.22949509
64764579,2017-12-20T08:58:29.84,BUY,0.00522887,0.85465841
64764593,2017-12-20T08:58:38.297,SELL,0.00518451,0.38480251
64764594,2017-12-20T08:58:38.297,SELL,0.00518445,5.72109253
64764595,2017-12-20T08:58:38.31,SELL,0.00518443,1.0
64764596,2017-12-20T08:58:38.31,SELL,0.005182,8.84964598
64764632,2017-12-20T08:59:00.67,BUY,0.00522885,0.38480251
64764658,2017-12-20T08:59:13.84,SELL,0.00520146,0.59461531
64764666,2017-12-20T08:59:17.89,BUY,0.00520136,0.594
64764667,2017-12-20T08:59:17.89,BUY,0.00520146,0.0944879
64764674,2017-12-20T08:59:23.327,SELL,0.005182,1.20735402
64764679,2017-12-20T08:59:23.997,BUY,0.005182,0.3452915
64764687,2017-12-20T08:59:27.013,BUY,0.005182,0.02948064
64764688,2017-12-20T08:59:27.013,BUY,0.00520146,31.54738501
64764698,2017-12-20T08:59:34.623,SELL,0.00520146,47.89388193
64764699,2017-12-20T08:59:35.857,SELL,0.00520146,1.21523033
64764714,2017-12-20T08:59:50.997,SELL,0.00520147,0.26877807
64764728,2017-12-20T09:00:03.607,SELL,0.00520147,17.04221928
64764878,2017-12-20T09:01:24.92,SELL,0.005182,2.0
64764879,2017-12-20T09:01:24.92,SELL,0.00514225,1.44881326
64764880,2017-12-20T09:01:24.92,SELL,0.00514207,2.0
64764881,2017-12-20T09:01:24.92,SELL,0.00513005,2.55118673
64764890,2017-12-20T09:01:32.7,BUY,0.00520144,1.24965394
64764908,2017-12-20T09:01:46.577,SELL,0.00513007,0.29239367
64764910,2017-12-20T09:01:47.543,BUY,0.00513006,3.10897234
64764913,2017-12-20T09:01:48.327,BUY,0.0052,0.70745186
64764915,2017-12-20T09:01:49.28,SELL,0.00513006,6.88102323
64764928,2017-12-20T09:02:08.403,SELL,0.00513006,0.71142668
64764929,2017-12-20T09:02:08.403,SELL,0.00513006,0.28857332
64764946,2017-12-20T09:02:23.247,SELL,0.00513006,7.59681105
64764984,2017-12-20T09:02:47.903,SELL,0.00513021,3.31701277
64764996,2017-12-20T09:02:57.527,SELL,0.00513023,5.5833762
64765004,2017-12-20T09:03:01.637,BUY,0.00519988,1.36474345
64765005,2017-12-20T09:03:01.637,BUY,0.0052,0.21219567
64765006,2017-12-20T09:03:01.637,BUY,0.00520142,38.20556183
64765013,2017-12-20T09:03:05.62,BUY,0.00519983,10.0
64765014,2017-12-20T09:03:05.653,SELL,0.00513031,0.39858202
64765049,2017-12-20T09:03:24.76,BUY,0.00520142,0.29239367
64765050,2017-12-20T09:03:24.76,BUY,0.00520143,28.73632916
64765051,2017-12-20T09:03:24.76,BUY,0.00520147,10.75385463
64765073,2017-12-20T09:03:38.327,SELL,0.0051311,27.16841203
64765080,2017-12-20T09:03:41.67,BUY,0.00520141,1.53419938
64765107,2017-12-20T09:04:04.093,SELL,0.00513207,0.34890713
64765128,2017-12-20T09:04:14.81,BUY,0.00520091,8.79254642
64765140,2017-12-20T09:04:22.623,SELL,0.0052,1.0
64765143,2017-12-20T09:04:26.7,SELL,0.00514001,1.94855427
64765144,2017-12-20T09:04:26.7,SELL,0.00514,0.38796152
64765145,2017-12-20T09:04:26.7,SELL,0.00513265,5.0608043
64765155,2017-12-20T09:04:35.283,BUY,0.00519992,6.14462497
64765161,2017-12-20T09:04:42.53,SELL,0.00513272,88.3439903
64765166,2017-12-20T09:04:48.233,BUY,0.00513272,0.72413821
64765168,2017-12-20T09:04:48.703,BUY,0.00513272,60.03016078
64765192,2017-12-20T09:05:02.627,BUY,0.00519979,2.60262372
64765194,2017-12-20T09:05:03.093,BUY,0.00519979,0.38462721
64765300,2017-12-20T09:05:47.86,BUY,0.00519948,1.23314095
64765308,2017-12-20T09:05:50.373,BUY,0.00519948,8.80738234
64765327,2017-12-20T09:05:58,BUY,0.0051995,9.0
64765330,2017-12-20T09:05:59.11,SELL,0.00513685,14.885
64765331,2017-12-20T09:05:59.11,SELL,0.00513685,11.07338596
64765353,2017-12-20T09:06:10.67,SELL,0.0051369,1.77854069
64765364,2017-12-20T09:06:15.513,BUY,0.0051993,0.23271826
64765369,2017-12-20T09:06:19.28,BUY,0.00519922,0.28849427
64765378,2017-12-20T09:06:25.42,BUY,0.00519922,0.57700962
64765418,2017-12-20T09:06:44.437,SELL,0.00513854,19.28424592
64765419,2017-12-20T09:06:44.437,SELL,0.00513851,37.08862263
64765427,2017-12-20T09:06:46.623,BUY,0.00519199,1.94855427
64765428,2017-12-20T09:06:46.623,BUY,0.005192,0.38796152
64765429,2017-12-20T09:06:46.623,BUY,0.00519914,3.56587028
64765432,2017-12-20T09:06:47.39,BUY,0.00519914,12.00664657
64765436,2017-12-20T09:06:49.153,BUY,0.00519196,0.21282935
64765438,2017-12-20T09:06:49.17,BUY,0.00519196,0.3081664
64765449,2017-12-20T09:06:52.717,SELL,0.00513856,0.74823422
64765471,2017-12-20T09:07:00.64,BUY,0.00518948,0.3081664
64765489,2017-12-20T09:07:11.34,SELL,0.00514905,5.0297179
64765490,2017-12-20T09:07:11.34,SELL,0.00514854,3.3083225
64765491,2017-12-20T09:07:11.34,SELL,0.00514,0.81344811
64765494,2017-12-20T09:07:13.153,BUY,0.0051894,1.92697534
64765531,2017-12-20T09:07:36.187,BUY,0.00518891,7.0
64765533,2017-12-20T09:07:36.84,BUY,0.00518891,0.95132731
64765545,2017-12-20T09:07:42.577,BUY,0.00518887,0.28576593
64765551,2017-12-20T09:07:47.873,SELL,0.00514,0.9893119
64765552,2017-12-20T09:07:47.873,SELL,0.0051387,23.1967253
64765587,2017-12-20T09:08:04.923,SELL,0.00513877,0.89302916
64765589,2017-12-20T09:08:04.94,BUY,0.00518867,3.84485666
64765619,2017-12-20T09:08:18.86,SELL,0.00513881,0.83037698
64765620,2017-12-20T09:08:18.983,SELL,0.00513881,1.14730961
64765627,2017-12-20T09:08:22.843,SELL,0.00513882,0.38822384
64765628,2017-12-20T09:08:22.843,SELL,0.00513881,12.46533113
64765629,2017-12-20T09:08:23.627,SELL,0.00513881,1.14730963
64765637,2017-12-20T09:08:27.157,SELL,0.00513881,2.60262373
64765652,2017-12-20T09:08:35.67,BUY,0.00518844,9.50780217
64765661,2017-12-20T09:08:40.407,BUY,0.00518844,19.26930785
64765671,2017-12-20T09:08:46.373,BUY,0.00518839,31.01353819
64765674,2017-12-20T09:08:47.687,SELL,0.00513893,0.98738031
64765699,2017-12-20T09:08:59.063,SELL,0.005175,0.24
64765722,2017-12-20T09:09:15.017,BUY,0.005175,0.22949509
64765745,2017-12-20T09:09:28.983,BUY,0.005175,0.02778137
64765746,2017-12-20T09:09:28.983,BUY,0.005175,4.61921611
64765750,2017-12-20T09:09:32.06,SELL,0.00513917,36.1011
64765751,2017-12-20T09:09:32.843,SELL,0.00513917,70.52133397
64765753,2017-12-20T09:09:35.093,SELL,0.0051392,19.28498972
64765754,2017-12-20T09:09:35.093,SELL,0.00513917,7.78556603
64765755,2017-12-20T09:09:35.093,SELL,0.00513916,34.4
64765756,2017-12-20T09:09:35.093,SELL,0.00513915,28.29184362
64765772,2017-12-20T09:09:46.873,SELL,0.00513918,0.81952505
64765776,2017-12-20T09:09:51.937,BUY,0.0051392,39.733897
64765782,2017-12-20T09:09:53.25,BUY,0.0051392,0.594
64765784,2017-12-20T09:09:53.483,BUY,0.0051392,0.58665482
64765786,2017-12-20T09:09:55.013,SELL,0.0051391,17.27964351
64765794,2017-12-20T09:10:01.467,BUY,0.0051392,2.17029642
64765796,2017-12-20T09:10:04.107,BUY,0.0051392,2.52957658
64765798,2017-12-20T09:10:04.263,BUY,0.0051392,1.27441747
64765804,2017-12-20T09:10:09.81,BUY,0.0051392,4.724
64765809,2017-12-20T09:10:13.763,SELL,0.0051391,26.44831629
64765815,2017-12-20T09:10:15.42,BUY,0.0051391,2.90930844
64765816,2017-12-20T09:10:15.42,BUY,0.0051392,24.71569156
64765821,2017-12-20T09:10:19.7,BUY,0.0051391,38.77917374
64765822,2017-12-20T09:10:19.7,BUY,0.0051392,0.04009774
64765825,2017-12-20T09:10:23.467,SELL,0.0051387,0.26283881
64765828,2017-12-20T09:10:25.357,SELL,0.0051387,2.43495093
64765829,2017-12-20T09:10:25.357,SELL,0.00513207,6.89921825
64765839,2017-12-20T09:10:28.67,BUY,0.0051392,0.77638543
64765845,2017-12-20T09:10:33.187,BUY,0.0051392,4.10056974
64765852,2017-12-20T09:10:36.187,BUY,0.0051392,0.80201698
64765857,2017-12-20T09:10:42.717,SELL,0.0051391,1.0088143
64765873,2017-12-20T09:10:59.857,SELL,0.00513255,1.0
64765875,2017-12-20T09:11:01.17,BUY,0.00513255,12.60124898
64765876,2017-12-20T09:11:01.17,BUY,0.0051391,0.3244019
64765886,2017-12-20T09:11:13.953,SELL,0.00513207,13.10078175
64765887,2017-12-20T09:11:13.967,SELL,0.00513207,3.0
64765888,2017-12-20T09:11:13.967,SELL,0.005132,71.9951767
64765889,2017-12-20T09:11:13.967,SELL,0.005132,0.29177458
64765890,2017-12-20T09:11:13.967,SELL,0.005132,46.39172448
64765901,2017-12-20T09:11:24.157,BUY,0.00513902,1.15347545
64765908,2017-12-20T09:11:31.86,SELL,0.00513902,1.94589629
64765935,2017-12-20T09:11:46.25,BUY,0.00513894,63.64884218
64765938,2017-12-20T09:11:48.467,BUY,0.00513894,0.2918799
64765942,2017-12-20T09:11:52.687,SELL,0.00513255,10.0
64765944,2017-12-20T09:11:53.093,BUY,0.00513894,22.182937
64765957,2017-12-20T09:11:58.937,SELL,0.00513255,5.66456213
64765966,2017-12-20T09:12:01.327,BUY,0.00513255,4.33543787
64765968,2017-12-20T09:12:02.81,SELL,0.00513255,1.67896113
64765977,2017-12-20T09:12:06,BUY,0.00513255,2.81933712
64765993,2017-12-20T09:12:14.2,BUY,0.00513902,0.50649414
64765994,2017-12-20T09:12:14.2,BUY,0.0051391,0.66350586
64766001,2017-12-20T09:12:21.937,BUY,0.0051391,1.35186541
64766008,2017-12-20T09:12:25.56,BUY,0.0051391,0.23769114
64766015,2017-12-20T09:12:29.547,BUY,0.0051391,1.17
64766020,2017-12-20T09:12:35.14,BUY,0.0051391,2.39689719
64766021,2017-12-20T09:12:35.14,BUY,0.0051391,3.03021217
64766022,2017-12-20T09:12:35.14,BUY,0.0051391,6.35261213
64766026,2017-12-20T09:12:37.077,BUY,0.0051392,0.387355
64766042,2017-12-20T09:12:50.717,BUY,0.00518891,0.73172138
64766043,2017-12-20T09:12:50.717,BUY,0.00520538,42.837
64766044,2017-12-20T09:12:50.717,BUY,0.00520539,9.38966345
64766045,2017-12-20T09:12:51.877,SELL,0.00520539,2.26631822
64766046,2017-12-20T09:12:52.627,SELL,0.00520539,6.48358791
64766054,2017-12-20T09:12:59.41,SELL,0.0051402,1.23314095
64766058,2017-12-20T09:13:02.457,BUY,0.00520535,3.30900272
64766059,2017-12-20T09:13:02.457,BUY,0.00522885,5.25517006
64766070,2017-12-20T09:13:11.113,SELL,0.00520535,1.0
64766084,2017-12-20T09:13:20.72,BUY,0.00520435,1.24413729
64766085,2017-12-20T09:13:20.72,BUY,0.00520521,0.87455191
64766086,2017-12-20T09:13:20.72,BUY,0.00520525,1.0
64766087,2017-12-20T09:13:20.72,BUY,0.00520534,6.13965609
64766102,2017-12-20T09:13:41.393,BUY,0.00520533,0.38822384
64766103,2017-12-20T09:13:41.393,BUY,0.00520534,11.01803518
64766117,2017-12-20T09:13:53.643,SELL,0.00514024,2.86263053
64766136,2017-12-20T09:14:13.8,SELL,0.00514028,0.38811357
64766137,2017-12-20T09:14:13.8,SELL,0.00514027,0.61188643
64766141,2017-12-20T09:14:17.22,SELL,0.00514027,17.93987935
64766142,2017-12-20T09:14:17.22,SELL,0.00514027,17.673027
64766143,2017-12-20T09:14:17.22,SELL,0.00514027,1.9454231
64766144,2017-12-20T09:14:17.22,SELL,0.00514026,36.97097501
64766232,2017-12-20T09:15:39.237,BUY,0.00520533,0.38811357
64766233,2017-12-20T09:15:39.237,BUY,0.00520534,10.31538451
64766263,2017-12-20T09:15:52.533,BUY,0.00520534,8.16069965
64766307,2017-12-20T09:16:23.363,BUY,0.00520535,2.34312038
64766352,2017-12-20T09:16:52.52,BUY,0.00520535,1.73420847
64766355,2017-12-20T09:16:56.85,BUY,0.00520535,0.9246443
64766366,2017-12-20T09:17:03.863,BUY,0.00520535,22.01673
64766371,2017-12-20T09:17:07.427,BUY,0.00520535,10.28921094
64766380,2017-12-20T09:17:17.02,BUY,0.00520535,1.82102219
64766382,2017-12-20T09:17:17.253,BUY,0.00520535,22.01673
64766388,2017-12-20T09:17:20.02,BUY,0.00520535,0.22211157
64766392,2017-12-20T09:17:20.41,BUY,0.00520535,10.0
64766397,2017-12-20T09:17:21.223,BUY,0.00520535,0.57633012
64766401,2017-12-20T09:17:23.707,BUY,0.00520535,21.03566972
64766404,2017-12-20T09:17:25.347,SELL,0.00520533,4.79243236
64766406,2017-12-20T09:17:26.33,BUY,0.00520535,4.404102
64766418,2017-12-20T09:17:31.567,BUY,0.00520535,19.18116157
64766419,2017-12-20T09:17:31.567,BUY,0.00520535,2.17261681
64766431,2017-12-20T09:17:39.803,SELL,0.00520535,10.37872098
64766445,2017-12-20T09:17:52.443,SELL,0.00520536,4.57397366
64766446,2017-12-20T09:17:52.443,SELL,0.00520535,4.01158204
64766451,2017-12-20T09:17:58.38,BUY,0.00520539,0.23621445
64766453,2017-12-20T09:17:59.787,SELL,0.00520535,6.0
64766458,2017-12-20T09:18:04.397,BUY,0.00520539,0.2708017
64766460,2017-12-20T09:18:05.223,SELL,0.00520539,0.11245489
64766461,2017-12-20T09:18:05.223,SELL,0.00520535,6.1147777
64766465,2017-12-20T09:18:05.723,BUY,0.00522884,131.6230614
64766467,2017-12-20T09:18:06.13,SELL,0.00520535,6.22723259
64766468,2017-12-20T09:18:06.177,SELL,0.00520535,0.49589244
64766471,2017-12-20T09:18:06.663,BUY,0.00522884,0.5597097
64766481,2017-12-20T09:18:15.77,SELL,0.00520535,0.32171422
64766484,2017-12-20T09:18:16.49,BUY,0.00522879,2.10274796
64766502,2017-12-20T09:18:23.35,BUY,0.00522879,4.26484903
64766516,2017-12-20T09:18:29.257,BUY,0.00522878,0.5737465
64766519,2017-12-20T09:18:30.583,BUY,0.00522878,0.6884958
64766524,2017-12-20T09:18:31.973,BUY,0.00522878,0.5737465
64766527,2017-12-20T09:18:32.71,BUY,0.00522878,1.0
64766534,2017-12-20T09:18:34.507,BUY,0.00522873,41.56832586
64766555,2017-12-20T09:18:43.037,BUY,0.00522873,0.22949904
64766588,2017-12-20T09:19:02.333,SELL,0.00520535,16.6428759
64766638,2017-12-20T09:19:29.347,BUY,0.00522885,11.18992006
64766640,2017-12-20T09:19:29.537,BUY,0.00522885,0.38656762
64766650,2017-12-20T09:19:37.49,BUY,0.00522885,0.57373992
