10713022,2017-12-24T15:16:14.36,SELL,5.4e-07,4000.0
10713023,2017-12-24T15:16:14.373,SELL,5.4e-07,100000.0
10713024,2017-12-24T15:16:14.373,SELL,5.4e-07,2603.43186364
10713025,2017-12-24T15:16:14.373,SELL,5.4e-07,2000.0
10713026,2017-12-24T15:16:14.373,SELL,5.4e-07,469548.03731412
10713027,2017-12-24T15:16:14.373,SELL,5.4e-07,5911.11111111
10713028,2017-12-24T15:16:14.373,SELL,5.4e-07,1269.54545455
10713029,2017-12-24T15:16:14.373,SELL,5.4e-07,268160.53920404
10713030,2017-12-24T15:16:14.797,SELL,5.4e-07,4946.413026
10713032,2017-12-24T15:16:15.25,SELL,5.4e-07,200300.0
10713035,2017-12-24T15:16:15.983,SELL,5.4e-07,25343.04776996
10713036,2017-12-24T15:16:15.983,SELL,5.4e-07,335678.84777778
10713037,2017-12-24T15:16:15.983,SELL,5.4e-07,3935.76555556
10713038,2017-12-24T15:16:15.983,SELL,5.4e-07,168766.72944444
10713039,2017-12-24T15:16:15.983,SELL,5.4e-07,752561.97236111
10713040,2017-12-24T15:16:15.983,SELL,5.4e-07,30081.86611111
10713041,2017-12-24T15:16:15.983,SELL,5.4e-07,58333.33333333
10713042,2017-12-24T15:16:15.983,SELL,5.4e-07,342385.79763889
10713043,2017-12-24T15:16:15.983,SELL,5.4e-07,10000.0
10713044,2017-12-24T15:16:15.983,SELL,5.4e-07,36191.70138889
10713045,2017-12-24T15:16:15.983,SELL,5.4e-07,70000.0
10713046,2017-12-24T15:16:15.983,SELL,5.4e-07,47697.86388889
10713047,2017-12-24T15:16:15.983,SELL,5.4e-07,923611.11111111
10713048,2017-12-24T15:16:15.983,SELL,5.4e-07,631817.22041667
10713049,2017-12-24T15:16:15.983,SELL,5.4e-07,57257.4975
10713050,2017-12-24T15:16:16,SELL,5.4e-07,181783.67958333
10713051,2017-12-24T15:16:16,SELL,5.4e-07,1596.0
10713052,2017-12-24T15:16:16,SELL,5.4e-07,24376.35083333
10713053,2017-12-24T15:16:16,SELL,5.4e-07,21558.56111111
10713054,2017-12-24T15:16:16,SELL,5.4e-07,186706.41597222
10713055,2017-12-24T15:16:16,SELL,5.4e-07,456332.64476477
10713056,2017-12-24T15:16:16.063,SELL,5.4e-07,25000.0
10713057,2017-12-24T15:16:16.187,SELL,5.4e-07,113361.57870745
10713058,2017-12-24T15:16:16.187,SELL,5.4e-07,184722.22222222
10713059,2017-12-24T15:16:16.187,SELL,5.4e-07,34526.72611111
10713060,2017-12-24T15:16:16.187,SELL,5.4e-07,49875.3117207
10713061,2017-12-24T15:16:16.187,SELL,5.4e-07,10000.0
10713062,2017-12-24T15:16:16.187,SELL,5.4e-07,84151.30919252
10713063,2017-12-24T15:16:16.39,SELL,5.4e-07,50400.94858526
10713064,2017-12-24T15:16:16.39,SELL,5.4e-07,5302.87625
10713065,2017-12-24T15:16:16.39,SELL,5.4e-07,81734.30027778
10713066,2017-12-24T15:16:16.39,SELL,5.4e-07,41710.795
10713067,2017-12-24T15:16:16.39,SELL,5.4e-07,382366.23140212
10713068,2017-12-24T15:16:17.453,SELL,5.4e-07,84223.0570701
10713069,2017-12-24T15:16:17.453,SELL,5.4e-07,10000.0
10713070,2017-12-24T15:16:17.453,SELL,5.4e-07,10000.0
10713071,2017-12-24T15:16:17.453,SELL,5.3e-07,135000.0
10713072,2017-12-24T15:16:17.453,SELL,5.3e-07,6425.83853774
10713073,2017-12-24T15:16:17.453,SELL,5.3e-07,52506.78962916
10713074,2017-12-24T15:16:17.657,SELL,5.3e-07,10000.0
10713076,2017-12-24T15:16:17.673,SELL,5.3e-07,37493.21037084
10713077,2017-12-24T15:16:17.673,SELL,5.3e-07,47506.78962916
10713079,2017-12-24T15:16:17.78,BUY,5.5e-07,104767.78772727
10713081,2017-12-24T15:16:17.83,BUY,5.5e-07,49877.03127272
10713084,2017-12-24T15:16:18.14,BUY,5.5e-07,73888.88888889
10713086,2017-12-24T15:16:18.673,SELL,5.4e-07,45000.0
10713087,2017-12-24T15:16:18.72,SELL,5.4e-07,3791.2875
10713088,2017-12-24T15:16:18.72,SELL,5.4e-07,201961.93681034
10713089,2017-12-24T15:16:18.737,SELL,5.4e-07,4946.413026
10713090,2017-12-24T15:16:18.797,SELL,5.4e-07,50000.0
10713093,2017-12-24T15:16:19.283,SELL,5.4e-07,60223.87
10713095,2017-12-24T15:16:19.533,SELL,5.4e-07,1346442.40169144
10713097,2017-12-24T15:16:19.533,SELL,5.4e-07,180000.0
10713100,2017-12-24T15:16:20.347,BUY,5.4e-07,5828.15236111
10713102,2017-12-24T15:16:22.457,BUY,5.4e-07,50632.18545455
10713104,2017-12-24T15:16:22.517,BUY,5.4e-07,139016.71680556
10713107,2017-12-24T15:16:23.3,BUY,5.4e-07,1366.96291667
10713109,2017-12-24T15:16:23.643,BUY,5.4e-07,5555.55555555
10713111,2017-12-24T15:16:23.673,BUY,5.4e-07,230995.42772727
10713114,2017-12-24T15:16:24.893,BUY,5.4e-07,87277.01986111
10713116,2017-12-24T15:16:24.97,BUY,5.4e-07,375905.215
10713119,2017-12-24T15:16:26.91,BUY,5.4e-07,190017.19236111
10713120,2017-12-24T15:16:28.287,SELL,5.3e-07,17000.0
10713122,2017-12-24T15:16:28.613,BUY,5.4e-07,5000.0
10713124,2017-12-24T15:16:28.63,BUY,5.4e-07,32008.31569444
10713126,2017-12-24T15:16:29.177,SELL,5.3e-07,3481.3587139
10713129,2017-12-24T15:16:30.74,SELL,5.3e-07,15982.205
10713133,2017-12-24T15:16:31.583,BUY,5.4e-07,8321.03416667
10713136,2017-12-24T15:16:32.537,BUY,5.4e-07,523547.36972222
10713139,2017-12-24T15:16:33.537,BUY,5.4e-07,534375.0
10713142,2017-12-24T15:16:35.757,SELL,5.3e-07,16029.64665694
10713143,2017-12-24T15:16:35.773,SELL,5.3e-07,6261.69811321
10713144,2017-12-24T15:16:35.773,SELL,5.3e-07,100000.0
10713145,2017-12-24T15:16:35.773,SELL,5.3e-07,55833.65522985
10713152,2017-12-24T15:16:38.74,BUY,5.4e-07,2133.06138889
10713153,2017-12-24T15:16:40.337,SELL,5.3e-07,9414.3102
10713155,2017-12-24T15:16:40.523,BUY,5.4e-07,714525.70193076
10713156,2017-12-24T15:16:40.523,BUY,5.4e-07,76613.26132353
10713157,2017-12-24T15:16:40.523,BUY,5.4e-07,211030.280625
10713158,2017-12-24T15:16:40.523,BUY,5.4e-07,263525.0
10713159,2017-12-24T15:16:40.523,BUY,5.4e-07,194516.99816038
10713160,2017-12-24T15:16:40.523,BUY,5.4e-07,1724.47
10713161,2017-12-24T15:16:40.523,BUY,5.4e-07,44137.55602941
10713162,2017-12-24T15:16:40.523,BUY,5.4e-07,98257.99797414
10713163,2017-12-24T15:16:40.523,BUY,5.4e-07,370143.75
10713164,2017-12-24T15:16:40.523,BUY,5.4e-07,2264251.26760096
10713165,2017-12-24T15:16:40.523,BUY,5.4e-07,2000.0
10713166,2017-12-24T15:16:40.523,BUY,5.4e-07,11757.1335
10713167,2017-12-24T15:16:40.523,BUY,5.4e-07,1332825.0
10713169,2017-12-24T15:16:41.197,SELL,5.4e-07,536363.9295
10713171,2017-12-24T15:16:42.087,SELL,5.4e-07,4960.889019
10713175,2017-12-24T15:16:42.71,SELL,5.4e-07,148254.2390625
10713180,2017-12-24T15:16:44.853,SELL,5.4e-07,2222.22222222
10713183,2017-12-24T15:16:45.73,SELL,5.4e-07,4967.371017
10713184,2017-12-24T15:16:46.033,SELL,5.4e-07,28436.2728125
10713187,2017-12-24T15:16:48.54,SELL,5.4e-07,10416.67
10713190,2017-12-24T15:16:50.15,SELL,5.4e-07,3195.51595
10713194,2017-12-24T15:16:50.95,SELL,5.4e-07,10129.30891304
10713195,2017-12-24T15:16:51.98,SELL,5.4e-07,207812.5
10713197,2017-12-24T15:16:53.073,SELL,5.4e-07,55098.13091346
10713200,2017-12-24T15:16:54.043,SELL,5.4e-07,4500.0
10713203,2017-12-24T15:16:56.653,SELL,5.4e-07,6784.76462607
10713207,2017-12-24T15:16:57.687,SELL,5.4e-07,2077.51867647
10713213,2017-12-24T15:17:02.64,SELL,5.4e-07,93052.47686275
10713217,2017-12-24T15:17:03.97,BUY,5.5e-07,24000.0
10713224,2017-12-24T15:17:07.14,SELL,5.4e-07,295350.3875
10713234,2017-12-24T15:17:12.957,SELL,5.4e-07,64960.54539907
10713239,2017-12-24T15:17:18.583,SELL,5.4e-07,7881.202
10713242,2017-12-24T15:17:20.207,BUY,5.5e-07,11418.68963954
10713244,2017-12-24T15:17:21.303,BUY,5.5e-07,157039.97972727
10713247,2017-12-24T15:17:24.287,SELL,5.4e-07,1995.0
10713249,2017-12-24T15:17:25.49,SELL,5.4e-07,4166.67
10713256,2017-12-24T15:17:30.023,BUY,5.5e-07,49877.21263636
10713259,2017-12-24T15:17:31.837,BUY,5.5e-07,13343.21981995
10713261,2017-12-24T15:17:32.18,BUY,5.5e-07,4200.0
10713267,2017-12-24T15:17:38.12,SELL,5.4e-07,3685.18518518
10713268,2017-12-24T15:17:38.9,SELL,5.4e-07,2787.4213017
10713269,2017-12-24T15:17:39.84,SELL,5.4e-07,2732.76598206
10713274,2017-12-24T15:17:45.137,SELL,5.4e-07,93940.67735294
10713277,2017-12-24T15:17:46.183,BUY,5.5e-07,18136.36363636
10713280,2017-12-24T15:17:51.077,BUY,5.5e-07,27025.79345455
10713282,2017-12-24T15:17:51.513,BUY,5.5e-07,312958.91454545
10713286,2017-12-24T15:17:55.28,SELL,5.4e-07,3685.18518518
10713292,2017-12-24T15:17:56.423,BUY,5.5e-07,73773.62654052
10713293,2017-12-24T15:17:56.423,BUY,5.5e-07,16908.1916413
10713299,2017-12-24T15:17:59.893,SELL,5.4e-07,936202.36
10713303,2017-12-24T15:18:01.987,SELL,5.4e-07,1145667.9080969
10713304,2017-12-24T15:18:01.987,SELL,5.4e-07,1554332.0919031
10713312,2017-12-24T15:18:08.957,SELL,5.4e-07,3685.18518518
10713316,2017-12-24T15:18:10.177,SELL,5.4e-07,34556.0
10713319,2017-12-24T15:18:11.443,BUY,5.5e-07,10000.107
10713322,2017-12-24T15:18:12.99,BUY,5.5e-07,43150.63486364
10713327,2017-12-24T15:18:17.367,SELL,5.4e-07,111474.28301887
10713330,2017-12-24T15:18:18.85,BUY,5.5e-07,258253.63868182
10713331,2017-12-24T15:18:19.303,SELL,5.4e-07,3125.0
10713333,2017-12-24T15:18:19.383,BUY,5.5e-07,1896.32004545
10713337,2017-12-24T15:18:23.307,BUY,5.5e-07,17773.63636364
10713342,2017-12-24T15:18:25.947,BUY,5.5e-07,140702.61640909
10713345,2017-12-24T15:18:27.183,BUY,5.5e-07,35000.0
10713347,2017-12-24T15:18:27.917,SELL,5.4e-07,10000.0
10713353,2017-12-24T15:18:31.34,SELL,5.4e-07,365998.0
10713356,2017-12-24T15:18:32.857,SELL,5.4e-07,9755.9029945
10713358,2017-12-24T15:18:33.95,SELL,5.4e-07,118351.06382979
10713359,2017-12-24T15:18:33.997,SELL,5.4e-07,5621.0
10713364,2017-12-24T15:18:36.653,BUY,5.5e-07,702332.93072727
10713368,2017-12-24T15:18:39.687,SELL,5.4e-07,234705.88235294
10713372,2017-12-24T15:18:42.953,BUY,5.5e-07,6245.36563636
10713375,2017-12-24T15:18:43.157,BUY,5.5e-07,50914.66704545
10713380,2017-12-24T15:18:44.33,BUY,5.5e-07,2275.497
10713383,2017-12-24T15:18:45.983,BUY,5.5e-07,68513.46886364
10713398,2017-12-24T15:18:53.783,SELL,5.4e-07,2222.22222222
10713400,2017-12-24T15:18:54.05,SELL,5.4e-07,534375.0
10713409,2017-12-24T15:18:59.177,SELL,5.4e-07,1229.52293737
10713411,2017-12-24T15:19:00.177,SELL,5.4e-07,2308.15641236
10713413,2017-12-24T15:19:01.177,SELL,5.4e-07,16598.73920271
10713414,2017-12-24T15:19:01.287,SELL,5.4e-07,40852.33174652
10713415,2017-12-24T15:19:01.287,SELL,5.4e-07,37000.0
10713416,2017-12-24T15:19:01.287,SELL,5.4e-07,1265194.7525
10713417,2017-12-24T15:19:01.287,SELL,5.4e-07,176915.38083333
10713418,2017-12-24T15:19:01.287,SELL,5.4e-07,277083.33333333
10713419,2017-12-24T15:19:01.287,SELL,5.4e-07,103679.94680556
10713420,2017-12-24T15:19:01.287,SELL,5.4e-07,193546.97541667
10713421,2017-12-24T15:19:01.287,SELL,5.4e-07,115061.47722222
10713422,2017-12-24T15:19:01.287,SELL,5.4e-07,15405.48194444
10713423,2017-12-24T15:19:01.287,SELL,5.4e-07,203508.45375
10713424,2017-12-24T15:19:01.287,SELL,5.4e-07,243287.96644793
10713425,2017-12-24T15:19:01.317,SELL,5.4e-07,50000.0
10713426,2017-12-24T15:19:02.66,SELL,5.4e-07,40387.73507985
10713427,2017-12-24T15:19:02.66,SELL,5.4e-07,22716.25242015
10713436,2017-12-24T15:19:13.15,SELL,5.4e-07,26349.24481132
10713438,2017-12-24T15:19:13.853,SELL,5.4e-07,14915.0531915
10713456,2017-12-24T15:19:29.64,BUY,5.5e-07,27204.54545455
10713458,2017-12-24T15:19:30.2,SELL,5.4e-07,57206.29721592
10713459,2017-12-24T15:19:30.2,SELL,5.4e-07,8056.82597222
10713460,2017-12-24T15:19:30.2,SELL,5.4e-07,81891.77721509
10713463,2017-12-24T15:19:30.843,SELL,5.4e-07,30751.37785714
10713467,2017-12-24T15:19:33.687,SELL,5.4e-07,2302.8363298
10713476,2017-12-24T15:19:40.097,BUY,5.5e-07,16400.0
10713477,2017-12-24T15:19:40.377,SELL,5.4e-07,1605.95617925
10713478,2017-12-24T15:19:40.517,SELL,5.4e-07,14294.90740741
10713481,2017-12-24T15:19:41.69,BUY,5.5e-07,43977.50795455
10713484,2017-12-24T15:19:43.957,SELL,5.4e-07,1221.42857143
10713501,2017-12-24T15:20:01.07,SELL,5.4e-07,135000.0
10713503,2017-12-24T15:20:02.54,BUY,5.5e-07,4007.71422414
10713505,2017-12-24T15:20:05.197,SELL,5.4e-07,20000.0
10713511,2017-12-24T15:20:06.823,BUY,5.5e-07,100000.0
10713513,2017-12-24T15:20:10.057,BUY,5.5e-07,3454.54545454
10713516,2017-12-24T15:20:12.823,BUY,5.5e-07,54336.20086364
10713520,2017-12-24T15:20:14.387,BUY,5.5e-07,9570.48654545
10713525,2017-12-24T15:20:16.903,SELL,5.4e-07,10000.0
10713530,2017-12-24T15:20:21.123,SELL,5.4e-07,202931.71643988
10713531,2017-12-24T15:20:21.123,SELL,5.4e-07,10641.87678951
10713532,2017-12-24T15:20:21.123,SELL,5.4e-07,33195.89660377
10713533,2017-12-24T15:20:21.123,SELL,5.4e-07,72379.44633705
10713537,2017-12-24T15:20:21.5,BUY,5.5e-07,47521.13577273
10713542,2017-12-24T15:20:25.22,BUY,5.5e-07,8706.7785
10713546,2017-12-24T15:20:27.423,BUY,5.5e-07,377754.18062255
10713547,2017-12-24T15:20:27.423,BUY,5.5e-07,42723.73
10713548,2017-12-24T15:20:27.423,BUY,5.5e-07,208998.09812745
10713552,2017-12-24T15:20:30.61,BUY,5.5e-07,71464.77781298
10713553,2017-12-24T15:20:30.61,BUY,5.5e-07,35214.85468702
10713555,2017-12-24T15:20:31.33,BUY,5.5e-07,46935.966
10713561,2017-12-24T15:20:34.517,BUY,5.5e-07,89214.4982307
10713562,2017-12-24T15:20:34.517,BUY,5.5e-07,772121.96078431
10713563,2017-12-24T15:20:34.517,BUY,5.5e-07,64354.83870968
10713564,2017-12-24T15:20:34.517,BUY,5.5e-07,1102664.93904804
10713566,2017-12-24T15:20:34.847,BUY,5.5e-07,52134.62768182
10713568,2017-12-24T15:20:35.377,BUY,5.5e-07,126954.90818182
10713569,2017-12-24T15:20:37.567,SELL,5.4e-07,1509.92282962
10713570,2017-12-24T15:20:37.567,SELL,5.4e-07,712.2993926
10713572,2017-12-24T15:20:38.05,BUY,5.5e-07,1701813.78540082
10713573,2017-12-24T15:20:38.05,BUY,5.5e-07,5000.0
10713574,2017-12-24T15:20:38.05,BUY,5.5e-07,249090.9090909
10713575,2017-12-24T15:20:38.05,BUY,5.5e-07,25000.0
10713576,2017-12-24T15:20:38.05,BUY,5.5e-07,30000.0
10713577,2017-12-24T15:20:38.05,BUY,5.5e-07,7082.78233696
10713578,2017-12-24T15:20:38.05,BUY,5.5e-07,81428.57142857
10713579,2017-12-24T15:20:38.05,BUY,5.5e-07,415625.0
10713580,2017-12-24T15:20:38.05,BUY,5.5e-07,1509.83134615
10713581,2017-12-24T15:20:38.05,BUY,5.5e-07,1932818.8
10713582,2017-12-24T15:20:38.05,BUY,5.5e-07,2100.0
10713583,2017-12-24T15:20:38.05,BUY,5.5e-07,1075580.54411902
10713584,2017-12-24T15:20:38.05,BUY,5.5e-07,1982.07321429
10713585,2017-12-24T15:20:38.05,BUY,5.5e-07,123147.70414089
10713586,2017-12-24T15:20:38.05,BUY,5.5e-07,301598.35513889
10713587,2017-12-24T15:20:38.05,BUY,5.5e-07,803377.26388889
10713588,2017-12-24T15:20:38.05,BUY,5.5e-07,92361.11111111
10713589,2017-12-24T15:20:38.05,BUY,5.5e-07,181783.67958333
10713590,2017-12-24T15:20:38.05,BUY,5.5e-07,375905.215
10713591,2017-12-24T15:20:38.05,BUY,5.5e-07,1700.0
10713592,2017-12-24T15:20:38.05,BUY,5.5e-07,15000.0
10713593,2017-12-24T15:20:38.067,BUY,5.5e-07,127292.89222826
10713594,2017-12-24T15:20:38.067,BUY,5.5e-07,10000.0
10713595,2017-12-24T15:20:38.067,BUY,5.5e-07,146116.29375
10713596,2017-12-24T15:20:38.067,BUY,5.5e-07,19782.78493903
10713597,2017-12-24T15:20:38.067,BUY,5.5e-07,110191.26130901
10713598,2017-12-24T15:20:38.067,BUY,5.5e-07,86117.43836855
10713599,2017-12-24T15:20:38.067,BUY,5.5e-07,5000.39918269
10713600,2017-12-24T15:20:38.067,BUY,5.5e-07,91136.36363636
10713601,2017-12-24T15:20:38.067,BUY,5.5e-07,7643.87689655
10713602,2017-12-24T15:20:38.067,BUY,5.5e-07,2020.0
10713603,2017-12-24T15:20:38.067,BUY,5.5e-07,126492.1
10713604,2017-12-24T15:20:38.067,BUY,5.5e-07,9000.0
10713605,2017-12-24T15:20:38.067,BUY,5.5e-07,1822727.27272727
10713606,2017-12-24T15:20:38.067,BUY,5.5e-07,30000.0
10713607,2017-12-24T15:20:38.067,BUY,5.5e-07,27700.2365625
10713608,2017-12-24T15:20:38.067,BUY,5.5e-07,50000.0
10713609,2017-12-24T15:20:38.067,BUY,5.5e-07,21559.89375
10713610,2017-12-24T15:20:38.067,BUY,5.5e-07,40055.085
10713611,2017-12-24T15:20:38.067,BUY,5.5e-07,78751.23313953
10713612,2017-12-24T15:20:38.067,BUY,5.5e-07,10000.0
10713613,2017-12-24T15:20:38.067,BUY,5.5e-07,80000.0
10713614,2017-12-24T15:20:38.067,BUY,5.5e-07,381480.0
10713615,2017-12-24T15:20:38.067,BUY,5.5e-07,50000.0
10713616,2017-12-24T15:20:38.067,BUY,5.5e-07,110000.0
10713617,2017-12-24T15:20:38.067,BUY,5.5e-07,14871.57716498
10713619,2017-12-24T15:20:38.08,BUY,5.5e-07,8968.70386364
10713621,2017-12-24T15:20:38.44,BUY,5.5e-07,99089.75848647
10713622,2017-12-24T15:20:38.44,BUY,5.5e-07,6000.0
10713623,2017-12-24T15:20:38.44,BUY,5.5e-07,10650.0
10713624,2017-12-24T15:20:38.44,BUY,5.5e-07,100000.0
10713625,2017-12-24T15:20:38.44,BUY,5.5e-07,1000000.0
10713626,2017-12-24T15:20:38.44,BUY,5.5e-07,1193.69283945
10713627,2017-12-24T15:20:38.44,BUY,5.5e-07,2045.34321429
10713636,2017-12-24T15:20:41.41,SELL,5.5e-07,13000.0
10713641,2017-12-24T15:20:43.38,SELL,5.5e-07,210445.16886364
10713642,2017-12-24T15:20:43.38,SELL,5.5e-07,375228.25400166
10713647,2017-12-24T15:20:44.803,SELL,5.5e-07,5000.0
10713651,2017-12-24T15:20:45.52,SELL,5.5e-07,20000.0
10713655,2017-12-24T15:20:46.867,BUY,5.6e-07,1860.64442308
10713656,2017-12-24T15:20:46.867,BUY,5.6e-07,12817.49134615
10713657,2017-12-24T15:20:46.867,BUY,5.6e-07,85321.86423077
10713678,2017-12-24T15:20:56.197,BUY,5.6e-07,1813.63636364
10713681,2017-12-24T15:20:56.54,SELL,5.5e-07,13199.468625
10713685,2017-12-24T15:20:57.18,SELL,5.5e-07,3000.0
10713687,2017-12-24T15:20:58.23,SELL,5.5e-07,2295.80237113
10713691,2017-12-24T15:20:59.23,BUY,5.6e-07,137749.33979021
10713692,2017-12-24T15:20:59.23,BUY,5.6e-07,62250.66020979
10713696,2017-12-24T15:21:00.463,BUY,5.6e-07,5000.0
10713699,2017-12-24T15:21:02.573,BUY,5.6e-07,12488.62875
10713703,2017-12-24T15:21:03.683,BUY,5.6e-07,125000.0
10713714,2017-12-24T15:21:07.967,BUY,5.6e-07,1197501.41985841
10713715,2017-12-24T15:21:07.967,BUY,5.6e-07,1275262.72982909
10713716,2017-12-24T15:21:08.543,SELL,5.5e-07,80430.52336364
10713718,2017-12-24T15:21:08.577,BUY,5.6e-07,295056.33644361
10713719,2017-12-24T15:21:08.577,BUY,5.6e-07,1624249.24886889
10713721,2017-12-24T15:21:08.67,BUY,5.6e-07,1312524.2690625
10713725,2017-12-24T15:21:10.56,BUY,5.6e-07,63226.48206861
10713726,2017-12-24T15:21:10.56,BUY,5.6e-07,50000.0
10713727,2017-12-24T15:21:10.56,BUY,5.6e-07,1730.89224047
10713728,2017-12-24T15:21:10.56,BUY,5.6e-07,913660.0
10713729,2017-12-24T15:21:10.56,BUY,5.6e-07,408068.18181818
10713730,2017-12-24T15:21:10.56,BUY,5.6e-07,590580.37595455
10713731,2017-12-24T15:21:10.56,BUY,5.6e-07,400781.25
10713732,2017-12-24T15:21:10.56,BUY,5.6e-07,7289.0
10713733,2017-12-24T15:21:10.56,BUY,5.6e-07,5000.0
10713734,2017-12-24T15:21:10.56,BUY,5.6e-07,244642.85714285
10713735,2017-12-24T15:21:10.56,BUY,5.6e-07,191826.92307692
10713736,2017-12-24T15:21:10.56,BUY,5.6e-07,10000.0
10713737,2017-12-24T15:21:10.56,BUY,5.6e-07,5000.0
10713738,2017-12-24T15:21:10.56,BUY,5.6e-07,58715.17145455
10713739,2017-12-24T15:21:10.56,BUY,5.6e-07,500000.0
10713740,2017-12-24T15:21:10.56,BUY,5.6e-07,277083.33333333
10713741,2017-12-24T15:21:10.56,BUY,5.6e-07,14511.41236364
10713742,2017-12-24T15:21:10.56,BUY,5.6e-07,1495573.00581818
10713743,2017-12-24T15:21:10.56,BUY,5.6e-07,372549.01960784
10713744,2017-12-24T15:21:10.56,BUY,5.6e-07,146636.23138889
10713745,2017-12-24T15:21:10.56,BUY,5.6e-07,13013.784
10713746,2017-12-24T15:21:10.56,BUY,5.6e-07,5980.30168265
10713747,2017-12-24T15:21:10.56,BUY,5.6e-07,10000.0
10713748,2017-12-24T15:21:10.56,BUY,5.6e-07,107993.1421875
10713749,2017-12-24T15:21:10.577,BUY,5.6e-07,34526.72611111
10713750,2017-12-24T15:21:10.577,BUY,5.6e-07,61071.42857143
10713751,2017-12-24T15:21:10.577,BUY,5.6e-07,2086.4315625
10713752,2017-12-24T15:21:10.577,BUY,5.6e-07,1795263.2727418
10713756,2017-12-24T15:21:11.45,BUY,5.6e-07,57783.4115625
10713760,2017-12-24T15:21:12.013,BUY,5.6e-07,356274.86625
10713763,2017-12-24T15:21:12.7,BUY,5.6e-07,1343012.2153125
10713770,2017-12-24T15:21:13.467,BUY,5.6e-07,144457.30875
10713772,2017-12-24T15:21:13.607,BUY,5.6e-07,1818211.29375
10713774,2017-12-24T15:21:14.123,BUY,5.6e-07,893015.4553125
10713776,2017-12-24T15:21:14.56,BUY,5.6e-07,170544.35625
10713780,2017-12-24T15:21:15.407,BUY,5.6e-07,7000.5975
10713782,2017-12-24T15:21:15.513,BUY,5.6e-07,443563.4371875
10713784,2017-12-24T15:21:16.047,BUY,5.6e-07,179234.3803125
10713786,2017-12-24T15:21:16.06,BUY,5.6e-07,22033.92
10713788,2017-12-24T15:21:16.703,BUY,5.6e-07,288241.852866
10713789,2017-12-24T15:21:16.703,BUY,5.6e-07,10000.0
10713790,2017-12-24T15:21:16.703,BUY,5.6e-07,831630.0
10713791,2017-12-24T15:21:16.703,BUY,5.6e-07,4064.0
10713799,2017-12-24T15:21:17.14,SELL,5.6e-07,1092016.11337633
10713800,2017-12-24T15:21:17.187,SELL,5.6e-07,1733481.286
10713805,2017-12-24T15:21:18.86,SELL,5.6e-07,293860.04338267
10713806,2017-12-24T15:21:18.86,SELL,5.6e-07,86062.411875
10713807,2017-12-24T15:21:18.86,SELL,5.6e-07,3.3e-07
10713809,2017-12-24T15:21:19.97,SELL,5.6e-07,225015.87187467
10713810,2017-12-24T15:21:19.97,SELL,5.6e-07,39117.64705882
10713811,2017-12-24T15:21:19.97,SELL,5.5e-07,11888.06813851
10713848,2017-12-24T15:21:29.393,BUY,5.7e-07,8771.92982456
10713852,2017-12-24T15:21:31.41,SELL,5.6e-07,50974.5050647
10713857,2017-12-24T15:21:31.94,SELL,5.6e-07,12483.90432692
10713862,2017-12-24T15:21:33.897,BUY,5.7e-07,30000.0
10713864,2017-12-24T15:21:35.443,SELL,5.6e-07,3751.06354763
10713868,2017-12-24T15:21:37.443,BUY,5.7e-07,13768.4925
10713871,2017-12-24T15:21:38.117,SELL,5.6e-07,12813.25456075
10713872,2017-12-24T15:21:38.117,SELL,5.6e-07,186.74543925
10713877,2017-12-24T15:21:38.677,SELL,5.6e-07,13130.60316404
10713880,2017-12-24T15:21:40.163,SELL,5.6e-07,4495.15139671
10713881,2017-12-24T15:21:40.163,SELL,5.6e-07,1980.1354113
10713883,2017-12-24T15:21:41.43,SELL,5.6e-07,36065.02626934
10713885,2017-12-24T15:21:42.46,SELL,5.6e-07,1400.0
10713888,2017-12-24T15:21:44.023,SELL,5.6e-07,3801740.03988186
10713889,2017-12-24T15:21:44.023,SELL,5.6e-07,15303.8053125
10713890,2017-12-24T15:21:44.023,SELL,5.6e-07,3000.0
10713891,2017-12-24T15:21:44.023,SELL,5.6e-07,83501.36625
10713892,2017-12-24T15:21:44.023,SELL,5.6e-07,5025.013125
10713894,2017-12-24T15:21:44.46,BUY,5.6e-07,8087.0175
10713898,2017-12-24T15:21:47.337,BUY,5.6e-07,1965.00375
10713901,2017-12-24T15:21:48.87,BUY,5.6e-07,10000.0
10713903,2017-12-24T15:21:50.07,BUY,5.6e-07,16683.24
10713916,2017-12-24T15:21:55.793,SELL,5.5e-07,23702.0
10713919,2017-12-24T15:21:58.01,BUY,5.6e-07,15994.84747198
10713921,2017-12-24T15:21:58.06,BUY,5.6e-07,3562.5
10713925,2017-12-24T15:21:59.967,SELL,5.5e-07,24316.7773426
10713927,2017-12-24T15:22:01.637,BUY,5.6e-07,120132.3271875
10713929,2017-12-24T15:22:02.123,SELL,5.5e-07,3454.54545454
10713936,2017-12-24T15:22:05.577,BUY,5.6e-07,1200.0
10713939,2017-12-24T15:22:05.81,BUY,5.6e-07,10000.0
10713944,2017-12-24T15:22:07.217,BUY,5.6e-07,122500.0
10713946,2017-12-24T15:22:07.453,BUY,5.6e-07,4000.0
10713953,2017-12-24T15:22:12.127,BUY,5.6e-07,120000.0
10713966,2017-12-24T15:22:20.22,BUY,5.6e-07,2394.819375
10713971,2017-12-24T15:22:21.207,SELL,5.5e-07,250000.0
10713977,2017-12-24T15:22:23.037,SELL,5.5e-07,3618.18181818
10713979,2017-12-24T15:22:23.753,BUY,5.6e-07,1437.8071875
10713982,2017-12-24T15:22:23.99,BUY,5.6e-07,19437.07125
10713983,2017-12-24T15:22:24.13,SELL,5.5e-07,24372.60257308
10713985,2017-12-24T15:22:24.16,BUY,5.6e-07,2000.0
10713987,2017-12-24T15:22:24.27,BUY,5.6e-07,500000.0
10713991,2017-12-24T15:22:25.85,BUY,5.6e-07,5973.10125
10713995,2017-12-24T15:22:27.1,BUY,5.6e-07,210735.1809375
10713999,2017-12-24T15:22:29.927,SELL,5.5e-07,429316.93714679
10714001,2017-12-24T15:22:30.193,BUY,5.6e-07,120484.0884375
10714003,2017-12-24T15:22:30.52,SELL,5.5e-07,170841.54
10714006,2017-12-24T15:22:31.02,SELL,5.5e-07,28042.0
10714008,2017-12-24T15:22:32.303,BUY,5.6e-07,7500.0
10714011,2017-12-24T15:22:35.49,SELL,5.5e-07,91725.5151318
10714013,2017-12-24T15:22:35.68,BUY,5.6e-07,38041.8534375
10714015,2017-12-24T15:22:35.85,SELL,5.5e-07,4175.0
10714017,2017-12-24T15:22:36.85,SELL,5.5e-07,18400.0
10714019,2017-12-24T15:22:41.103,SELL,5.5e-07,29311.965
10714022,2017-12-24T15:22:43.463,BUY,5.6e-07,82091.66071429
10714024,2017-12-24T15:22:44.213,SELL,5.5e-07,2181.81818181
10714031,2017-12-24T15:22:46.917,SELL,5.5e-07,56998.0
10714034,2017-12-24T15:22:47.997,BUY,5.6e-07,9046.27884368
10714036,2017-12-24T15:22:49.84,SELL,5.5e-07,50914.66704545
10714042,2017-12-24T15:22:51.263,BUY,5.6e-07,27666.7846875
10714045,2017-12-24T15:22:53.42,SELL,5.5e-07,8299.61895
10714061,2017-12-24T15:22:59.687,BUY,5.6e-07,793600.846875
10714062,2017-12-24T15:22:59.953,SELL,5.5e-07,3618.18181818
10714063,2017-12-24T15:22:59.967,SELL,5.5e-07,422774.134375
10714067,2017-12-24T15:23:01.53,SELL,5.5e-07,9088.96065
10714068,2017-12-24T15:23:04.28,SELL,5.5e-07,1566.23599873
10714073,2017-12-24T15:23:05.453,BUY,5.6e-07,1933.50909091
10714075,2017-12-24T15:23:05.72,BUY,5.6e-07,1246.875
10714080,2017-12-24T15:23:10.347,SELL,5.5e-07,7592.645
10714086,2017-12-24T15:23:11.987,SELL,5.5e-07,10000.0
10714089,2017-12-24T15:23:13.893,BUY,5.6e-07,60000.0
10714092,2017-12-24T15:23:15.097,SELL,5.5e-07,192305.69
10714094,2017-12-24T15:23:15.113,BUY,5.6e-07,10833.028125
10714096,2017-12-24T15:23:15.77,SELL,5.5e-07,3026.0
10714100,2017-12-24T15:23:20.257,SELL,5.5e-07,460000.0
10714103,2017-12-24T15:23:23.147,SELL,5.5e-07,500000.0
10714105,2017-12-24T15:23:23.177,BUY,5.6e-07,1500.374375
10714136,2017-12-24T15:23:47.623,BUY,5.6e-07,46738.8421875
10714137,2017-12-24T15:23:47.747,SELL,5.5e-07,5343.75
10714139,2017-12-24T15:23:48.607,BUY,5.6e-07,5139.7078125
10714141,2017-12-24T15:23:48.747,BUY,5.6e-07,105628.42857143
10714144,2017-12-24T15:23:48.857,BUY,5.6e-07,173899.2871875
10714146,2017-12-24T15:23:49.043,BUY,5.6e-07,5000.0
10714152,2017-12-24T15:23:52.703,SELL,5.5e-07,41710.795
10714153,2017-12-24T15:23:54.157,SELL,5.5e-07,6261.69811321
10714155,2017-12-24T15:23:54.39,BUY,5.6e-07,40727.6221875
10714156,2017-12-24T15:23:55.123,SELL,5.5e-07,158736.0
10714157,2017-12-24T15:23:56.17,SELL,5.5e-07,22500.0
10714160,2017-12-24T15:23:58.58,BUY,5.6e-07,474836.041875
10714163,2017-12-24T15:24:00.127,SELL,5.5e-07,3618.18181818
10714174,2017-12-24T15:24:02.643,SELL,5.5e-07,31296.0
10714179,2017-12-24T15:24:03.44,BUY,5.6e-07,37418.3264
10714185,2017-12-24T15:24:05.173,BUY,5.6e-07,36483.83401315
10714187,2017-12-24T15:24:05.237,SELL,5.5e-07,10000.0
10714189,2017-12-24T15:24:05.41,BUY,5.6e-07,80268.534734
10714191,2017-12-24T15:24:05.457,BUY,5.6e-07,37135.29427493
10714195,2017-12-24T15:24:05.923,BUY,5.6e-07,37135.29427493
10714197,2017-12-24T15:24:05.957,BUY,5.6e-07,15358.04431113
10714200,2017-12-24T15:24:11.41,SELL,5.5e-07,655000.0
10714204,2017-12-24T15:24:12.6,BUY,5.6e-07,35116.8628125
10714207,2017-12-24T15:24:13.427,BUY,5.6e-07,37135.29427493
10714210,2017-12-24T15:24:16.96,BUY,5.6e-07,47973.8184375
10714213,2017-12-24T15:24:18.287,BUY,5.6e-07,130580.623125
10714214,2017-12-24T15:24:18.477,SELL,5.5e-07,200000.0
10714219,2017-12-24T15:24:19.85,BUY,5.6e-07,1340.92408691
10714221,2017-12-24T15:24:19.88,BUY,5.6e-07,43729.936875
10714224,2017-12-24T15:24:20.413,BUY,5.6e-07,448235.2640625
10714226,2017-12-24T15:24:21.337,SELL,5.5e-07,8070.80764747
10714236,2017-12-24T15:24:33.887,SELL,5.5e-07,5230.0
10714238,2017-12-24T15:24:34.167,BUY,5.6e-07,80000.0
10714245,2017-12-24T15:24:40.56,SELL,5.5e-07,16423.2775
10714249,2017-12-24T15:24:41.543,BUY,5.6e-07,632897.43375
10714253,2017-12-24T15:24:45.03,SELL,5.5e-07,40201.76453125
10714255,2017-12-24T15:24:46.593,BUY,5.6e-07,8639.98875
10714257,2017-12-24T15:24:50.877,SELL,5.5e-07,8397.83957547
10714259,2017-12-24T15:24:52.673,SELL,5.5e-07,2078.125
10714260,2017-12-24T15:24:52.877,SELL,5.5e-07,2227.1714922
10714265,2017-12-24T15:24:54.39,BUY,5.6e-07,26635.815
10714271,2017-12-24T15:24:57.58,BUY,5.6e-07,130915.24875
10714273,2017-12-24T15:25:01.58,SELL,5.5e-07,20000.0
10714275,2017-12-24T15:25:02.503,BUY,5.6e-07,4012.001003
10714280,2017-12-24T15:25:04.143,BUY,5.6e-07,29729.75089534
10714284,2017-12-24T15:25:05.113,SELL,5.5e-07,2181.81818181
10714286,2017-12-24T15:25:07.1,BUY,5.6e-07,222811.76565
10714289,2017-12-24T15:25:07.3,BUY,5.6e-07,559192.265625
10714291,2017-12-24T15:25:08.317,BUY,5.6e-07,14314.24386014
10714292,2017-12-24T15:25:09.693,SELL,5.5e-07,27204.54545455
10714294,2017-12-24T15:25:10.803,BUY,5.6e-07,1094195.39960194
10714295,2017-12-24T15:25:10.803,BUY,5.6e-07,20741.37931034
10714296,2017-12-24T15:25:10.803,BUY,5.6e-07,2167149.95765022
10714299,2017-12-24T15:25:11.163,BUY,5.6e-07,2137.5
10714301,2017-12-24T15:25:11.68,BUY,5.6e-07,6840.0178125
10714303,2017-12-24T15:25:12.303,BUY,5.6e-07,74270.58855
10714308,2017-12-24T15:25:13.583,BUY,5.6e-07,74122.047373
10714309,2017-12-24T15:25:14.413,SELL,5.5e-07,3618.18181818
10714312,2017-12-24T15:25:14.74,BUY,5.6e-07,206982.95221699
10714313,2017-12-24T15:25:14.74,BUY,5.6e-07,1059933.33684551
10714326,2017-12-24T15:25:23.04,BUY,5.6e-07,6181.2702709
10714328,2017-12-24T15:25:23.79,BUY,5.6e-07,12887.379375
10714330,2017-12-24T15:25:24.01,BUY,5.6e-07,43762.9790625
10714332,2017-12-24T15:25:25.603,BUY,5.6e-07,30000.0
10714335,2017-12-24T15:25:26.01,BUY,5.6e-07,10541.116875
10714337,2017-12-24T15:25:26.027,BUY,5.6e-07,16165.876875
10714344,2017-12-24T15:25:29.747,BUY,5.6e-07,379189.40878619
10714345,2017-12-24T15:25:29.747,BUY,5.6e-07,49965.28340131
10714347,2017-12-24T15:25:29.903,BUY,5.6e-07,2850.0
10714349,2017-12-24T15:25:30.323,BUY,5.6e-07,21345.0
10714352,2017-12-24T15:25:30.887,BUY,5.6e-07,98878.875
10714353,2017-12-24T15:25:31.23,SELL,5.5e-07,10000.0
10714356,2017-12-24T15:25:31.967,BUY,5.6e-07,182739.2034375
10714358,2017-12-24T15:25:33.78,BUY,5.6e-07,13492.185
10714360,2017-12-24T15:25:34.327,BUY,5.6e-07,200000.0
10714366,2017-12-24T15:25:34.98,BUY,5.6e-07,7624.2665625
10714375,2017-12-24T15:25:39.797,BUY,5.6e-07,41880.999375
10714378,2017-12-24T15:25:41.5,SELL,5.5e-07,56000.0
10714379,2017-12-24T15:25:41.78,SELL,5.5e-07,103679.94680556
10714382,2017-12-24T15:25:45.813,BUY,5.6e-07,24677.15
10714383,2017-12-24T15:25:46.297,SELL,5.5e-07,3618.18181818
10714385,2017-12-24T15:25:47.953,BUY,5.6e-07,2049.51246818
10714387,2017-12-24T15:25:48.64,BUY,5.6e-07,229190.7478125
10714389,2017-12-24T15:25:50.033,BUY,5.6e-07,64812.0103125
10714399,2017-12-24T15:25:54.8,SELL,5.5e-07,803055.55837283
10714403,2017-12-24T15:25:57.207,SELL,5.5e-07,62730.22440217
10714405,2017-12-24T15:25:57.427,BUY,5.6e-07,18435.5675
10714406,2017-12-24T15:25:58.393,SELL,5.5e-07,42593.58204545
10714407,2017-12-24T15:25:58.69,SELL,5.5e-07,1230467.55
10714412,2017-12-24T15:26:03.147,SELL,5.5e-07,1953110.63814672
10714413,2017-12-24T15:26:03.147,SELL,5.5e-07,18218.12827572
10714414,2017-12-24T15:26:03.147,SELL,5.5e-07,5000.0
10714415,2017-12-24T15:26:03.147,SELL,5.5e-07,6514.54554545
10714416,2017-12-24T15:26:03.147,SELL,5.5e-07,15423.24790391
10714418,2017-12-24T15:26:03.787,BUY,5.6e-07,302542.0171875
10714419,2017-12-24T15:26:04.473,SELL,5.5e-07,216847.82608696
10714420,2017-12-24T15:26:04.647,SELL,5.5e-07,361279.63725
10714422,2017-12-24T15:26:04.723,SELL,5.5e-07,483977.47269949
10714424,2017-12-24T15:26:04.99,BUY,5.6e-07,82529.39725551
10714425,2017-12-24T15:26:04.99,BUY,5.6e-07,11998.0
10714426,2017-12-24T15:26:04.99,BUY,5.6e-07,55856.73586949
10714427,2017-12-24T15:26:05.117,SELL,5.5e-07,7152.399007
10714429,2017-12-24T15:26:06.397,BUY,5.6e-07,37135.29427493
10714433,2017-12-24T15:26:08.32,BUY,5.6e-07,72721.10452796
10714434,2017-12-24T15:26:08.32,BUY,5.6e-07,5000.0
10714435,2017-12-24T15:26:08.337,BUY,5.6e-07,240321.0
10714436,2017-12-24T15:26:08.337,BUY,5.6e-07,234742.63078454
10714437,2017-12-24T15:26:08.38,SELL,5.5e-07,1183371.35801343
10714440,2017-12-24T15:26:08.413,BUY,5.6e-07,8500.0
10714441,2017-12-24T15:26:08.82,SELL,5.5e-07,7171.758884
10714445,2017-12-24T15:26:10.82,BUY,5.6e-07,17812.5
10714446,2017-12-24T15:26:10.85,SELL,5.5e-07,2472764.1496875
10714450,2017-12-24T15:26:12.493,SELL,5.5e-07,725454.54545454
10714453,2017-12-24T15:26:12.663,BUY,5.6e-07,74270.58855
10714455,2017-12-24T15:26:12.853,SELL,5.5e-07,7171.758884
10714457,2017-12-24T15:26:12.993,SELL,5.5e-07,600315.42112917
10714458,2017-12-24T15:26:12.993,SELL,5.5e-07,41425.1775
10714459,2017-12-24T15:26:12.993,SELL,5.5e-07,3700.0
10714460,2017-12-24T15:26:12.993,SELL,5.5e-07,86731.11854254
10714461,2017-12-24T15:26:13.26,SELL,5.5e-07,443563.4371875
10714463,2017-12-24T15:26:13.337,BUY,5.6e-07,59416.47084
10714466,2017-12-24T15:26:13.82,BUY,5.6e-07,37135.29427493
10714467,2017-12-24T15:26:14.15,SELL,5.5e-07,415625.0
10714469,2017-12-24T15:26:14.353,BUY,5.6e-07,44531.25
10714471,2017-12-24T15:26:15.43,SELL,5.5e-07,30000.0
10714475,2017-12-24T15:26:16.56,SELL,5.5e-07,20000.0
10714476,2017-12-24T15:26:17.057,SELL,5.5e-07,7163.141571
10714478,2017-12-24T15:26:17.197,BUY,5.6e-07,89062.5
10714480,2017-12-24T15:26:17.29,BUY,5.6e-07,59416.47084
10714482,2017-12-24T15:26:17.777,BUY,5.6e-07,356506.238859
10714486,2017-12-24T15:26:19.463,SELL,5.5e-07,764449.28888078
10714487,2017-12-24T15:26:19.463,SELL,5.5e-07,40000.0
10714488,2017-12-24T15:26:19.463,SELL,5.5e-07,249090.9090909
10714489,2017-12-24T15:26:19.463,SELL,5.5e-07,408068.18181818
10714490,2017-12-24T15:26:19.463,SELL,5.5e-07,10881.81818182
10714491,2017-12-24T15:26:19.463,SELL,5.5e-07,18181.81818182
10714492,2017-12-24T15:26:19.463,SELL,5.5e-07,1500059.5771875
10714493,2017-12-24T15:26:19.463,SELL,5.5e-07,58458.78846456
10714495,2017-12-24T15:26:20.603,BUY,5.6e-07,38000.0
10714497,2017-12-24T15:26:20.87,SELL,5.5e-07,241541.21153544
10714498,2017-12-24T15:26:20.87,SELL,5.5e-07,80739.93518182
10714499,2017-12-24T15:26:20.87,SELL,5.5e-07,240999.02877273
10714500,2017-12-24T15:26:20.87,SELL,5.5e-07,20000.0
10714501,2017-12-24T15:26:20.87,SELL,5.5e-07,100000.0
10714502,2017-12-24T15:26:20.87,SELL,5.5e-07,100000.0
10714503,2017-12-24T15:26:20.87,SELL,5.5e-07,4534.09090909
10714504,2017-12-24T15:26:20.87,SELL,5.5e-07,145090.90909091
10714505,2017-12-24T15:26:20.87,SELL,5.5e-07,2007.69545455
10714506,2017-12-24T15:26:20.87,SELL,5.5e-07,28660.46018182
10714507,2017-12-24T15:26:20.87,SELL,5.5e-07,10000.0
10714508,2017-12-24T15:26:20.87,SELL,5.5e-07,1000000.0
10714509,2017-12-24T15:26:20.87,SELL,5.5e-07,14870.1315
10714510,2017-12-24T15:26:20.87,SELL,5.5e-07,2554.23477273
10714511,2017-12-24T15:26:20.87,SELL,5.5e-07,7781.17104545
10714512,2017-12-24T15:26:20.87,SELL,5.5e-07,181363.63636364
10714513,2017-12-24T15:26:20.87,SELL,5.5e-07,656785.08572727
10714514,2017-12-24T15:26:20.87,SELL,5.5e-07,40575.48886364
10714515,2017-12-24T15:26:20.87,SELL,5.5e-07,51283.65136364
10714516,2017-12-24T15:26:20.87,SELL,5.5e-07,71045.59540909
10714517,2017-12-24T15:26:20.87,SELL,5.5e-07,25722.67759091
10714518,2017-12-24T15:26:20.87,SELL,5.5e-07,16037.78686364
10714519,2017-12-24T15:26:20.87,SELL,5.5e-07,5351.07272727
10714520,2017-12-24T15:26:20.87,SELL,5.5e-07,15110.58340909
10714521,2017-12-24T15:26:20.87,SELL,5.5e-07,8472.84354545
10714522,2017-12-24T15:26:20.87,SELL,5.5e-07,9068.18181818
10714523,2017-12-24T15:26:20.87,SELL,5.5e-07,8013.06259091
10714524,2017-12-24T15:26:20.87,SELL,5.5e-07,30000.0
10714525,2017-12-24T15:26:20.87,SELL,5.5e-07,544090.90909091
10714526,2017-12-24T15:26:20.87,SELL,5.5e-07,100651.41354545
10714527,2017-12-24T15:26:20.87,SELL,5.5e-07,20000.0
10714528,2017-12-24T15:26:20.887,SELL,5.5e-07,9437.67395455
10714529,2017-12-24T15:26:20.887,SELL,5.5e-07,103406.41786364
10714530,2017-12-24T15:26:20.887,SELL,5.5e-07,10000.0
10714531,2017-12-24T15:26:20.887,SELL,5.5e-07,4012.27145455
10714532,2017-12-24T15:26:20.887,SELL,5.5e-07,1240.47272727
10714533,2017-12-24T15:26:20.887,SELL,5.5e-07,1847.80527273
10714534,2017-12-24T15:26:20.887,SELL,5.5e-07,31866.38890909
10714535,2017-12-24T15:26:20.887,SELL,5.5e-07,638766.91465204
10714536,2017-12-24T15:26:21.057,SELL,5.5e-07,7163.141571
10714537,2017-12-24T15:26:22.167,SELL,5.5e-07,3618.18181818
10714539,2017-12-24T15:26:23.963,SELL,5.5e-07,22033.92
10714542,2017-12-24T15:26:24.37,SELL,5.5e-07,179234.3803125
10714546,2017-12-24T15:26:26.357,SELL,5.5e-07,186800.0
10714548,2017-12-24T15:26:26.48,SELL,5.5e-07,7163.141571
10714550,2017-12-24T15:26:27.31,SELL,5.5e-07,75913.46153846
10714552,2017-12-24T15:26:28.95,SELL,5.5e-07,727619.36339523
10714554,2017-12-24T15:26:30.187,SELL,5.5e-07,7176.07532
10714555,2017-12-24T15:26:30.293,SELL,5.5e-07,163711.17777778
10714557,2017-12-24T15:26:30.373,BUY,5.6e-07,53571.42857143
10714561,2017-12-24T15:26:31.293,SELL,5.5e-07,949488.3754529
10714562,2017-12-24T15:26:31.293,SELL,5.5e-07,1234.0
10714563,2017-12-24T15:26:31.293,SELL,5.5e-07,100000.0
10714564,2017-12-24T15:26:31.293,SELL,5.5e-07,3182.94995455
10714565,2017-12-24T15:26:31.293,SELL,5.5e-07,5788.52877273
10714566,2017-12-24T15:26:31.293,SELL,5.5e-07,378220.0
10714567,2017-12-24T15:26:31.293,SELL,5.5e-07,4071.5955
10714568,2017-12-24T15:26:31.293,SELL,5.5e-07,18181.82
10714569,2017-12-24T15:26:31.293,SELL,5.5e-07,293028.22977273
10714570,2017-12-24T15:26:31.293,SELL,5.5e-07,13718.30918182
10714571,2017-12-24T15:26:31.293,SELL,5.5e-07,549553.89013636
10714572,2017-12-24T15:26:31.293,SELL,5.4e-07,328234.92322891
10714576,2017-12-24T15:26:33.937,SELL,5.4e-07,7163.141571
10714579,2017-12-24T15:26:35.64,BUY,5.5e-07,1800.66599138
10714580,2017-12-24T15:26:35.64,BUY,5.5e-07,199921.12923589
10714584,2017-12-24T15:26:37.017,BUY,5.5e-07,766607.74875
10714586,2017-12-24T15:26:38.093,BUY,5.5e-07,22199.26179859
10714587,2017-12-24T15:26:38.093,BUY,5.5e-07,18278.0
10714588,2017-12-24T15:26:38.093,BUY,5.5e-07,18752.07843137
10714589,2017-12-24T15:26:38.093,BUY,5.5e-07,314379.42857143
10714590,2017-12-24T15:26:38.093,BUY,5.5e-07,805602.25498311
10714591,2017-12-24T15:26:38.093,BUY,5.5e-07,120508.53129808
10714592,2017-12-24T15:26:38.72,SELL,5.5e-07,56821.50784705
10714593,2017-12-24T15:26:39.267,SELL,5.5e-07,46785.43714286
10714594,2017-12-24T15:26:39.407,SELL,5.5e-07,348852.24924104
10714597,2017-12-24T15:26:41.627,SELL,5.5e-07,4629.37962963
10714598,2017-12-24T15:26:42.69,SELL,5.5e-07,7163.141571
10714599,2017-12-24T15:26:42.737,SELL,5.5e-07,2651.59756659
10714602,2017-12-24T15:26:45.237,SELL,5.5e-07,698819.800641
10714604,2017-12-24T15:26:46.58,SELL,5.5e-07,6589.65438679
10714605,2017-12-24T15:26:48.173,SELL,5.5e-07,7163.141571
10714607,2017-12-24T15:26:51.003,SELL,5.5e-07,145512.94790909
10714609,2017-12-24T15:26:53.24,SELL,5.5e-07,3618.18181818
10714611,2017-12-24T15:26:54.037,BUY,5.6e-07,2809.708125
10714615,2017-12-24T15:26:54.537,BUY,5.6e-07,138072.655
10714616,2017-12-24T15:26:54.567,SELL,5.5e-07,2247771.342
10714618,2017-12-24T15:26:56.52,SELL,5.5e-07,46952.230898
10714620,2017-12-24T15:26:58.1,SELL,5.5e-07,8742.0
10714621,2017-12-24T15:26:58.13,SELL,5.5e-07,2181.81818181
10714623,2017-12-24T15:27:00.07,SELL,5.5e-07,7152.399007
10714624,2017-12-24T15:27:00.803,SELL,5.5e-07,321256.343221
10714627,2017-12-24T15:27:01.93,SELL,5.5e-07,237617.27228538
10714628,2017-12-24T15:27:01.93,SELL,5.5e-07,181363.63636364
10714629,2017-12-24T15:27:01.93,SELL,5.5e-07,36272.72727273
10714630,2017-12-24T15:27:01.93,SELL,5.5e-07,276602.15046399
10714633,2017-12-24T15:27:02.397,BUY,5.6e-07,3571.42857142
10714635,2017-12-24T15:27:03.32,BUY,5.6e-07,37135.29427493
10714638,2017-12-24T15:27:04.227,SELL,5.5e-07,2780.428
10714639,2017-12-24T15:27:05.023,SELL,5.5e-07,1933.50909091
10714435,2017-12-24T15:26:08.337,BUY,5.6e-07,240321.0
10714436,2017-12-24T15:26:08.337,BUY,5.6e-07,234742.63078454
10714437,2017-12-24T15:26:08.38,SELL,5.5e-07,1183371.35801343
10714440,2017-12-24T15:26:08.413,BUY,5.6e-07,8500.0
10714441,2017-12-24T15:26:08.82,SELL,5.5e-07,7171.758884
10714445,2017-12-24T15:26:10.82,BUY,5.6e-07,17812.5
10714446,2017-12-24T15:26:10.85,SELL,5.5e-07,2472764.1496875
10714450,2017-12-24T15:26:12.493,SELL,5.5e-07,725454.54545454
10714453,2017-12-24T15:26:12.663,BUY,5.6e-07,74270.58855
10714455,2017-12-24T15:26:12.853,SELL,5.5e-07,7171.758884
10714457,2017-12-24T15:26:12.993,SELL,5.5e-07,600315.42112917
10714458,2017-12-24T15:26:12.993,SELL,5.5e-07,41425.1775
10714459,2017-12-24T15:26:12.993,SELL,5.5e-07,3700.0
10714460,2017-12-24T15:26:12.993,SELL,5.5e-07,86731.11854254
10714461,2017-12-24T15:26:13.26,SELL,5.5e-07,443563.4371875
10714463,2017-12-24T15:26:13.337,BUY,5.6e-07,59416.47084
10714466,2017-12-24T15:26:13.82,BUY,5.6e-07,37135.29427493
10714467,2017-12-24T15:26:14.15,SELL,5.5e-07,415625.0
10714469,2017-12-24T15:26:14.353,BUY,5.6e-07,44531.25
10714471,2017-12-24T15:26:15.43,SELL,5.5e-07,30000.0
10714475,2017-12-24T15:26:16.56,SELL,5.5e-07,20000.0
10714476,2017-12-24T15:26:17.057,SELL,5.5e-07,7163.141571
10714478,2017-12-24T15:26:17.197,BUY,5.6e-07,89062.5
10714480,2017-12-24T15:26:17.29,BUY,5.6e-07,59416.47084
10714482,2017-12-24T15:26:17.777,BUY,5.6e-07,356506.238859
10714486,2017-12-24T15:26:19.463,SELL,5.5e-07,764449.28888078
10714487,2017-12-24T15:26:19.463,SELL,5.5e-07,40000.0
10714488,2017-12-24T15:26:19.463,SELL,5.5e-07,249090.9090909
10714489,2017-12-24T15:26:19.463,SELL,5.5e-07,408068.18181818
10714490,2017-12-24T15:26:19.463,SELL,5.5e-07,10881.81818182
10714491,2017-12-24T15:26:19.463,SELL,5.5e-07,18181.81818182
10714492,2017-12-24T15:26:19.463,SELL,5.5e-07,1500059.5771875
10714493,2017-12-24T15:26:19.463,SELL,5.5e-07,58458.78846456
10714495,2017-12-24T15:26:20.603,BUY,5.6e-07,38000.0
10714497,2017-12-24T15:26:20.87,SELL,5.5e-07,241541.21153544
10714498,2017-12-24T15:26:20.87,SELL,5.5e-07,80739.93518182
10714499,2017-12-24T15:26:20.87,SELL,5.5e-07,240999.02877273
10714500,2017-12-24T15:26:20.87,SELL,5.5e-07,20000.0
10714501,2017-12-24T15:26:20.87,SELL,5.5e-07,100000.0
10714502,2017-12-24T15:26:20.87,SELL,5.5e-07,100000.0
10714503,2017-12-24T15:26:20.87,SELL,5.5e-07,4534.09090909
10714504,2017-12-24T15:26:20.87,SELL,5.5e-07,145090.90909091
10714505,2017-12-24T15:26:20.87,SELL,5.5e-07,2007.69545455
10714506,2017-12-24T15:26:20.87,SELL,5.5e-07,28660.46018182
10714507,2017-12-24T15:26:20.87,SELL,5.5e-07,10000.0
10714508,2017-12-24T15:26:20.87,SELL,5.5e-07,1000000.0
10714509,2017-12-24T15:26:20.87,SELL,5.5e-07,14870.1315
10714510,2017-12-24T15:26:20.87,SELL,5.5e-07,2554.23477273
10714511,2017-12-24T15:26:20.87,SELL,5.5e-07,7781.17104545
10714512,2017-12-24T15:26:20.87,SELL,5.5e-07,181363.63636364
10714513,2017-12-24T15:26:20.87,SELL,5.5e-07,656785.08572727
10714514,2017-12-24T15:26:20.87,SELL,5.5e-07,40575.48886364
10714515,2017-12-24T15:26:20.87,SELL,5.5e-07,51283.65136364
10714516,2017-12-24T15:26:20.87,SELL,5.5e-07,71045.59540909
10714517,2017-12-24T15:26:20.87,SELL,5.5e-07,25722.67759091
10714518,2017-12-24T15:26:20.87,SELL,5.5e-07,16037.78686364
10714519,2017-12-24T15:26:20.87,SELL,5.5e-07,5351.07272727
10714520,2017-12-24T15:26:20.87,SELL,5.5e-07,15110.58340909
10714521,2017-12-24T15:26:20.87,SELL,5.5e-07,8472.84354545
10714522,2017-12-24T15:26:20.87,SELL,5.5e-07,9068.18181818
10714523,2017-12-24T15:26:20.87,SELL,5.5e-07,8013.06259091
10714524,2017-12-24T15:26:20.87,SELL,5.5e-07,30000.0
10714525,2017-12-24T15:26:20.87,SELL,5.5e-07,544090.90909091
10714526,2017-12-24T15:26:20.87,SELL,5.5e-07,100651.41354545
10714527,2017-12-24T15:26:20.87,SELL,5.5e-07,20000.0
10714528,2017-12-24T15:26:20.887,SELL,5.5e-07,9437.67395455
10714529,2017-12-24T15:26:20.887,SELL,5.5e-07,103406.41786364
10714530,2017-12-24T15:26:20.887,SELL,5.5e-07,10000.0
10714531,2017-12-24T15:26:20.887,SELL,5.5e-07,4012.27145455
10714532,2017-12-24T15:26:20.887,SELL,5.5e-07,1240.47272727
10714533,2017-12-24T15:26:20.887,SELL,5.5e-07,1847.80527273
10714534,2017-12-24T15:26:20.887,SELL,5.5e-07,31866.38890909
10714535,2017-12-24T15:26:20.887,SELL,5.5e-07,638766.91465204
10714536,2017-12-24T15:26:21.057,SELL,5.5e-07,7163.141571
10714537,2017-12-24T15:26:22.167,SELL,5.5e-07,3618.18181818
10714539,2017-12-24T15:26:23.963,SELL,5.5e-07,22033.92
10714542,2017-12-24T15:26:24.37,SELL,5.5e-07,179234.3803125
10714546,2017-12-24T15:26:26.357,SELL,5.5e-07,186800.0
10714548,2017-12-24T15:26:26.48,SELL,5.5e-07,7163.141571
10714550,2017-12-24T15:26:27.31,SELL,5.5e-07,75913.46153846
10714552,2017-12-24T15:26:28.95,SELL,5.5e-07,727619.36339523
10714554,2017-12-24T15:26:30.187,SELL,5.5e-07,7176.07532
10714555,2017-12-24T15:26:30.293,SELL,5.5e-07,163711.17777778
10714557,2017-12-24T15:26:30.373,BUY,5.6e-07,53571.42857143
10714561,2017-12-24T15:26:31.293,SELL,5.5e-07,949488.3754529
10714562,2017-12-24T15:26:31.293,SELL,5.5e-07,1234.0
10714563,2017-12-24T15:26:31.293,SELL,5.5e-07,100000.0
10714564,2017-12-24T15:26:31.293,SELL,5.5e-07,3182.94995455
10714565,2017-12-24T15:26:31.293,SELL,5.5e-07,5788.52877273
10714566,2017-12-24T15:26:31.293,SELL,5.5e-07,378220.0
10714567,2017-12-24T15:26:31.293,SELL,5.5e-07,4071.5955
10714568,2017-12-24T15:26:31.293,SELL,5.5e-07,18181.82
10714569,2017-12-24T15:26:31.293,SELL,5.5e-07,293028.22977273
10714570,2017-12-24T15:26:31.293,SELL,5.5e-07,13718.30918182
10714571,2017-12-24T15:26:31.293,SELL,5.5e-07,549553.89013636
10714572,2017-12-24T15:26:31.293,SELL,5.4e-07,328234.92322891
10714576,2017-12-24T15:26:33.937,SELL,5.4e-07,7163.141571
10714579,2017-12-24T15:26:35.64,BUY,5.5e-07,1800.66599138
10714580,2017-12-24T15:26:35.64,BUY,5.5e-07,199921.12923589
10714584,2017-12-24T15:26:37.017,BUY,5.5e-07,766607.74875
10714586,2017-12-24T15:26:38.093,BUY,5.5e-07,22199.26179859
10714587,2017-12-24T15:26:38.093,BUY,5.5e-07,18278.0
10714588,2017-12-24T15:26:38.093,BUY,5.5e-07,18752.07843137
10714589,2017-12-24T15:26:38.093,BUY,5.5e-07,314379.42857143
10714590,2017-12-24T15:26:38.093,BUY,5.5e-07,805602.25498311
10714591,2017-12-24T15:26:38.093,BUY,5.5e-07,120508.53129808
10714592,2017-12-24T15:26:38.72,SELL,5.5e-07,56821.50784705
10714593,2017-12-24T15:26:39.267,SELL,5.5e-07,46785.43714286
10714594,2017-12-24T15:26:39.407,SELL,5.5e-07,348852.24924104
10714597,2017-12-24T15:26:41.627,SELL,5.5e-07,4629.37962963
10714598,2017-12-24T15:26:42.69,SELL,5.5e-07,7163.141571
10714599,2017-12-24T15:26:42.737,SELL,5.5e-07,2651.59756659
10714602,2017-12-24T15:26:45.237,SELL,5.5e-07,698819.800641
10714604,2017-12-24T15:26:46.58,SELL,5.5e-07,6589.65438679
10714605,2017-12-24T15:26:48.173,SELL,5.5e-07,7163.141571
10714607,2017-12-24T15:26:51.003,SELL,5.5e-07,145512.94790909
10714609,2017-12-24T15:26:53.24,SELL,5.5e-07,3618.18181818
10714611,2017-12-24T15:26:54.037,BUY,5.6e-07,2809.708125
10714615,2017-12-24T15:26:54.537,BUY,5.6e-07,138072.655
10714616,2017-12-24T15:26:54.567,SELL,5.5e-07,2247771.342
10714618,2017-12-24T15:26:56.52,SELL,5.5e-07,46952.230898
10714620,2017-12-24T15:26:58.1,SELL,5.5e-07,8742.0
10714621,2017-12-24T15:26:58.13,SELL,5.5e-07,2181.81818181
10714623,2017-12-24T15:27:00.07,SELL,5.5e-07,7152.399007
10714624,2017-12-24T15:27:00.803,SELL,5.5e-07,321256.343221
10714627,2017-12-24T15:27:01.93,SELL,5.5e-07,237617.27228538
10714628,2017-12-24T15:27:01.93,SELL,5.5e-07,181363.63636364
10714629,2017-12-24T15:27:01.93,SELL,5.5e-07,36272.72727273
10714630,2017-12-24T15:27:01.93,SELL,5.5e-07,276602.15046399
10714633,2017-12-24T15:27:02.397,BUY,5.6e-07,3571.42857142
10714635,2017-12-24T15:27:03.32,BUY,5.6e-07,37135.29427493
10714638,2017-12-24T15:27:04.227,SELL,5.5e-07,2780.428
10714639,2017-12-24T15:27:05.023,SELL,5.5e-07,1933.50909091
10714644,2017-12-24T15:27:06.65,BUY,5.6e-07,7642.1625
10714649,2017-12-24T15:27:07.82,SELL,5.4e-07,310167.43950565
10714650,2017-12-24T15:27:07.82,SELL,5.4e-07,3896.17958333
10714651,2017-12-24T15:27:07.82,SELL,5.4e-07,1761.60347222
10714652,2017-12-24T15:27:07.82,SELL,5.4e-07,9236.11111111
10714653,2017-12-24T15:27:07.82,SELL,5.4e-07,1688.37958333
10714654,2017-12-24T15:27:07.82,SELL,5.4e-07,184722.0
10714655,2017-12-24T15:27:07.82,SELL,5.4e-07,19809.90666667
10714656,2017-12-24T15:27:07.837,SELL,5.4e-07,1461.68847222
10714657,2017-12-24T15:27:07.837,SELL,5.4e-07,18472.22222222
10714658,2017-12-24T15:27:07.837,SELL,5.4e-07,9763.21597222
10714659,2017-12-24T15:27:07.837,SELL,5.4e-07,29650.90916667
10714660,2017-12-24T15:27:07.837,SELL,5.4e-07,149136.41164336
10714662,2017-12-24T15:27:07.947,BUY,5.5e-07,12829.524375
10714663,2017-12-24T15:27:07.947,BUY,5.6e-07,61441.064175
10714666,2017-12-24T15:27:09.15,SELL,5.4e-07,28988.62458333
10714668,2017-12-24T15:27:09.447,SELL,5.4e-07,7065.510604
10714670,2017-12-24T15:27:09.477,BUY,5.5e-07,5000.0
10714671,2017-12-24T15:27:09.477,BUY,5.6e-07,25000.0
10714673,2017-12-24T15:27:09.9,SELL,5.5e-07,1251.97131818
10714677,2017-12-24T15:27:13.51,SELL,5.4e-07,5617.9770582
10714678,2017-12-24T15:27:13.51,SELL,5.4e-07,6514.09986488
10714680,2017-12-24T15:27:13.93,BUY,5.5e-07,38620.706046
10714682,2017-12-24T15:27:14.18,BUY,5.5e-07,14463.52349946
10714683,2017-12-24T15:27:14.18,BUY,5.5e-07,22671.77077547
10714684,2017-12-24T15:27:15.04,SELL,5.4e-07,2722.01124623
10714685,2017-12-24T15:27:15.04,SELL,5.4e-07,2286.80600377
10714687,2017-12-24T15:27:15.463,BUY,5.5e-07,45559.0
10714695,2017-12-24T15:27:17.59,BUY,5.5e-07,28492.22727273
10714697,2017-12-24T15:27:17.713,BUY,5.5e-07,5000.0
10714699,2017-12-24T15:27:17.997,BUY,5.5e-07,9140.11661847
10714700,2017-12-24T15:27:17.997,BUY,5.5e-07,27995.17765646
10714702,2017-12-24T15:27:18.23,BUY,5.5e-07,37135.29427493
10714704,2017-12-24T15:27:18.247,BUY,5.5e-07,4834.0075
10714707,2017-12-24T15:27:19.37,SELL,5.4e-07,7116.114082
10714708,2017-12-24T15:27:19.51,SELL,5.4e-07,3685.18518518
10714710,2017-12-24T15:27:19.653,BUY,5.5e-07,12530.0
10714713,2017-12-24T15:27:20.37,BUY,5.5e-07,13032.80904545
10714717,2017-12-24T15:27:22.247,BUY,5.5e-07,1753.69062352
10714720,2017-12-24T15:27:23.53,BUY,5.5e-07,343460.03427273
10714724,2017-12-24T15:27:24.217,SELL,5.4e-07,7116.114082
10714733,2017-12-24T15:27:27.013,BUY,5.5e-07,4869.5325
10714738,2017-12-24T15:27:29.56,SELL,5.4e-07,7116.114082
10714742,2017-12-24T15:27:33.25,BUY,5.5e-07,37737.66841262
10714743,2017-12-24T15:27:33.25,BUY,5.5e-07,14840.90117829
10714748,2017-12-24T15:27:35.313,SELL,5.4e-07,7116.114082
10714752,2017-12-24T15:27:39.5,SELL,5.4e-07,3500.0
10714753,2017-12-24T15:27:39.75,SELL,5.4e-07,3685.18518518
10714757,2017-12-24T15:27:41.517,SELL,5.4e-07,7116.114082
10714759,2017-12-24T15:27:43.597,BUY,5.5e-07,512889.65318182
10714764,2017-12-24T15:27:46.753,SELL,5.4e-07,7116.114082
10714768,2017-12-24T15:27:49.457,BUY,5.5e-07,181363.63636364
10714771,2017-12-24T15:27:50.927,SELL,5.4e-07,7115.904264
10714773,2017-12-24T15:27:51.02,BUY,5.5e-07,363298.8515625
10714774,2017-12-24T15:27:52.083,SELL,5.4e-07,20166.67264706
10714776,2017-12-24T15:27:55.053,SELL,5.4e-07,7114.842189
10714779,2017-12-24T15:27:56.537,BUY,5.5e-07,572315.80636364
10714784,2017-12-24T15:27:58.71,BUY,5.5e-07,109090.90909091
10714787,2017-12-24T15:27:59.633,BUY,5.5e-07,57710.94286364
10714790,2017-12-24T15:27:59.977,BUY,5.5e-07,10000.0
10714791,2017-12-24T15:28:00.803,SELL,5.4e-07,5036.874941
10714793,2017-12-24T15:28:01.197,BUY,5.5e-07,159624.31339556
10714794,2017-12-24T15:28:01.197,BUY,5.5e-07,281316.0875549
10714795,2017-12-24T15:28:01.197,BUY,5.5e-07,9763.21597222
10714796,2017-12-24T15:28:01.197,BUY,5.5e-07,7606.81818964
10714797,2017-12-24T15:28:01.197,BUY,5.5e-07,155602.614334
10714798,2017-12-24T15:28:01.197,BUY,5.5e-07,383653.84615385
10714799,2017-12-24T15:28:01.197,BUY,5.5e-07,2127.65957447
10714800,2017-12-24T15:28:01.197,BUY,5.5e-07,269000.0
10714801,2017-12-24T15:28:01.197,BUY,5.5e-07,247923.64255
10714802,2017-12-24T15:28:01.197,BUY,5.5e-07,3645.45454545
10714803,2017-12-24T15:28:01.197,BUY,5.5e-07,3828.23521277
10714804,2017-12-24T15:28:01.197,BUY,5.5e-07,87608.62001714
10714805,2017-12-24T15:28:02.07,SELL,5.4e-07,3685.18518518
10714808,2017-12-24T15:28:02.947,BUY,5.5e-07,9090.90909091
10714814,2017-12-24T15:28:05.963,SELL,5.4e-07,5000.0
10714815,2017-12-24T15:28:05.977,SELL,5.4e-07,5111.40634666
10714817,2017-12-24T15:28:07.713,BUY,5.5e-07,138799.02368182
10714819,2017-12-24T15:28:08.587,BUY,5.5e-07,64499.44721013
10714820,2017-12-24T15:28:08.587,BUY,5.5e-07,137668.23051714
10714822,2017-12-24T15:28:08.62,BUY,5.5e-07,1469.02731818
10714825,2017-12-24T15:28:09.463,BUY,5.5e-07,100000.0
10714826,2017-12-24T15:28:09.48,SELL,5.4e-07,6074.84429
10714828,2017-12-24T15:28:09.59,BUY,5.5e-07,37135.29427493
10714830,2017-12-24T15:28:09.887,BUY,5.5e-07,14857.98333333
10714837,2017-12-24T15:28:12.37,BUY,5.5e-07,19116.36204545
10714839,2017-12-24T15:28:13.417,SELL,5.4e-07,7118.029366
10714842,2017-12-24T15:28:13.543,BUY,5.5e-07,37135.294275
10714846,2017-12-24T15:28:15.043,BUY,5.5e-07,286467.61648065
10714847,2017-12-24T15:28:15.043,BUY,5.5e-07,2930666.79001935
10714849,2017-12-24T15:28:15.137,BUY,5.5e-07,356700.82974382
10714853,2017-12-24T15:28:17.513,BUY,5.5e-07,5000.0
10714855,2017-12-24T15:28:18.17,BUY,5.5e-07,30320.49968182
10714857,2017-12-24T15:28:18.543,SELL,5.4e-07,6995.588295
10714859,2017-12-24T15:28:20.077,BUY,5.5e-07,36272.72727273
10714861,2017-12-24T15:28:20.247,BUY,5.5e-07,7371.79704545
10714863,2017-12-24T15:28:20.7,BUY,5.5e-07,18136.36363636
10714865,2017-12-24T15:28:22.217,BUY,5.5e-07,830000.0
10714867,2017-12-24T15:28:22.45,SELL,5.4e-07,6995.588295
10714869,2017-12-24T15:28:22.607,BUY,5.5e-07,104070.00927273
10714871,2017-12-24T15:28:24.45,BUY,5.5e-07,774879.41818182
10716080,2017-12-24T15:38:34.473,BUY,5.4e-07,6495.29513889
10716082,2017-12-24T15:38:35.02,BUY,5.4e-07,384077.65861111
10716085,2017-12-24T15:38:36.6,SELL,5.3e-07,120000.0
10716087,2017-12-24T15:38:37.317,BUY,5.4e-07,206527.46006964
10716088,2017-12-24T15:38:37.317,BUY,5.4e-07,271552.57990658
10716089,2017-12-24T15:38:37.317,BUY,5.4e-07,40000.0
10716090,2017-12-24T15:38:37.317,BUY,5.4e-07,8892297.31851435
10716093,2017-12-24T15:38:37.817,BUY,5.4e-07,38187.45875
10716094,2017-12-24T15:38:39.38,SELL,5.3e-07,38228.78111111
10716100,2017-12-24T15:38:40.723,BUY,5.4e-07,162118.12609929
10716101,2017-12-24T15:38:40.723,BUY,5.4e-07,138483.15519231
10716102,2017-12-24T15:38:40.723,BUY,5.4e-07,2000.0
10716103,2017-12-24T15:38:40.723,BUY,5.4e-07,155076.78319149
10716104,2017-12-24T15:38:40.723,BUY,5.4e-07,297902.4125
10716105,2017-12-24T15:38:40.723,BUY,5.4e-07,168030.63412802
10716107,2017-12-24T15:38:41.02,BUY,5.4e-07,15014.32453
10716108,2017-12-24T15:38:41.083,SELL,5.3e-07,2028.24175
10716110,2017-12-24T15:38:41.63,BUY,5.4e-07,44335.84555556
10716113,2017-12-24T15:38:42.537,BUY,5.4e-07,1847.22222222
10716114,2017-12-24T15:38:43.32,SELL,5.3e-07,100000.0
10716116,2017-12-24T15:38:43.68,BUY,5.4e-07,18472.22222222
10716121,2017-12-24T15:38:45.803,BUY,5.4e-07,169441.6359008
10716122,2017-12-24T15:38:45.803,BUY,5.4e-07,244154.70771031
10716127,2017-12-24T15:38:52.727,SELL,5.3e-07,2028.24175
10716133,2017-12-24T15:38:58.993,BUY,5.4e-07,22397.88347222
10716134,2017-12-24T15:39:00.637,SELL,5.3e-07,5000.0
10716137,2017-12-24T15:39:00.98,SELL,5.3e-07,207812.5
10716144,2017-12-24T15:39:02.903,BUY,5.4e-07,100000.0
10716146,2017-12-24T15:39:06.09,SELL,5.3e-07,2028.24178708
10716148,2017-12-24T15:39:06.31,BUY,5.4e-07,36944.67534867
10716151,2017-12-24T15:39:09.39,SELL,5.3e-07,8888.89
10716152,2017-12-24T15:39:10.747,SELL,5.3e-07,655000.0
10716153,2017-12-24T15:39:10.84,SELL,5.3e-07,17508.8265625
10716156,2017-12-24T15:39:12.78,BUY,5.4e-07,4234.53527778
10716157,2017-12-24T15:39:12.903,SELL,5.3e-07,6000.0
10716162,2017-12-24T15:39:19.39,BUY,5.4e-07,3738.26055556
10716164,2017-12-24T15:39:20.483,SELL,5.3e-07,61486.1078125
10716166,2017-12-24T15:39:20.767,BUY,5.4e-07,3782.631
10716167,2017-12-24T15:39:22.08,SELL,5.3e-07,15454.5468
10716168,2017-12-24T15:39:22.33,SELL,5.3e-07,5000.0
10716171,2017-12-24T15:39:28.283,BUY,5.4e-07,278088.62861111
10716174,2017-12-24T15:39:28.423,BUY,5.4e-07,130721.79922627
10716175,2017-12-24T15:39:28.423,BUY,5.4e-07,5343.22384615
10716176,2017-12-24T15:39:28.423,BUY,5.4e-07,93625.71272727
10716177,2017-12-24T15:39:28.423,BUY,5.4e-07,405553.54364475
10716179,2017-12-24T15:39:30.16,SELL,5.3e-07,17010.83130556
10716180,2017-12-24T15:39:30.237,SELL,5.3e-07,171201.56625
10716181,2017-12-24T15:39:30.3,SELL,5.3e-07,244277.11
10716183,2017-12-24T15:39:32.847,SELL,5.3e-07,2200.0
10716185,2017-12-24T15:39:34.223,BUY,5.4e-07,1951.81194444
10716189,2017-12-24T15:39:38.177,BUY,5.4e-07,7426.51639625
10716191,2017-12-24T15:39:38.787,SELL,5.3e-07,5000.0
10716192,2017-12-24T15:39:41.427,SELL,5.3e-07,10204.08
10716195,2017-12-24T15:39:44.053,SELL,5.3e-07,10416.67
10716200,2017-12-24T15:39:47.507,BUY,5.4e-07,296306.28513889
10716205,2017-12-24T15:39:52.96,BUY,5.4e-07,351424.07125
10716207,2017-12-24T15:39:53.29,BUY,5.4e-07,5265.97392222
10716212,2017-12-24T15:40:05.043,BUY,5.4e-07,38510.713681
10716215,2017-12-24T15:40:05.417,BUY,5.4e-07,20319.61069444
10716217,2017-12-24T15:40:07.183,SELL,5.3e-07,64812.0103125
10716218,2017-12-24T15:40:10.323,SELL,5.3e-07,9478.94741695
10716222,2017-12-24T15:40:15.293,BUY,5.4e-07,13731.19708333
10716226,2017-12-24T15:40:17.153,BUY,5.4e-07,30126.73513889
10716229,2017-12-24T15:40:20.013,BUY,5.4e-07,20116.89097222
10716234,2017-12-24T15:40:21.937,BUY,5.4e-07,12828.95833333
10716236,2017-12-24T15:40:22.563,BUY,5.4e-07,15547.55222222
10716242,2017-12-24T15:40:27.923,SELL,5.3e-07,302124.13661017
10716243,2017-12-24T15:40:27.923,SELL,5.3e-07,3764.1509434
10716244,2017-12-24T15:40:27.923,SELL,5.3e-07,4136.96063418
10716245,2017-12-24T15:40:27.923,SELL,5.3e-07,65938.45768868
10716246,2017-12-24T15:40:27.923,SELL,5.3e-07,224036.29412357
10716249,2017-12-24T15:40:29.127,BUY,5.4e-07,38459.07430556
10716253,2017-12-24T15:40:30.75,BUY,5.4e-07,184722.22222222
10716255,2017-12-24T15:40:30.893,BUY,5.4e-07,10916.3075
10716259,2017-12-24T15:40:33.253,SELL,5.3e-07,50000.0
10716261,2017-12-24T15:40:33.957,BUY,5.4e-07,527166.61742914
10716262,2017-12-24T15:40:33.957,BUY,5.4e-07,6775.46075581
10716263,2017-12-24T15:40:33.957,BUY,5.4e-07,4968.73112061
10716264,2017-12-24T15:40:35.19,SELL,5.3e-07,4166.67
10716268,2017-12-24T15:40:38.177,BUY,5.4e-07,27708.33333333
10716269,2017-12-24T15:40:38.723,SELL,5.3e-07,54310.43534483
10716271,2017-12-24T15:40:39.55,BUY,5.4e-07,3777.48100061
10716272,2017-12-24T15:40:39.55,BUY,5.4e-07,36192.84985
10716273,2017-12-24T15:40:39.55,BUY,5.4e-07,5632.50047872
10716274,2017-12-24T15:40:39.55,BUY,5.4e-07,49764.72538163
10716275,2017-12-24T15:40:39.55,BUY,5.4e-07,1474.84011
10716276,2017-12-24T15:40:39.55,BUY,5.4e-07,40479.66042453
10716277,2017-12-24T15:40:39.55,BUY,5.4e-07,19804.34594895
10716284,2017-12-24T15:40:48.07,BUY,5.4e-07,484917.21043065
10716285,2017-12-24T15:40:48.07,BUY,5.4e-07,10000.0
10716286,2017-12-24T15:40:48.07,BUY,5.4e-07,61139.37064187
10716287,2017-12-24T15:40:48.07,BUY,5.4e-07,50000.0
10716288,2017-12-24T15:40:48.07,BUY,5.4e-07,4008.62282609
10716289,2017-12-24T15:40:48.07,BUY,5.4e-07,1493.93305182
10716290,2017-12-24T15:40:48.07,BUY,5.4e-07,62343.75
10716291,2017-12-24T15:40:48.07,BUY,5.4e-07,5929.91335106
10716292,2017-12-24T15:40:48.07,BUY,5.4e-07,3589474.78810345
10716293,2017-12-24T15:40:48.07,BUY,5.4e-07,1628821.893
10716294,2017-12-24T15:40:48.07,BUY,5.4e-07,120132.3271875
10716296,2017-12-24T15:40:48.287,SELL,5.4e-07,4803081.13270228
10716300,2017-12-24T15:40:50.6,SELL,5.4e-07,24567.439819
10716304,2017-12-24T15:40:51.54,SELL,5.4e-07,20833.33
10716308,2017-12-24T15:40:57.71,SELL,5.4e-07,1000000.0
10716309,2017-12-24T15:40:57.977,SELL,5.4e-07,7379.55940909
10716310,2017-12-24T15:40:58.07,SELL,5.4e-07,2444306.360756
10716318,2017-12-24T15:41:01.213,SELL,5.4e-07,214423.2384
10716320,2017-12-24T15:41:02.197,BUY,5.5e-07,15803.47976855
10716323,2017-12-24T15:41:02.447,SELL,5.4e-07,9900.0
10716325,2017-12-24T15:41:03.353,BUY,5.5e-07,15328.52471524
10716330,2017-12-24T15:41:13.217,SELL,5.4e-07,2122.34042553
10716333,2017-12-24T15:41:16.013,SELL,5.4e-07,56050.0
10716340,2017-12-24T15:41:23.25,BUY,5.5e-07,4772.69290909
10716342,2017-12-24T15:41:24.983,SELL,5.4e-07,5500.0
10716344,2017-12-24T15:41:26.123,BUY,5.5e-07,181363.63636364
10716349,2017-12-24T15:41:33.203,SELL,5.4e-07,2435211.803364
10716352,2017-12-24T15:41:36.36,SELL,5.4e-07,1092016.11337601
10716353,2017-12-24T15:41:36.673,SELL,5.4e-07,66346.87315565
10716354,2017-12-24T15:41:36.673,SELL,5.4e-07,4629.65611111
10716355,2017-12-24T15:41:36.673,SELL,5.4e-07,93000.0
10716356,2017-12-24T15:41:36.673,SELL,5.4e-07,9841.24431818
10716357,2017-12-24T15:41:36.673,SELL,5.4e-07,3000.0
10716358,2017-12-24T15:41:36.673,SELL,5.4e-07,10000.0
10716359,2017-12-24T15:41:36.673,SELL,5.4e-07,43201.89125
10716360,2017-12-24T15:41:36.673,SELL,5.4e-07,3694.44444444
10716361,2017-12-24T15:41:36.673,SELL,5.4e-07,4148.84263889
10716362,2017-12-24T15:41:37.893,SELL,5.3e-07,140363.95902216
10716363,2017-12-24T15:41:37.893,SELL,5.3e-07,12096.33962264
10716364,2017-12-24T15:41:37.893,SELL,5.3e-07,376415.09433962
10716365,2017-12-24T15:41:37.893,SELL,5.3e-07,685304.19401558
10716368,2017-12-24T15:41:41.423,SELL,5.3e-07,506043.99758305
10716374,2017-12-24T15:41:46.457,BUY,5.4e-07,592023.50958333
10716381,2017-12-24T15:41:50.037,BUY,5.4e-07,42446.80851064
10716382,2017-12-24T15:41:50.037,BUY,5.4e-07,54796.60329492
10716385,2017-12-24T15:41:54.007,BUY,5.4e-07,40000.0
10716392,2017-12-24T15:41:59.883,BUY,5.4e-07,2000.0
10716393,2017-12-24T15:42:01.087,SELL,5.3e-07,10314.31625
10716395,2017-12-24T15:42:01.447,BUY,5.4e-07,10000.0
10716397,2017-12-24T15:42:01.79,BUY,5.4e-07,525076.21983008
10716398,2017-12-24T15:42:01.79,BUY,5.4e-07,185648.14814815
10716399,2017-12-24T15:42:01.79,BUY,5.4e-07,16417.104375
10716400,2017-12-24T15:42:01.79,BUY,5.4e-07,59661.8715
10716401,2017-12-24T15:42:01.79,BUY,5.4e-07,40516.03786364
10716402,2017-12-24T15:42:01.79,BUY,5.4e-07,15925.45010356
10716403,2017-12-24T15:42:01.79,BUY,5.4e-07,33408.36963412
10716408,2017-12-24T15:42:06.197,BUY,5.4e-07,816440.94336588
10716409,2017-12-24T15:42:06.197,BUY,5.4e-07,319174.60711957
10716412,2017-12-24T15:42:07.167,SELL,5.4e-07,722450.019343
10716415,2017-12-24T15:42:07.26,BUY,5.5e-07,3683.81112363
10716417,2017-12-24T15:42:08.463,SELL,5.4e-07,8472.84354545
10716419,2017-12-24T15:42:09.4,SELL,5.4e-07,95674.015894
10716421,2017-12-24T15:42:11.62,SELL,5.4e-07,2222.22222222
10716422,2017-12-24T15:42:12.307,SELL,5.4e-07,15000.0
10716423,2017-12-24T15:42:12.37,SELL,5.4e-07,96302.64
10716425,2017-12-24T15:42:13.213,SELL,5.4e-07,577351.58517655
10716426,2017-12-24T15:42:13.213,SELL,5.4e-07,21417.63652778
10716427,2017-12-24T15:42:13.213,SELL,5.4e-07,1492.55555556
10716428,2017-12-24T15:42:13.213,SELL,5.4e-07,8663.37986111
10716431,2017-12-24T15:42:15.2,BUY,5.4e-07,37037.05555556
10716435,2017-12-24T15:42:20.62,BUY,5.4e-07,15018.30559091
10716443,2017-12-24T15:42:24.467,BUY,5.4e-07,53006.50347222
10716445,2017-12-24T15:42:25.78,BUY,5.4e-07,1455.55569444
10716447,2017-12-24T15:42:26.2,BUY,5.4e-07,201800.59360779
10716449,2017-12-24T15:42:26.763,BUY,5.4e-07,4000.0
10716453,2017-12-24T15:42:29.297,BUY,5.4e-07,3500.0
10716454,2017-12-24T15:42:32.06,SELL,5.3e-07,12352.643
10716455,2017-12-24T15:42:32.75,SELL,5.3e-07,12347.725
10716456,2017-12-24T15:42:36.017,SELL,5.3e-07,5541.66666667
10716462,2017-12-24T15:42:39.58,BUY,5.4e-07,95358.17375
10716468,2017-12-24T15:42:45.567,BUY,5.4e-07,5365.33192075
10716472,2017-12-24T15:42:51.1,SELL,5.3e-07,1998.0
10716474,2017-12-24T15:42:51.927,SELL,5.3e-07,4772.69290909
10716479,2017-12-24T15:42:53.52,BUY,5.4e-07,192763.47611111
10716481,2017-12-24T15:42:55.43,BUY,5.4e-07,3047.40777778
10716488,2017-12-24T15:43:08.023,BUY,5.4e-07,40479.32583333
10716492,2017-12-24T15:43:10.68,BUY,5.4e-07,58075.70384272
10716494,2017-12-24T15:43:12.37,BUY,5.4e-07,211184.97361111
10716500,2017-12-24T15:43:17.34,BUY,5.4e-07,90778.17097222
10716502,2017-12-24T15:43:17.45,BUY,5.4e-07,10000.0
10716504,2017-12-24T15:43:18.213,BUY,5.4e-07,14704.29527778
10716506,2017-12-24T15:43:22.387,SELL,5.3e-07,5710.54080882
10716509,2017-12-24T15:43:24.06,BUY,5.4e-07,32399.00340909
10716513,2017-12-24T15:43:25.483,BUY,5.4e-07,11689.53625
10716517,2017-12-24T15:43:28.983,BUY,5.4e-07,337767.66697492
10716518,2017-12-24T15:43:28.983,BUY,5.4e-07,25000.0
10716519,2017-12-24T15:43:28.983,BUY,5.4e-07,385052.66062549
10716520,2017-12-24T15:43:28.983,BUY,5.4e-07,1703.331
10716521,2017-12-24T15:43:28.983,BUY,5.4e-07,2222.22222222
10716522,2017-12-24T15:43:28.983,BUY,5.4e-07,14857.98333333
10716523,2017-12-24T15:43:28.983,BUY,5.4e-07,411652.93125
10716524,2017-12-24T15:43:28.983,BUY,5.4e-07,57340.0
10716525,2017-12-24T15:43:28.983,BUY,5.4e-07,249945.04209404
10716527,2017-12-24T15:43:30.577,BUY,5.4e-07,50341.82221152
10716528,2017-12-24T15:43:30.577,BUY,5.4e-07,63964.77818182
10716529,2017-12-24T15:43:30.577,BUY,5.4e-07,13905.36266222
10716539,2017-12-24T15:43:36.203,BUY,5.4e-07,578667.12596111
10716540,2017-12-24T15:43:36.203,BUY,5.4e-07,653906.69806667
10716542,2017-12-24T15:43:38.343,SELL,5.3e-07,39760.35932355
10716545,2017-12-24T15:43:39,BUY,5.4e-07,22230.69138889
10716549,2017-12-24T15:43:41.893,BUY,5.4e-07,1861.13180556
10716556,2017-12-24T15:43:49.723,SELL,5.3e-07,4077.09544118
10716562,2017-12-24T15:43:55.317,BUY,5.4e-07,272138.47873888
10716563,2017-12-24T15:43:55.317,BUY,5.4e-07,424908.1852889
10716567,2017-12-24T15:43:57.647,SELL,5.3e-07,1544.60259814
10716569,2017-12-24T15:43:58.193,BUY,5.4e-07,82882.99541667
10716573,2017-12-24T15:44:00.193,BUY,5.4e-07,14462.73402778
10716575,2017-12-24T15:44:00.193,BUY,5.4e-07,464684.82083333
10716576,2017-12-24T15:44:00.193,BUY,5.4e-07,376415.09433962
10716577,2017-12-24T15:44:00.193,BUY,5.4e-07,715778.83022234
10716578,2017-12-24T15:44:00.193,BUY,5.4e-07,666746.44683962
10716579,2017-12-24T15:44:00.193,BUY,5.4e-07,250132.54496334
10716580,2017-12-24T15:44:00.193,BUY,5.4e-07,10000.0
10716581,2017-12-24T15:44:00.193,BUY,5.4e-07,5840.47874911
10716582,2017-12-24T15:44:00.193,BUY,5.4e-07,47589.406875
10716583,2017-12-24T15:44:00.193,BUY,5.4e-07,1982551.14508895
10716584,2017-12-24T15:44:00.193,BUY,5.4e-07,2869150.12097758
10716592,2017-12-24T15:44:04.13,BUY,5.4e-07,686472.22194444
10716593,2017-12-24T15:44:04.85,SELL,5.3e-07,25780.10480357
10716595,2017-12-24T15:44:06.29,SELL,5.3e-07,95194.635
10716599,2017-12-24T15:44:07.977,BUY,5.4e-07,20000.0
10716602,2017-12-24T15:44:08.79,BUY,5.4e-07,192216.97418558
10716603,2017-12-24T15:44:08.79,BUY,5.4e-07,8472.54
10716604,2017-12-24T15:44:08.79,BUY,5.4e-07,17021.9074074
10716605,2017-12-24T15:44:09.663,SELL,5.4e-07,2751.23680258
10716606,2017-12-24T15:44:10.21,SELL,5.4e-07,109094.723136
10716607,2017-12-24T15:44:11.243,SELL,5.4e-07,20000.0
10716611,2017-12-24T15:44:13.337,SELL,5.4e-07,200355.769303
10716614,2017-12-24T15:44:16.073,BUY,5.5e-07,366732.36218182
10716615,2017-12-24T15:44:16.87,SELL,5.4e-07,424950.60671875
10716616,2017-12-24T15:44:16.993,SELL,5.4e-07,282452.39740186
10716621,2017-12-24T15:44:22.01,SELL,5.4e-07,319038.48893372
10716622,2017-12-24T15:44:22.01,SELL,5.4e-07,55416.66666667
10716623,2017-12-24T15:44:22.01,SELL,5.4e-07,102588.82439961
10716626,2017-12-24T15:44:22.887,SELL,5.4e-07,2222.22222222
10716629,2017-12-24T15:44:24.73,SELL,5.4e-07,80000.0
10716631,2017-12-24T15:44:25.713,BUY,5.5e-07,18136.36363636
10716632,2017-12-24T15:44:25.777,SELL,5.4e-07,5100.0
10716633,2017-12-24T15:44:25.92,SELL,5.4e-07,537321.33934922
10716643,2017-12-24T15:44:32.67,SELL,5.4e-07,37129.62962963
10716646,2017-12-24T15:44:34.077,SELL,5.4e-07,14182.3675
10716647,2017-12-24T15:44:34.687,SELL,5.4e-07,754512.46299569
10716651,2017-12-24T15:44:37.217,SELL,5.4e-07,21938.73347058
10716653,2017-12-24T15:44:37.28,BUY,5.5e-07,14613.93722727
10716655,2017-12-24T15:44:40.11,BUY,5.5e-07,1827.29304545
10716657,2017-12-24T15:44:40.64,BUY,5.5e-07,28437.3134434
10716666,2017-12-24T15:44:46.14,BUY,5.5e-07,17672.2563534
10716673,2017-12-24T15:44:51.033,SELL,5.4e-07,1453588.01807194
10716674,2017-12-24T15:44:51.033,SELL,5.4e-07,245369.40944444
10716675,2017-12-24T15:44:51.033,SELL,5.4e-07,14777.77777778
10716676,2017-12-24T15:44:51.033,SELL,5.4e-07,4618.05555556
10716677,2017-12-24T15:44:51.033,SELL,5.4e-07,698.61715028
10716682,2017-12-24T15:44:53.143,BUY,5.5e-07,37965.09090909
10716685,2017-12-24T15:44:54.143,SELL,5.4e-07,2097.71326639
10716686,2017-12-24T15:44:54.143,SELL,5.4e-07,18472.22222222
10716687,2017-12-24T15:44:54.143,SELL,5.4e-07,177601.73472222
10716688,2017-12-24T15:44:54.143,SELL,5.4e-07,20000.0
10716692,2017-12-24T15:44:56.613,SELL,5.4e-07,102060.31842391
10716695,2017-12-24T15:44:57.863,BUY,5.5e-07,14099.48113636
10716701,2017-12-24T15:44:59.473,BUY,5.5e-07,10084.07209091
10716703,2017-12-24T15:45:02.16,SELL,5.4e-07,18518.51851851
10716705,2017-12-24T15:45:02.177,BUY,5.5e-07,3799.15104545
10716707,2017-12-24T15:45:02.647,BUY,5.5e-07,37810.49982456
10716708,2017-12-24T15:45:02.833,SELL,5.4e-07,74924.16208536
10716709,2017-12-24T15:45:02.833,SELL,5.4e-07,41728.75
10716714,2017-12-24T15:45:06.147,SELL,5.4e-07,472965.10527778
10716716,2017-12-24T15:45:06.46,BUY,5.4e-07,4197.8125
10716718,2017-12-24T15:45:08.13,SELL,5.3e-07,3438.78450605
10716720,2017-12-24T15:45:08.537,BUY,5.4e-07,55837.24222222
10716722,2017-12-24T15:45:09.49,BUY,5.4e-07,21001.88417844
10716726,2017-12-24T15:45:11.38,BUY,5.4e-07,181403.50009091
10716732,2017-12-24T15:45:21.353,BUY,5.4e-07,9207.7490981
10716735,2017-12-24T15:45:21.713,BUY,5.4e-07,8161.36363636
10716740,2017-12-24T15:45:24.383,BUY,5.4e-07,13965.0
10716742,2017-12-24T15:45:25.12,BUY,5.4e-07,25000.0
10716746,2017-12-24T15:45:30.15,BUY,5.4e-07,1861.13180556
10716748,2017-12-24T15:45:30.683,BUY,5.4e-07,83426.30041667
10716750,2017-12-24T15:45:31.683,SELL,5.3e-07,4604.0
10716753,2017-12-24T15:45:32.637,SELL,5.3e-07,463290.11379241
10716754,2017-12-24T15:45:32.637,SELL,5.3e-07,5000.0
10716755,2017-12-24T15:45:32.637,SELL,5.3e-07,50000.0
10716756,2017-12-24T15:45:32.637,SELL,5.3e-07,136709.88620759
10716758,2017-12-24T15:45:32.667,BUY,5.4e-07,36944.44444444
10716761,2017-12-24T15:45:36.217,BUY,5.4e-07,4208.12
10716764,2017-12-24T15:45:39.153,BUY,5.4e-07,244868.83069444
10716767,2017-12-24T15:45:41.717,BUY,5.4e-07,7218.5925
10716770,2017-12-24T15:45:43.233,BUY,5.4e-07,113515.74013889
10716772,2017-12-24T15:45:47.077,SELL,5.3e-07,590963.53421875
10716775,2017-12-24T15:45:50.563,BUY,5.4e-07,21070.65430556
10716786,2017-12-24T15:45:59.563,BUY,5.4e-07,4077.7962963
10716790,2017-12-24T15:46:01.033,BUY,5.4e-07,1861.13180556
10716791,2017-12-24T15:46:02.52,SELL,5.3e-07,13571.0
10716793,2017-12-24T15:46:02.923,BUY,5.4e-07,6115.28458333
10716794,2017-12-24T15:46:04.66,SELL,5.3e-07,105689.54183781
10716795,2017-12-24T15:46:04.66,SELL,5.3e-07,9779.41176471
10716796,2017-12-24T15:46:04.66,SELL,5.3e-07,5343.75
10716797,2017-12-24T15:46:04.66,SELL,5.3e-07,95942.78639748
10716804,2017-12-24T15:46:08.317,BUY,5.4e-07,1265476.97111111
10716807,2017-12-24T15:46:10.35,BUY,5.4e-07,10000.0
10716808,2017-12-24T15:46:10.66,SELL,5.3e-07,4057.21360252
10716809,2017-12-24T15:46:10.66,SELL,5.3e-07,4554.77320755
10716810,2017-12-24T15:46:10.66,SELL,5.3e-07,22584.79273585
10716811,2017-12-24T15:46:10.66,SELL,5.3e-07,2823.11320755
10716812,2017-12-24T15:46:10.66,SELL,5.3e-07,564622.64150943
10716813,2017-12-24T15:46:10.66,SELL,5.3e-07,3764.1509434
10716814,2017-12-24T15:46:10.66,SELL,5.3e-07,18634.01518868
10716815,2017-12-24T15:46:10.66,SELL,5.3e-07,6022.64150943
10716816,2017-12-24T15:46:10.677,SELL,5.3e-07,15000.0
10716817,2017-12-24T15:46:10.677,SELL,5.3e-07,82811.32075472
10716818,2017-12-24T15:46:10.677,SELL,5.3e-07,188207.54716981
10716819,2017-12-24T15:46:10.677,SELL,5.3e-07,338773.58490566
10716820,2017-12-24T15:46:10.677,SELL,5.3e-07,13047.84580189
10716821,2017-12-24T15:46:10.677,SELL,5.3e-07,9410.37735849
10716822,2017-12-24T15:46:10.677,SELL,5.3e-07,8000.0
10716823,2017-12-24T15:46:10.677,SELL,5.3e-07,188208.52584906
10716824,2017-12-24T15:46:10.677,SELL,5.3e-07,1882.09429245
10716825,2017-12-24T15:46:10.677,SELL,5.3e-07,10000.0
10716826,2017-12-24T15:46:10.677,SELL,5.3e-07,5000.0
10716827,2017-12-24T15:46:10.677,SELL,5.3e-07,236690.79
10716828,2017-12-24T15:46:10.677,SELL,5.3e-07,188938.79245283
10716829,2017-12-24T15:46:10.677,SELL,5.3e-07,6540.45283019
10716830,2017-12-24T15:46:10.677,SELL,5.3e-07,926056.03867925
10716831,2017-12-24T15:46:10.677,SELL,5.3e-07,1433.79245283
10716832,2017-12-24T15:46:10.677,SELL,5.3e-07,18820.75471698
10716833,2017-12-24T15:46:10.677,SELL,5.3e-07,953761.69051836
10716836,2017-12-24T15:46:11.223,BUY,5.4e-07,10000.0
10716841,2017-12-24T15:46:16.74,BUY,5.4e-07,62874.49043876
10716842,2017-12-24T15:46:16.74,BUY,5.4e-07,13757.66514706
10716843,2017-12-24T15:46:16.74,BUY,5.4e-07,111575.39158399
10716845,2017-12-24T15:46:16.757,BUY,5.4e-07,5003.0
10716850,2017-12-24T15:46:19.85,BUY,5.4e-07,150000.0
10716852,2017-12-24T15:46:20.867,BUY,5.4e-07,59131.52304424
10716855,2017-12-24T15:46:21.507,BUY,5.4e-07,11014.45041667
10716860,2017-12-24T15:46:26.68,SELL,5.3e-07,10000.0
10716862,2017-12-24T15:46:27.82,BUY,5.4e-07,10000.0
10716865,2017-12-24T15:46:27.993,BUY,5.4e-07,14000.00222222
10716867,2017-12-24T15:46:28.37,BUY,5.4e-07,90681.81818182
10716868,2017-12-24T15:46:30.697,SELL,5.3e-07,57159.94825522
10716869,2017-12-24T15:46:30.697,SELL,5.3e-07,2840.05174478
10716878,2017-12-24T15:46:36.307,BUY,5.4e-07,34060.90329731
10716882,2017-12-24T15:46:40.09,SELL,5.3e-07,2264.15094339
10716884,2017-12-24T15:46:40.277,BUY,5.4e-07,46796.53027778
10716886,2017-12-24T15:46:41.107,BUY,5.4e-07,11083.33333333
10716888,2017-12-24T15:46:41.417,BUY,5.4e-07,13641.25583333
10716889,2017-12-24T15:46:41.84,SELL,5.3e-07,19858.69941176
10716891,2017-12-24T15:46:44.433,BUY,5.4e-07,66519.54076312
10716892,2017-12-24T15:46:44.433,BUY,5.4e-07,33523.94590355
10716894,2017-12-24T15:46:49.873,SELL,5.3e-07,35037.09790007
10716895,2017-12-24T15:46:49.873,SELL,5.3e-07,7132.25674528
10716896,2017-12-24T15:46:49.873,SELL,5.3e-07,69631.06016946
10716898,2017-12-24T15:46:51.42,BUY,5.4e-07,10642.99159645
10716899,2017-12-24T15:46:51.42,BUY,5.4e-07,3474.81226533
10716900,2017-12-24T15:46:51.42,BUY,5.4e-07,10000.0
10716901,2017-12-24T15:46:51.42,BUY,5.4e-07,15206.46
10716902,2017-12-24T15:46:51.42,BUY,5.4e-07,150814.60502711
10716904,2017-12-24T15:46:52.013,BUY,5.4e-07,21651.67958333
10716906,2017-12-24T15:46:52.903,BUY,5.4e-07,9456.34838956
10716907,2017-12-24T15:46:52.903,BUY,5.4e-07,21223.40425532
10716908,2017-12-24T15:46:52.903,BUY,5.4e-07,2035.71428571
10716909,2017-12-24T15:46:52.903,BUY,5.4e-07,73715.83018867
10716910,2017-12-24T15:46:52.903,BUY,5.4e-07,2568.70288074
10716915,2017-12-24T15:46:57.063,BUY,5.4e-07,110833.33333333
10716919,2017-12-24T15:46:58.53,BUY,5.4e-07,170000.0
10716923,2017-12-24T15:47:01.843,BUY,5.4e-07,33597.96378593
10716924,2017-12-24T15:47:01.843,BUY,5.4e-07,3400.0
10716925,2017-12-24T15:47:01.843,BUY,5.4e-07,30081.86611111
10716926,2017-12-24T15:47:01.843,BUY,5.4e-07,117643.9070474
10716927,2017-12-24T15:47:03.407,SELL,5.3e-07,16122.56563243
10716928,2017-12-24T15:47:03.407,SELL,5.3e-07,83181.67965059
10716933,2017-12-24T15:47:04.58,BUY,5.4e-07,6854.70916667
10716935,2017-12-24T15:47:05.267,BUY,5.4e-07,37135.29427493
10716937,2017-12-24T15:47:06.673,BUY,5.4e-07,5900.37875
10716944,2017-12-24T15:47:11.22,BUY,5.4e-07,20000.0
10716946,2017-12-24T15:47:11.72,BUY,5.4e-07,71679.64805556
10716949,2017-12-24T15:47:13.347,BUY,5.4e-07,300331.73333333
10716950,2017-12-24T15:47:13.66,SELL,5.3e-07,1885.84521198
10716955,2017-12-24T15:47:17.88,BUY,5.4e-07,102325.56347222
10716959,2017-12-24T15:47:20.647,BUY,5.4e-07,1851.85185185
10716964,2017-12-24T15:47:25.193,BUY,5.4e-07,6571.43763889
10716966,2017-12-24T15:47:25.787,BUY,5.4e-07,150000.0
10716970,2017-12-24T15:47:29.163,BUY,5.4e-07,37641.50943396
10716977,2017-12-24T15:47:35.273,BUY,5.4e-07,86536.72708333
10716980,2017-12-24T15:47:36.273,BUY,5.4e-07,21072.31680556
10716983,2017-12-24T15:47:37.853,BUY,5.4e-07,998149.3430863
10716984,2017-12-24T15:47:37.853,BUY,5.4e-07,472877.35849056
10716985,2017-12-24T15:47:37.853,BUY,5.4e-07,1000000.0
10716986,2017-12-24T15:47:37.853,BUY,5.4e-07,556944.44444444
10716987,2017-12-24T15:47:37.853,BUY,5.4e-07,55743.54203426
10716992,2017-12-24T15:47:39.04,BUY,5.4e-07,10000.0
10716994,2017-12-24T15:47:44.73,SELL,5.3e-07,23080.02032611
10716995,2017-12-24T15:47:44.73,SELL,5.3e-07,4691.37424528
10716996,2017-12-24T15:47:44.73,SELL,5.3e-07,376415.09433962
10716997,2017-12-24T15:47:44.73,SELL,5.3e-07,15256.36726415
10716998,2017-12-24T15:47:44.73,SELL,5.3e-07,30557.14382484
10717001,2017-12-24T15:47:47.76,BUY,5.4e-07,3694.44444444
10717004,2017-12-24T15:47:50.7,BUY,5.4e-07,3694.44444444
10717008,2017-12-24T15:47:52.887,BUY,5.4e-07,17137.56907686
10717009,2017-12-24T15:47:52.887,BUY,5.4e-07,85067.52486257
10717010,2017-12-24T15:47:52.887,BUY,5.4e-07,7568.31440217
10717025,2017-12-24T15:48:01.513,SELL,5.4e-07,172462.02361111
10717030,2017-12-24T15:48:06.233,SELL,5.4e-07,1969.31481481
10717033,2017-12-24T15:48:08.47,SELL,5.4e-07,7886.45744939
10717034,2017-12-24T15:48:08.53,SELL,5.4e-07,450000.0
10717037,2017-12-24T15:48:09.703,SELL,5.4e-07,291293.3152358
10717038,2017-12-24T15:48:09.703,SELL,5.4e-07,61239.04333333
10717039,2017-12-24T15:48:09.703,SELL,5.4e-07,8000.0
10717040,2017-12-24T15:48:09.703,SELL,5.4e-07,15847.57805556
10717041,2017-12-24T15:48:09.703,SELL,5.4e-07,33618.07337531
10717042,2017-12-24T15:48:09.767,SELL,5.4e-07,8000.0
10717043,2017-12-24T15:48:09.97,SELL,5.4e-07,26388.21107143
10717044,2017-12-24T15:48:10.483,SELL,5.4e-07,655000.0
10717065,2017-12-24T15:48:21.113,BUY,5.5e-07,145676.097
10717073,2017-12-24T15:48:24.16,SELL,5.4e-07,23080.02032611
10717078,2017-12-24T15:48:27.037,SELL,5.4e-07,22000.0
10717080,2017-12-24T15:48:30.003,SELL,5.4e-07,198541.64286604
10717081,2017-12-24T15:48:30.003,SELL,5.4e-07,17111.09652778
10717082,2017-12-24T15:48:30.003,SELL,5.4e-07,3000.0
10717083,2017-12-24T15:48:30.003,SELL,5.4e-07,18125.905
10717084,2017-12-24T15:48:30.003,SELL,5.4e-07,22000.5423
10717085,2017-12-24T15:48:30.003,SELL,5.4e-07,111076.02138889
10717087,2017-12-24T15:48:30.223,BUY,5.4e-07,4406.48345455
10717089,2017-12-24T15:48:30.677,BUY,5.4e-07,106765.06652778
10717092,2017-12-24T15:48:35.537,SELL,5.3e-07,374090.51296761
10717093,2017-12-24T15:48:35.537,SELL,5.3e-07,7342.73584906
10717094,2017-12-24T15:48:35.537,SELL,5.3e-07,1784.62264151
10717095,2017-12-24T15:48:35.537,SELL,5.3e-07,61566.09523585
10717096,2017-12-24T15:48:35.537,SELL,5.3e-07,4079.67924528
10717097,2017-12-24T15:48:35.537,SELL,5.3e-07,1136.35406069
10717099,2017-12-24T15:48:36.537,BUY,5.4e-07,1878.38486111
10717102,2017-12-24T15:48:38.867,BUY,5.4e-07,1119.97083333
10717103,2017-12-24T15:48:39.163,SELL,5.3e-07,2264.15094339
10717105,2017-12-24T15:48:39.257,BUY,5.4e-07,8828.05972222
10717109,2017-12-24T15:48:43.1,BUY,5.4e-07,2859.03166667
10717110,2017-12-24T15:48:43.867,SELL,5.3e-07,3918.85013645
10717113,2017-12-24T15:48:45.32,BUY,5.4e-07,392040.30165463
10717114,2017-12-24T15:48:45.32,BUY,5.4e-07,1390357.307217
10717123,2017-12-24T15:48:52.04,SELL,5.4e-07,1126.35483333
10717126,2017-12-24T15:48:52.557,SELL,5.4e-07,6381.5206006
10717127,2017-12-24T15:48:52.557,SELL,5.4e-07,5000.0
10717128,2017-12-24T15:48:52.557,SELL,5.3e-07,2680.64485947
10717129,2017-12-24T15:48:52.557,SELL,5.3e-07,33857.84148438
10717131,2017-12-24T15:48:54.9,SELL,5.4e-07,10897.62
10717138,2017-12-24T15:48:58.713,BUY,5.5e-07,400000.0
10717140,2017-12-24T15:48:59.2,BUY,5.5e-07,181363.63636364
10717143,2017-12-24T15:49:01.56,BUY,5.5e-07,27856.96486364
10717144,2017-12-24T15:49:01.667,SELL,5.4e-07,14099.48113636
10717150,2017-12-24T15:49:05.48,BUY,5.5e-07,2006.47169811
10717152,2017-12-24T15:49:07.373,SELL,5.4e-07,3685.18518518
10717160,2017-12-24T15:49:10.983,SELL,5.4e-07,10000.0
10717161,2017-12-24T15:49:11.357,SELL,5.4e-07,2000.0
10717164,2017-12-24T15:49:15.56,SELL,5.4e-07,80722.52962434
10717166,2017-12-24T15:49:15.687,SELL,5.4e-07,221309.20572115
10717168,2017-12-24T15:49:16.03,BUY,5.5e-07,730987.551
10717169,2017-12-24T15:49:17.06,SELL,5.4e-07,46633.40333368
10717170,2017-12-24T15:49:18.72,SELL,5.4e-07,1641.88275792
10717171,2017-12-24T15:49:19.67,SELL,5.4e-07,35337.09390804
10717172,2017-12-24T15:49:19.67,SELL,5.4e-07,92361.11111111
10717173,2017-12-24T15:49:19.67,SELL,5.4e-07,221668.05209199
10717174,2017-12-24T15:49:19.67,SELL,5.4e-07,40000.0
10717175,2017-12-24T15:49:19.67,SELL,5.4e-07,8312.5
10717176,2017-12-24T15:49:19.67,SELL,5.4e-07,9236.11111111
10717177,2017-12-24T15:49:19.67,SELL,5.3e-07,22087.69884581
10717178,2017-12-24T15:49:19.67,SELL,5.3e-07,20997.43293194
10717182,2017-12-24T15:49:23.673,BUY,5.4e-07,1985.52375
10717184,2017-12-24T15:49:26.75,BUY,5.4e-07,44897.43805556
10717186,2017-12-24T15:49:30.16,BUY,5.4e-07,23110.43097222
10717188,2017-12-24T15:49:30.503,BUY,5.4e-07,10100.0
10717192,2017-12-24T15:49:31.55,BUY,5.4e-07,35929.13722222
10717198,2017-12-24T15:49:34.3,BUY,5.4e-07,10503.26861111
10717200,2017-12-24T15:49:39.083,BUY,5.4e-07,33786.77263889
10717201,2017-12-24T15:49:39.083,BUY,5.4e-07,44399.69383621
10717202,2017-12-24T15:49:39.083,BUY,5.4e-07,16216.47171934
10717204,2017-12-24T15:49:39.3,BUY,5.4e-07,23795.74030302
10717205,2017-12-24T15:49:39.3,BUY,5.4e-07,345648.70414142
10717207,2017-12-24T15:49:40.24,BUY,5.4e-07,10318.71263889
10717210,2017-12-24T15:49:41.3,SELL,5.3e-07,25531.75531915
10717216,2017-12-24T15:49:45.787,BUY,5.4e-07,76231.14819444
10717220,2017-12-24T15:49:50.18,BUY,5.4e-07,12930.55555556
10717226,2017-12-24T15:49:53.633,BUY,5.4e-07,2000.0
10717232,2017-12-24T15:50:01.01,SELL,5.3e-07,5396.45578737
10717233,2017-12-24T15:50:01.01,SELL,5.3e-07,21834.11858763
10717235,2017-12-24T15:50:01.557,BUY,5.4e-07,1851.85185185
10717238,2017-12-24T15:50:04.667,SELL,5.3e-07,4010.0
10717240,2017-12-24T15:50:05.133,BUY,5.4e-07,30000.0
10717241,2017-12-24T15:50:05.37,SELL,5.3e-07,2006.47169811
10717250,2017-12-24T15:50:09.997,BUY,5.4e-07,50000.8135
10717253,2017-12-24T15:50:11.637,BUY,5.4e-07,21904.73055556
10717256,2017-12-24T15:50:12.747,SELL,5.3e-07,13240.56603774
10717259,2017-12-24T15:50:15.683,SELL,5.3e-07,26346.75012454
10717261,2017-12-24T15:50:16.67,BUY,5.4e-07,35000.0
10717265,2017-12-24T15:50:18.637,BUY,5.4e-07,18472.22222222
10717267,2017-12-24T15:50:22.327,BUY,5.4e-07,354775.87672468
10717268,2017-12-24T15:50:22.327,BUY,5.4e-07,10000.0
10717269,2017-12-24T15:50:22.327,BUY,5.4e-07,8106.00989773
10717270,2017-12-24T15:50:22.327,BUY,5.4e-07,9998.0
10717271,2017-12-24T15:50:22.327,BUY,5.4e-07,151431.50959319
10717272,2017-12-24T15:50:22.327,BUY,5.4e-07,100000.96125
10717273,2017-12-24T15:50:22.327,BUY,5.4e-07,5000.0
10717274,2017-12-24T15:50:22.327,BUY,5.4e-07,7624.2665625
10717275,2017-12-24T15:50:22.34,BUY,5.4e-07,1500.0
10717276,2017-12-24T15:50:22.34,BUY,5.4e-07,13710.48902746
10717281,2017-12-24T15:50:23.797,SELL,5.3e-07,7818.87386862
10717288,2017-12-24T15:50:26.31,BUY,5.4e-07,1659.51097254
10717289,2017-12-24T15:50:26.31,BUY,5.4e-07,55394.5334719
10717290,2017-12-24T15:50:27.78,SELL,5.3e-07,5867.64705882
10717296,2017-12-24T15:50:32.297,BUY,5.4e-07,1851.85185185
10717300,2017-12-24T15:50:35.75,BUY,5.4e-07,43078.76248875
10717310,2017-12-24T15:50:44.97,SELL,5.4e-07,21173.067
10717318,2017-12-24T15:50:54.723,SELL,5.4e-07,10562.76721086
10717326,2017-12-24T15:50:59.57,BUY,5.5e-07,10000.0
10717328,2017-12-24T15:50:59.693,BUY,5.5e-07,85173.08546815
10717330,2017-12-24T15:51:03.617,SELL,5.4e-07,40000.0
10717334,2017-12-24T15:51:07.383,BUY,5.5e-07,4116.73690909
10717361,2017-12-24T15:51:28.357,BUY,5.5e-07,9019.54009091
10717363,2017-12-24T15:51:29.95,BUY,5.5e-07,410686.94096364
10717372,2017-12-24T15:51:39.047,SELL,5.4e-07,31540.71620581
10717373,2017-12-24T15:51:39.047,SELL,5.4e-07,302563.94079419
10717378,2017-12-24T15:51:42.687,BUY,5.5e-07,16363.63636363
10717380,2017-12-24T15:51:45.75,SELL,5.4e-07,1404.28403262
10717382,2017-12-24T15:51:47.093,BUY,5.5e-07,2985.60818182
10717386,2017-12-24T15:51:51.83,BUY,5.5e-07,20934.75013636
10717388,2017-12-24T15:51:52.11,BUY,5.5e-07,83819.3233864
10717389,2017-12-24T15:51:52.11,BUY,5.5e-07,5396.03379808
10717390,2017-12-24T15:51:52.11,BUY,5.5e-07,3865.51989808
10717391,2017-12-24T15:51:52.127,BUY,5.5e-07,37905.38200835
10717393,2017-12-24T15:51:52.283,BUY,5.5e-07,1142.50022727
10717395,2017-12-24T15:51:52.55,BUY,5.5e-07,2449.43636364
10717404,2017-12-24T15:51:58.737,BUY,5.5e-07,36272.95397869
10717409,2017-12-24T15:51:59.957,BUY,5.5e-07,74889.54327273
10717414,2017-12-24T15:52:00.347,BUY,5.5e-07,148576.59122727
10717416,2017-12-24T15:52:01.38,BUY,5.5e-07,308162.77667205
10717417,2017-12-24T15:52:01.38,BUY,5.5e-07,36454.54545455
10717418,2017-12-24T15:52:01.38,BUY,5.5e-07,86106.3196875
10717419,2017-12-24T15:52:01.38,BUY,5.5e-07,2866.7687766
10717420,2017-12-24T15:52:01.38,BUY,5.5e-07,9987.0
10717421,2017-12-24T15:52:01.38,BUY,5.5e-07,3371.32235529
10717422,2017-12-24T15:52:01.38,BUY,5.5e-07,31176.70220455
10717423,2017-12-24T15:52:01.38,BUY,5.5e-07,21874.56484946
10717425,2017-12-24T15:52:02.003,SELL,5.4e-07,45873.70073276
10717428,2017-12-24T15:52:04.893,BUY,5.5e-07,18136.36363636
10717431,2017-12-24T15:52:05.24,BUY,5.5e-07,52350.18262529
10717432,2017-12-24T15:52:05.24,BUY,5.5e-07,1950.0
10717433,2017-12-24T15:52:05.253,BUY,5.5e-07,10000.0
10717434,2017-12-24T15:52:05.253,BUY,5.5e-07,271121.31277778
10717435,2017-12-24T15:52:05.253,BUY,5.5e-07,698792.94300602
10717437,2017-12-24T15:52:06.397,BUY,5.5e-07,104926.95245455
10717442,2017-12-24T15:52:09.16,BUY,5.5e-07,2001.81818182
10717444,2017-12-24T15:52:09.35,BUY,5.5e-07,48632.07872727
10717448,2017-12-24T15:52:12.07,BUY,5.5e-07,312600.21457478
10717449,2017-12-24T15:52:12.07,BUY,5.5e-07,70000.0
10717450,2017-12-24T15:52:12.07,BUY,5.5e-07,5000.0
10717451,2017-12-24T15:52:12.07,BUY,5.5e-07,36944.44444444
10717452,2017-12-24T15:52:12.07,BUY,5.5e-07,64846.16347222
10717453,2017-12-24T15:52:12.07,BUY,5.5e-07,249090.9090909
10717454,2017-12-24T15:52:12.07,BUY,5.5e-07,116917.44719039
10717458,2017-12-24T15:52:13.6,BUY,5.5e-07,36272.72727273
10717464,2017-12-24T15:52:14.647,BUY,5.5e-07,90681.81818182
10717473,2017-12-24T15:52:21.507,BUY,5.5e-07,171753.00735506
10717474,2017-12-24T15:52:21.523,BUY,5.5e-07,221051.39319039
10717476,2017-12-24T15:52:21.57,BUY,5.5e-07,11593.87140545
10717479,2017-12-24T15:52:22.947,BUY,5.5e-07,10457.38361111
10717482,2017-12-24T15:52:25.447,BUY,5.5e-07,200000.0
10717486,2017-12-24T15:52:27.977,BUY,5.5e-07,18136.36363636
10717488,2017-12-24T15:52:28.523,SELL,5.4e-07,356851.94341956
10717494,2017-12-24T15:52:30.213,SELL,5.4e-07,559192.265625
10717496,2017-12-24T15:52:30.353,BUY,5.5e-07,36272.72727273
10717498,2017-12-24T15:52:30.823,BUY,5.5e-07,40584.8
10717500,2017-12-24T15:52:31.383,BUY,5.5e-07,36363.81818181
10717504,2017-12-24T15:52:33.387,SELL,5.4e-07,2000.0
10717507,2017-12-24T15:52:33.62,BUY,5.5e-07,15504.45081818
10717511,2017-12-24T15:52:36.323,BUY,5.5e-07,9284.45902392
10717514,2017-12-24T15:52:36.87,BUY,5.5e-07,54409.09090909
10717519,2017-12-24T15:52:38.23,BUY,5.5e-07,16727.27272727
10717522,2017-12-24T15:52:38.51,BUY,5.5e-07,18136.36363636
10717525,2017-12-24T15:52:39.2,BUY,5.5e-07,101027.30781818
10717528,2017-12-24T15:52:39.683,BUY,5.5e-07,6803.05636363
10717531,2017-12-24T15:52:39.98,BUY,5.5e-07,181363.63636364
10717534,2017-12-24T15:52:41.12,BUY,5.5e-07,138621.9765
10717536,2017-12-24T15:52:41.137,BUY,5.5e-07,10000.0
10717541,2017-12-24T15:52:43.607,BUY,5.5e-07,36272.72727273
10717542,2017-12-24T15:52:43.857,SELL,5.4e-07,20000.0
10717543,2017-12-24T15:52:44.81,SELL,5.4e-07,49707.0
10717545,2017-12-24T15:52:44.903,BUY,5.5e-07,40000.0
10717546,2017-12-24T15:52:45.433,SELL,5.4e-07,2000.0
10717548,2017-12-24T15:52:45.497,BUY,5.5e-07,10000.0
10717550,2017-12-24T15:52:45.513,BUY,5.5e-07,8081.23214285
10717553,2017-12-24T15:52:45.84,BUY,5.5e-07,44703.37963636
10717563,2017-12-24T15:52:50.31,BUY,5.5e-07,140167.22222222
10717567,2017-12-24T15:52:52.733,BUY,5.5e-07,255331.01809091
10717569,2017-12-24T15:52:53.703,BUY,5.5e-07,1437.6090909
10717572,2017-12-24T15:52:55.047,SELL,5.4e-07,2222.22222222
10717573,2017-12-24T15:52:55.513,SELL,5.4e-07,9226.4178125
10717575,2017-12-24T15:52:55.733,BUY,5.5e-07,30027.03518182
10717579,2017-12-24T15:52:58.08,BUY,5.5e-07,81330.36363636
10717583,2017-12-24T15:52:58.767,BUY,5.5e-07,349512.6904344
10717584,2017-12-24T15:52:58.78,BUY,5.5e-07,10000.0
10717585,2017-12-24T15:52:58.78,BUY,5.5e-07,408068.18181818
10717586,2017-12-24T15:52:58.78,BUY,5.5e-07,1562.5
10717587,2017-12-24T15:52:58.78,BUY,5.5e-07,137674.8095656
10717589,2017-12-24T15:52:59.047,BUY,5.5e-07,36036.03603603
10717591,2017-12-24T15:52:59.047,BUY,5.5e-07,1111.11111111
10717594,2017-12-24T15:53:01.657,SELL,5.4e-07,5000.0
10717596,2017-12-24T15:53:01.75,BUY,5.5e-07,36272.72727273
10717601,2017-12-24T15:53:04.64,BUY,5.5e-07,7000.0
10717604,2017-12-24T15:53:04.847,BUY,5.5e-07,7351.99213636
10717606,2017-12-24T15:53:05.813,SELL,5.4e-07,1902.12888333
10717610,2017-12-24T15:53:07.83,BUY,5.5e-07,3911.66904545
10717614,2017-12-24T15:53:09.83,BUY,5.5e-07,1813.63636364
10717617,2017-12-24T15:53:11.487,BUY,5.5e-07,1157739.91128158
10717618,2017-12-24T15:53:11.487,BUY,5.5e-07,20000.0
10717619,2017-12-24T15:53:11.487,BUY,5.5e-07,3318.1149569
10717620,2017-12-24T15:53:11.487,BUY,5.5e-07,54531.79821429
10717621,2017-12-24T15:53:11.487,BUY,5.5e-07,631817.22041667
10717622,2017-12-24T15:53:11.487,BUY,5.5e-07,94365.67972222
10717623,2017-12-24T15:53:11.487,BUY,5.5e-07,19772.16113561
10717627,2017-12-24T15:53:14.253,BUY,5.5e-07,2820.52361111
10717628,2017-12-24T15:53:14.253,BUY,5.5e-07,50350.0
10717629,2017-12-24T15:53:14.27,BUY,5.5e-07,150000.09638889
10717630,2017-12-24T15:53:14.27,BUY,5.5e-07,1388.88888889
10717631,2017-12-24T15:53:14.27,BUY,5.5e-07,18181.82
10717632,2017-12-24T15:53:14.27,BUY,5.5e-07,5025.013125
10717633,2017-12-24T15:53:14.27,BUY,5.5e-07,1305.51796728
10717634,2017-12-24T15:53:14.27,BUY,5.5e-07,20445.05712766
10717635,2017-12-24T15:53:14.27,BUY,5.5e-07,50000.0
10717636,2017-12-24T15:53:14.27,BUY,5.5e-07,609573.99198208
10717640,2017-12-24T15:53:15.067,BUY,5.5e-07,54409.09090909
10717645,2017-12-24T15:53:16.3,BUY,5.5e-07,137841.96777273
10717647,2017-12-24T15:53:16.863,BUY,5.5e-07,5000.0
10717649,2017-12-24T15:53:16.91,BUY,5.5e-07,175000.0
10717654,2017-12-24T15:53:17.863,BUY,5.5e-07,544090.90909091
10717657,2017-12-24T15:53:19.3,BUY,5.5e-07,181818.18181818
10717660,2017-12-24T15:53:19.863,BUY,5.5e-07,18136.36363636
10717662,2017-12-24T15:53:20.067,BUY,5.5e-07,25612.78936364
10717666,2017-12-24T15:53:21.003,BUY,5.5e-07,9562.70604545
10717668,2017-12-24T15:53:21.05,BUY,5.5e-07,69368.145
10717671,2017-12-24T15:53:21.473,BUY,5.5e-07,18136.36363636
10717680,2017-12-24T15:53:24.257,BUY,5.5e-07,83636.27618182
10717682,2017-12-24T15:53:24.74,BUY,5.5e-07,67808.21858478
10717683,2017-12-24T15:53:24.74,BUY,5.5e-07,131099.88305158
10717685,2017-12-24T15:53:25.1,BUY,5.5e-07,1269.54545455
10717688,2017-12-24T15:53:25.13,BUY,5.5e-07,3000.0
10717693,2017-12-24T15:53:25.99,BUY,5.5e-07,398319.4498272
10717694,2017-12-24T15:53:25.99,BUY,5.5e-07,13720.47058823
10717695,2017-12-24T15:53:25.99,BUY,5.5e-07,1179316.1548573
10717697,2017-12-24T15:53:26.177,BUY,5.5e-07,90681.81818182
10717699,2017-12-24T15:53:26.553,BUY,5.5e-07,2001.81818182
10717701,2017-12-24T15:53:27.117,BUY,5.5e-07,166250.0
10717705,2017-12-24T15:53:28.13,BUY,5.5e-07,126456.091132
10717706,2017-12-24T15:53:28.13,BUY,5.5e-07,1342.38937068
10717707,2017-12-24T15:53:28.13,BUY,5.5e-07,12124.18750749
10717708,2017-12-24T15:53:28.13,BUY,5.5e-07,1623209.9813
10717709,2017-12-24T15:53:28.13,BUY,5.5e-07,900000.0
10717710,2017-12-24T15:53:28.13,BUY,5.5e-07,2368687.4925
10717711,2017-12-24T15:53:28.13,BUY,5.5e-07,3230.18816911
10717712,2017-12-24T15:53:28.13,BUY,5.5e-07,8529.41713235
10717713,2017-12-24T15:53:28.13,BUY,5.5e-07,1861.13180556
10717714,2017-12-24T15:53:28.13,BUY,5.5e-07,150000.0
10717715,2017-12-24T15:53:28.13,BUY,5.5e-07,2000.0
10717716,2017-12-24T15:53:28.13,BUY,5.5e-07,1262.39
10717717,2017-12-24T15:53:28.13,BUY,5.5e-07,1554995.57956695
10717718,2017-12-24T15:53:28.13,BUY,5.5e-07,3000.0
10717719,2017-12-24T15:53:28.13,BUY,5.5e-07,34043.04079787
10717720,2017-12-24T15:53:28.13,BUY,5.5e-07,54017.61111111
10717721,2017-12-24T15:53:28.13,BUY,5.5e-07,34970.0
10717722,2017-12-24T15:53:28.13,BUY,5.5e-07,10524.98057692
10717723,2017-12-24T15:53:28.147,BUY,5.5e-07,5000.0
10717724,2017-12-24T15:53:28.147,BUY,5.5e-07,2448.3815625
10717725,2017-12-24T15:53:28.147,BUY,5.5e-07,2500.0
10717726,2017-12-24T15:53:28.147,BUY,5.5e-07,3500.0
10717727,2017-12-24T15:53:28.147,BUY,5.5e-07,1453588.01807194
10717728,2017-12-24T15:53:28.147,BUY,5.5e-07,110833.37027778
10717729,2017-12-24T15:53:28.147,BUY,5.5e-07,686472.22194444
10717730,2017-12-24T15:53:28.147,BUY,5.5e-07,9500.0
10717731,2017-12-24T15:53:28.147,BUY,5.5e-07,3325.5403125
10717732,2017-12-24T15:53:28.147,BUY,5.5e-07,6854.70916667
10717733,2017-12-24T15:53:28.147,BUY,5.5e-07,50000.0
10717734,2017-12-24T15:53:28.147,BUY,5.5e-07,5000.0
10717735,2017-12-24T15:53:28.147,BUY,5.5e-07,5000.0
10717736,2017-12-24T15:53:28.147,BUY,5.5e-07,376415.09433962
10717737,2017-12-24T15:53:28.147,BUY,5.5e-07,15000.0
10717738,2017-12-24T15:53:28.147,BUY,5.5e-07,17485.65706731
10717739,2017-12-24T15:53:28.147,BUY,5.5e-07,201721.79522727
10717740,2017-12-24T15:53:28.147,BUY,5.5e-07,1700.0
10717741,2017-12-24T15:53:28.147,BUY,5.5e-07,50000.0
10717742,2017-12-24T15:53:28.147,BUY,5.5e-07,911363.63636364
10717743,2017-12-24T15:53:28.147,BUY,5.5e-07,216066.56950608
10717744,2017-12-24T15:53:28.147,BUY,5.5e-07,129721.30946809
10717745,2017-12-24T15:53:28.147,BUY,5.5e-07,81124.42737546
10717746,2017-12-24T15:53:28.147,BUY,5.5e-07,2000.40471427
10717747,2017-12-24T15:53:28.147,BUY,5.5e-07,110771.07057692
10717748,2017-12-24T15:53:28.147,BUY,5.5e-07,1154.2860973
10717749,2017-12-24T15:53:28.147,BUY,5.5e-07,3586.57997009
10717750,2017-12-24T15:53:28.147,BUY,5.5e-07,603241.28375
10717751,2017-12-24T15:53:28.147,BUY,5.5e-07,662147.11305556
10717752,2017-12-24T15:53:28.147,BUY,5.5e-07,20000.0
10717753,2017-12-24T15:53:28.147,BUY,5.5e-07,10000.0
10717754,2017-12-24T15:53:28.147,BUY,5.5e-07,2040.91690909
10717755,2017-12-24T15:53:28.147,BUY,5.5e-07,96537.4781
10717756,2017-12-24T15:53:28.147,BUY,5.5e-07,38459.07430556
10717757,2017-12-24T15:53:28.147,BUY,5.5e-07,391176.47058824
10717758,2017-12-24T15:53:28.147,BUY,5.5e-07,15187.6020577
10717759,2017-12-24T15:53:28.147,BUY,5.5e-07,338773.58490566
10717760,2017-12-24T15:53:28.147,BUY,5.5e-07,4450.0
10717777,2017-12-24T15:53:31.507,SELL,5.5e-07,13000.0
10717791,2017-12-24T15:53:35.227,SELL,5.5e-07,24833.14372727
10717792,2017-12-24T15:53:35.227,SELL,5.5e-07,1813.63636364
10717793,2017-12-24T15:53:35.227,SELL,5.5e-07,177368.86546465
10717803,2017-12-24T15:53:41.103,SELL,5.5e-07,497465.1745
10717806,2017-12-24T15:53:41.853,SELL,5.5e-07,18181.81818182
10717812,2017-12-24T15:53:43.057,BUY,5.6e-07,9068.18181818
10717815,2017-12-24T15:53:43.743,BUY,5.6e-07,10937.0709375
10717817,2017-12-24T15:53:43.837,BUY,5.6e-07,3860.7703125
10717819,2017-12-24T15:53:43.883,BUY,5.6e-07,61764.4340625
10717821,2017-12-24T15:53:43.917,BUY,5.6e-07,64514.72713636
10717825,2017-12-24T15:53:45.353,BUY,5.6e-07,237617.9128125
10717830,2017-12-24T15:53:46.027,BUY,5.6e-07,8920.05084745
10717831,2017-12-24T15:53:46.103,SELL,5.5e-07,264827.03396739
10717832,2017-12-24T15:53:46.353,SELL,5.5e-07,1818.18181818
10717836,2017-12-24T15:53:46.9,BUY,5.6e-07,169681.2871875
10717840,2017-12-24T15:53:48.307,BUY,5.6e-07,11063.18181818
10717843,2017-12-24T15:53:48.79,BUY,5.6e-07,147777.77777778
10717847,2017-12-24T15:53:49.4,SELL,5.5e-07,18990.43939655
10717848,2017-12-24T15:53:49.933,SELL,5.5e-07,6540.45283019
10717850,2017-12-24T15:53:50.26,BUY,5.6e-07,300000.0
10717856,2017-12-24T15:53:51.323,BUY,5.6e-07,6785.9746875
10717860,2017-12-24T15:53:51.963,BUY,5.6e-07,5000.0
10717863,2017-12-24T15:53:52.65,BUY,5.6e-07,10687.5
10717865,2017-12-24T15:53:52.76,BUY,5.6e-07,20000.0
10717867,2017-12-24T15:53:53.417,BUY,5.6e-07,53437.5
10717871,2017-12-24T15:53:53.73,BUY,5.6e-07,1781.25
10717904,2017-12-24T15:53:57.013,BUY,5.6e-07,346284.44645455
10717905,2017-12-24T15:53:57.013,BUY,5.6e-07,27774.3205909
10717906,2017-12-24T15:53:57.013,BUY,5.6e-07,13718.30918182
10717907,2017-12-24T15:53:57.013,BUY,5.6e-07,23159.84312536
10717909,2017-12-24T15:53:57.433,BUY,5.6e-07,17812.5
10717912,2017-12-24T15:53:58.153,BUY,5.6e-07,17796.94642857
10717917,2017-12-24T15:53:59.387,BUY,5.6e-07,35625.0
10717921,2017-12-24T15:53:59.98,BUY,5.6e-07,10000.0
10717923,2017-12-24T15:54:00.123,BUY,5.6e-07,12468.75
10717928,2017-12-24T15:54:00.31,BUY,5.6e-07,20667.2515
10717931,2017-12-24T15:54:00.95,BUY,5.6e-07,205434.020625
10717953,2017-12-24T15:54:06.297,BUY,5.6e-07,9131.150625
10717954,2017-12-24T15:54:06.403,SELL,5.5e-07,19950.0
10717957,2017-12-24T15:54:06.577,BUY,5.6e-07,26124.53769607
10717958,2017-12-24T15:54:06.577,BUY,5.6e-07,207443.00181818
10717959,2017-12-24T15:54:06.577,BUY,5.6e-07,300807.46048575
10717962,2017-12-24T15:54:06.86,BUY,5.6e-07,1175.4076875
10717964,2017-12-24T15:54:06.983,BUY,5.6e-07,40000.0
10717965,2017-12-24T15:54:07.153,SELL,5.5e-07,80000.0
10717969,2017-12-24T15:54:07.5,BUY,5.6e-07,40350.1396875
10717972,2017-12-24T15:54:08.203,SELL,5.5e-07,29784.28882979
10717974,2017-12-24T15:54:08.25,BUY,5.6e-07,1303.57142857
10717976,2017-12-24T15:54:08.733,BUY,5.6e-07,35625.0
10717979,2017-12-24T15:54:10.327,BUY,5.6e-07,268626.36634615
10717983,2017-12-24T15:54:10.843,BUY,5.6e-07,5357.14285714
10717985,2017-12-24T15:54:11.547,SELL,5.5e-07,11000.0
10717988,2017-12-24T15:54:11.67,BUY,5.6e-07,27769.33125
10717990,2017-12-24T15:54:12.017,BUY,5.6e-07,88078.1996962
10717992,2017-12-24T15:54:12.72,BUY,5.6e-07,17904.96081865
10717993,2017-12-24T15:54:12.72,BUY,5.6e-07,2095.03918135
10717998,2017-12-24T15:54:13.907,SELL,5.5e-07,259572.96297273
10718000,2017-12-24T15:54:13.937,BUY,5.6e-07,17484.9103125
10718002,2017-12-24T15:54:14.187,BUY,5.6e-07,88746.8929825
10718003,2017-12-24T15:54:14.187,BUY,5.6e-07,133000.0
10718004,2017-12-24T15:54:14.187,BUY,5.6e-07,93602.01958333
10718005,2017-12-24T15:54:14.187,BUY,5.6e-07,40901.08743417
10718007,2017-12-24T15:54:14.907,SELL,5.5e-07,655000.0
10718012,2017-12-24T15:54:16.08,BUY,5.6e-07,17857.14285714
10718014,2017-12-24T15:54:16.157,BUY,5.6e-07,89062.5
10718017,2017-12-24T15:54:16.737,BUY,5.6e-07,89679.26970869
10718018,2017-12-24T15:54:16.737,BUY,5.6e-07,510320.73029131
10718021,2017-12-24T15:54:17.843,BUY,5.6e-07,1851.85185185
10718023,2017-12-24T15:54:18.017,BUY,5.6e-07,7005.45041667
10718026,2017-12-24T15:54:18.063,BUY,5.6e-07,1246.875
10718028,2017-12-24T15:54:18.39,BUY,5.6e-07,14000.9634375
10718030,2017-12-24T15:54:18.407,BUY,5.6e-07,41151.64875
10718033,2017-12-24T15:54:19,SELL,5.5e-07,1116.17111428
10718034,2017-12-24T15:54:19.033,SELL,5.5e-07,1183.24723404
10718035,2017-12-24T15:54:19.063,SELL,5.5e-07,1232.95705052
10718036,2017-12-24T15:54:19.11,SELL,5.5e-07,1250.0
10718037,2017-12-24T15:54:19.14,SELL,5.5e-07,1255.29024202
10718038,2017-12-24T15:54:19.173,SELL,5.5e-07,1260.37720997
10718039,2017-12-24T15:54:19.203,SELL,5.5e-07,1273.91535
10718040,2017-12-24T15:54:19.237,SELL,5.5e-07,1287.09677419
10718041,2017-12-24T15:54:19.25,SELL,5.5e-07,1327.8125
10718042,2017-12-24T15:54:19.283,SELL,5.5e-07,1334.78283296
10718043,2017-12-24T15:54:19.313,SELL,5.5e-07,1340.90617928
10718044,2017-12-24T15:54:19.36,SELL,5.5e-07,1350.80108333
10718045,2017-12-24T15:54:19.377,SELL,5.5e-07,1402.039953
10718048,2017-12-24T15:54:19.423,SELL,5.5e-07,1405.87983377
10718049,2017-12-24T15:54:19.44,SELL,5.5e-07,1541.59090909
10718050,2017-12-24T15:54:19.47,SELL,5.5e-07,1572.48550494
10718052,2017-12-24T15:54:19.487,SELL,5.5e-07,1733.798421
10718053,2017-12-24T15:54:19.487,BUY,5.6e-07,5343.75
10718054,2017-12-24T15:54:19.517,SELL,5.5e-07,2319.76744186
10718055,2017-12-24T15:54:19.61,SELL,5.5e-07,2500.0
10718057,2017-12-24T15:54:19.72,BUY,5.6e-07,1793284.09438217
10718058,2017-12-24T15:54:19.72,BUY,5.6e-07,1635.045
10718059,2017-12-24T15:54:19.72,BUY,5.6e-07,1163.61607143
