123607298,2017-12-25T23:49:17.38,BUY,0.0813277,0.08
123607299,2017-12-25T23:49:17.38,BUY,0.08133953,0.19937611
123607300,2017-12-25T23:49:17.38,BUY,0.08134308,0.1872761
123607301,2017-12-25T23:49:17.38,BUY,0.08136097,0.12222328
123607302,2017-12-25T23:49:17.38,BUY,0.0813884,0.012
123607303,2017-12-25T23:49:17.38,BUY,0.0813902,0.01231721
123607304,2017-12-25T23:49:17.38,BUY,0.08139188,0.86714744
123607468,2017-12-25T23:49:25.973,SELL,0.08054647,1.0
123607528,2017-12-25T23:49:31.3,BUY,0.08139023,0.01234791
123607529,2017-12-25T23:49:31.3,BUY,0.08139104,0.02382455
123607542,2017-12-25T23:49:32.363,BUY,0.08139022,0.01234791
123607543,2017-12-25T23:49:32.363,BUY,0.08139104,0.02601178
123607849,2017-12-25T23:49:59.553,SELL,0.08054841,0.1789983
123607949,2017-12-25T23:50:06.383,BUY,0.08138914,0.01234808
123607950,2017-12-25T23:50:06.383,BUY,0.08138995,0.00025982
123607958,2017-12-25T23:50:06.68,BUY,0.08138995,0.05070189
123608071,2017-12-25T23:50:16.29,BUY,0.08102331,0.02342005
123608072,2017-12-25T23:50:16.29,BUY,0.08138905,0.01234809
123608073,2017-12-25T23:50:16.29,BUY,0.08138905,0.16423186
123608173,2017-12-25T23:50:23.413,BUY,0.08138823,0.01234822
123608194,2017-12-25T23:50:24.93,SELL,0.08138904,0.03062009
123608225,2017-12-25T23:50:31.337,BUY,0.08138732,0.12286536
123608228,2017-12-25T23:50:31.773,BUY,0.08138732,0.71040285
123608258,2017-12-25T23:50:36.883,SELL,0.0813874,0.13959715
123608259,2017-12-25T23:50:36.883,SELL,0.08138732,0.00881648
123608272,2017-12-25T23:50:38.76,BUY,0.08057352,0.03088637
123608390,2017-12-25T23:50:49.12,BUY,0.08057352,0.2107
123608394,2017-12-25T23:50:49.383,BUY,0.08057352,1.23e-05
123608457,2017-12-25T23:50:53.417,BUY,0.08057352,0.11
123608619,2017-12-25T23:51:09.65,BUY,0.08138655,0.36808014
123608629,2017-12-25T23:51:12.323,SELL,0.08138655,0.51234847
123608634,2017-12-25T23:51:13.277,SELL,0.08138655,0.565
123608638,2017-12-25T23:51:14.417,SELL,0.08138655,0.03185514
123608641,2017-12-25T23:51:15.633,SELL,0.08138655,0.96086725
123608723,2017-12-25T23:51:32.79,BUY,0.08138654,0.22134206
123608724,2017-12-25T23:51:32.79,BUY,0.08138655,0.04313275
123608725,2017-12-25T23:51:32.79,BUY,0.08138655,0.24721035
123608734,2017-12-25T23:51:34.323,SELL,0.08138654,0.00881657
123608782,2017-12-25T23:51:45.34,SELL,0.08102494,0.0295487
123608909,2017-12-25T23:51:54.463,SELL,0.08057711,0.01241047
123608910,2017-12-25T23:51:54.463,SELL,0.08057633,0.05804083
123609007,2017-12-25T23:52:10.857,SELL,0.0812,0.05857034
123609033,2017-12-25T23:52:15.497,SELL,0.0812,0.28
123609046,2017-12-25T23:52:17.403,SELL,0.0812,0.16142966
123609055,2017-12-25T23:52:18.73,SELL,0.08057723,0.06606371
123609056,2017-12-25T23:52:18.73,SELL,0.08057722,0.73301744
123609057,2017-12-25T23:52:18.73,SELL,0.08057721,0.16614307
123609058,2017-12-25T23:52:18.73,SELL,0.08057721,0.37099815
123609322,2017-12-25T23:52:40.81,BUY,0.0812,0.01465201
123609416,2017-12-25T23:52:46.683,BUY,0.0812,0.09982635
123609422,2017-12-25T23:52:46.92,BUY,0.0812,0.00409198
123609423,2017-12-25T23:52:46.92,BUY,0.0812,0.0074941
123609442,2017-12-25T23:52:48.28,BUY,0.0812,0.01193067
123609451,2017-12-25T23:52:48.857,SELL,0.08057761,20.511
123609452,2017-12-25T23:52:48.857,SELL,0.08057761,0.13696284
123609453,2017-12-25T23:52:48.857,SELL,0.0805776,9.4503
123609454,2017-12-25T23:52:48.857,SELL,0.08057757,7.14138051
123609464,2017-12-25T23:52:49.73,BUY,0.08057757,0.02379781
123609467,2017-12-25T23:52:49.95,BUY,0.08057757,1.2
123609471,2017-12-25T23:52:49.98,BUY,0.08057757,0.43911564
123609474,2017-12-25T23:52:50.06,BUY,0.08057757,2.88490328
123609479,2017-12-25T23:52:50.34,BUY,0.08057757,1.290206
123609482,2017-12-25T23:52:50.373,BUY,0.08057757,0.43911564
123609486,2017-12-25T23:52:50.543,BUY,0.08057757,0.49766021
123609488,2017-12-25T23:52:50.56,BUY,0.08057757,5.98555807
123609524,2017-12-25T23:52:52.56,BUY,0.0812,0.01881121
123609773,2017-12-25T23:53:26.577,BUY,0.0812,0.57044262
123609774,2017-12-25T23:53:27.78,SELL,0.0812,0.03770554
123609784,2017-12-25T23:53:32.7,SELL,0.0812,0.021
123609786,2017-12-25T23:53:33.64,BUY,0.08138397,0.05804083
123609787,2017-12-25T23:53:33.64,BUY,0.08138397,0.06483335
123609788,2017-12-25T23:53:33.907,SELL,0.0812,0.2993
123609815,2017-12-25T23:53:44.233,SELL,0.08138387,0.01178096
123609823,2017-12-25T23:53:46.75,BUY,0.08138379,0.00938429
123609854,2017-12-25T23:53:57.89,BUY,0.08138368,0.13482401
123609862,2017-12-25T23:54:01.093,SELL,0.0812,0.07155184
123609882,2017-12-25T23:54:03.813,BUY,0.0812,0.02997845
123610103,2017-12-25T23:54:31.563,BUY,0.0812,0.39846971
123610206,2017-12-25T23:54:39.907,SELL,0.0812,0.1204765
123610207,2017-12-25T23:54:39.907,SELL,0.08057728,0.0392235
123610248,2017-12-25T23:54:43.97,BUY,0.08138276,0.0299111
123610415,2017-12-25T23:54:56.877,BUY,0.08138118,0.06289592
123610702,2017-12-25T23:55:25.66,BUY,0.08137847,0.12287744
123610831,2017-12-25T23:55:35.83,BUY,0.08137747,0.0612862
123611012,2017-12-25T23:56:33.427,SELL,0.081,0.1
123611067,2017-12-25T23:56:58.007,BUY,0.0813766,0.01495663
123611094,2017-12-25T23:57:05.13,BUY,0.08137651,0.01044597
123611112,2017-12-25T23:57:09.007,BUY,0.08137643,0.200113
123611171,2017-12-25T23:57:31.587,BUY,0.08137624,0.00860263
123611201,2017-12-25T23:57:42.227,BUY,0.08137616,0.02457732
123611219,2017-12-25T23:57:48.053,BUY,0.08137605,0.01495673
123611235,2017-12-25T23:57:54.15,SELL,0.081,0.6
123611295,2017-12-25T23:58:15.197,SELL,0.081,0.3
123611296,2017-12-25T23:58:15.197,SELL,0.081,0.17594499
123611306,2017-12-25T23:58:18.633,SELL,0.081,0.539
123611329,2017-12-25T23:58:28.383,SELL,0.081,0.4991
123611340,2017-12-25T23:58:31.93,BUY,0.08137558,0.01597531
123611350,2017-12-25T23:58:36.23,SELL,0.081,0.08
123611357,2017-12-25T23:58:38.79,BUY,0.08137549,0.18421151
123611433,2017-12-25T23:59:10.887,SELL,0.081,0.018
123611483,2017-12-25T23:59:33.497,SELL,0.081,0.6873716
123611484,2017-12-25T23:59:33.497,SELL,0.081,0.01
123611485,2017-12-25T23:59:33.497,SELL,0.081,0.03694444
123611486,2017-12-25T23:59:33.497,SELL,0.081,1.24143369
123611487,2017-12-25T23:59:33.497,SELL,0.08057987,0.02425027
123611490,2017-12-25T23:59:34.31,SELL,0.08057987,0.17496851
123611491,2017-12-25T23:59:34.31,SELL,0.08057986,0.01241004
123611492,2017-12-25T23:59:34.31,SELL,0.0805772,0.01658065
123611493,2017-12-25T23:59:34.31,SELL,0.08057352,0.0355408
123611737,2017-12-26T00:00:02.577,SELL,0.08057992,0.08170911
123611738,2017-12-26T00:00:02.577,SELL,0.0805799,0.15
123611739,2017-12-26T00:00:02.577,SELL,0.08057352,0.0044592
123611740,2017-12-26T00:00:02.577,SELL,0.0805508,0.01241452
123611741,2017-12-26T00:00:02.577,SELL,0.08055001,1.75141717
123611760,2017-12-26T00:00:04.293,BUY,0.081,0.06857438
123611761,2017-12-26T00:00:04.293,BUY,0.08137356,1.13142562
123611980,2017-12-26T00:00:26.64,BUY,0.0812,0.75391416
123612085,2017-12-26T00:00:42.31,SELL,0.08055454,0.19248773
123612086,2017-12-26T00:00:42.31,SELL,0.08055453,0.01241395
123612087,2017-12-26T00:00:42.31,SELL,0.08055004,0.02722464
123612088,2017-12-26T00:00:42.31,SELL,0.08055001,0.01241465
123612089,2017-12-26T00:00:42.31,SELL,0.08055,0.26005587
123612090,2017-12-26T00:00:42.31,SELL,0.08053736,0.00779502
123612091,2017-12-26T00:00:42.31,SELL,0.08053735,0.01401439
123612092,2017-12-26T00:00:42.31,SELL,0.0805,0.05
123612093,2017-12-26T00:00:42.31,SELL,0.0805,1.23148148
123612094,2017-12-26T00:00:42.31,SELL,0.0805,0.19211227
123612157,2017-12-26T00:00:53.937,SELL,0.08050172,0.01242209
123612158,2017-12-26T00:00:53.937,SELL,0.08050092,0.18604957
123612159,2017-12-26T00:00:53.937,SELL,0.08050001,1.80152834
123612255,2017-12-26T00:01:06.437,BUY,0.08119969,0.01629931
123612311,2017-12-26T00:01:12.36,BUY,0.08119967,0.01402493
123612316,2017-12-26T00:01:12.877,BUY,0.08119967,0.01132394
123612325,2017-12-26T00:01:13.453,BUY,0.08119967,0.09780434
123612326,2017-12-26T00:01:13.453,BUY,0.08119967,0.34031613
123612336,2017-12-26T00:01:14.343,BUY,0.08119967,0.00913366
123612345,2017-12-26T00:01:15.11,SELL,0.08050172,0.12860254
123612346,2017-12-26T00:01:15.11,SELL,0.08050163,0.0124221
123612347,2017-12-26T00:01:15.11,SELL,0.08050163,0.17970535
123612348,2017-12-26T00:01:15.11,SELL,0.08050162,0.0124221
123612349,2017-12-26T00:01:15.11,SELL,0.08050083,0.12859998
123612350,2017-12-26T00:01:15.11,SELL,0.08050083,0.01414685
123612351,2017-12-26T00:01:15.11,SELL,0.08050001,1.52410108
123612412,2017-12-26T00:01:20.297,BUY,0.08119965,0.03694596
123612484,2017-12-26T00:01:28.783,BUY,0.0811,0.01456387
123612489,2017-12-26T00:01:29.033,BUY,0.0811,0.00924809
123612499,2017-12-26T00:01:30.39,BUY,0.0811,0.01528496
123612501,2017-12-26T00:01:30.58,BUY,0.0811,0.5013148
123612505,2017-12-26T00:01:31.297,BUY,0.0811,0.00681048
123612539,2017-12-26T00:01:34.8,BUY,0.0811,0.01472269
123612548,2017-12-26T00:01:35.283,BUY,0.0811,0.01517731
123612624,2017-12-26T00:01:40.877,BUY,0.08109992,0.0241015
123612672,2017-12-26T00:01:46.347,BUY,0.08109992,0.16862039
123612681,2017-12-26T00:01:47.703,SELL,0.08109992,0.01986734
123612688,2017-12-26T00:01:48.72,BUY,0.08109984,0.02559766
123612693,2017-12-26T00:01:49.987,BUY,0.08109984,0.00899679
123612716,2017-12-26T00:01:53.923,BUY,0.08109984,0.02145257
123612748,2017-12-26T00:01:56.063,SELL,0.08109984,0.01874998
123612835,2017-12-26T00:02:10.003,BUY,0.081,0.01403617
123612845,2017-12-26T00:02:11.283,BUY,0.081,0.00959531
123612849,2017-12-26T00:02:11.533,BUY,0.081,0.00702975
123612864,2017-12-26T00:02:13.817,BUY,0.081,0.19954902
123612888,2017-12-26T00:02:16.987,BUY,0.081,0.00666086
123612913,2017-12-26T00:02:21.067,BUY,0.081,0.0197084
123612926,2017-12-26T00:02:22.97,SELL,0.08050082,0.17358087
123612927,2017-12-26T00:02:22.97,SELL,0.08050081,0.01242223
123612928,2017-12-26T00:02:22.97,SELL,0.08050001,0.10912955
123612929,2017-12-26T00:02:22.97,SELL,0.0805,0.20486735
123612937,2017-12-26T00:02:24.27,BUY,0.081,0.02500136
123612983,2017-12-26T00:02:33.69,BUY,0.081,0.0076521
123613088,2017-12-26T00:02:46.8,BUY,0.081,0.56751111
123613123,2017-12-26T00:02:55.753,SELL,0.081,0.13169963
123613131,2017-12-26T00:02:59.3,BUY,0.08109992,0.11190049
123613134,2017-12-26T00:03:00.457,SELL,0.081,0.29706225
123613135,2017-12-26T00:03:00.457,SELL,0.081,0.01206556
123613136,2017-12-26T00:03:00.457,SELL,0.081,0.03518012
123613137,2017-12-26T00:03:00.457,SELL,0.081,0.00994593
123613138,2017-12-26T00:03:00.457,SELL,0.08050002,0.16766481
123613139,2017-12-26T00:03:00.457,SELL,0.08050001,2.47808133
123613163,2017-12-26T00:03:04.46,BUY,0.08109988,0.02050187
123613211,2017-12-26T00:03:09.537,BUY,0.08109992,0.01401888
123613224,2017-12-26T00:03:11.27,BUY,0.08109992,0.00958349
123613259,2017-12-26T00:03:14.553,BUY,0.08109984,0.00665266
123613283,2017-12-26T00:03:19.117,BUY,0.08109983,0.01968411
123613298,2017-12-26T00:03:19.787,BUY,0.08050006,0.02050177
123613313,2017-12-26T00:03:21.333,BUY,0.08050006,0.01968413
123613319,2017-12-26T00:03:21.71,BUY,0.08050006,0.08316395
123613378,2017-12-26T00:03:30.147,SELL,0.08050008,0.12287418
123613505,2017-12-26T00:03:46.6,BUY,0.081,0.03518012
123613575,2017-12-26T00:03:59.18,BUY,0.081,0.11203864
123613611,2017-12-26T00:04:04.197,BUY,0.081,0.02052716
123613697,2017-12-26T00:04:17.163,BUY,0.081,0.16092577
123613701,2017-12-26T00:04:17.29,BUY,0.081,0.01
123614026,2017-12-26T00:04:54.26,BUY,0.08099992,0.15822135
123614093,2017-12-26T00:05:02.29,BUY,0.08099992,0.04642776
123614099,2017-12-26T00:05:04.387,BUY,0.08099992,0.00701803
123614108,2017-12-26T00:05:05.243,BUY,0.08099992,0.04323641
123614109,2017-12-26T00:05:05.243,BUY,0.081,0.02082228
123614118,2017-12-26T00:05:09.823,BUY,0.081,0.25446098
123614121,2017-12-26T00:05:13.917,BUY,0.081,0.0098542
123614122,2017-12-26T00:05:15.683,SELL,0.08099992,0.12637143
123614123,2017-12-26T00:05:15.683,SELL,0.08099992,0.03
123614124,2017-12-26T00:05:15.683,SELL,0.08050028,0.00312857
123614134,2017-12-26T00:05:19.417,BUY,0.081,0.01250062
123614216,2017-12-26T00:05:31.213,SELL,0.08099992,1.5
123614217,2017-12-26T00:05:31.51,SELL,0.08050033,0.15481783
123614218,2017-12-26T00:05:31.51,SELL,0.08050032,0.06163202
123614219,2017-12-26T00:05:31.51,SELL,0.08050023,0.05954801
123614220,2017-12-26T00:05:31.51,SELL,0.08050019,0.07771384
123614221,2017-12-26T00:05:31.51,SELL,0.08050006,0.02515663
123614222,2017-12-26T00:05:31.51,SELL,0.08050001,1.11703167
123614314,2017-12-26T00:05:42.497,BUY,0.081,0.13177344
123614411,2017-12-26T00:05:49.45,BUY,0.081,0.01026358
123614434,2017-12-26T00:05:50.793,BUY,0.081,0.0306115
123614498,2017-12-26T00:05:55.497,BUY,0.081,0.03631578
123614562,2017-12-26T00:06:00.013,BUY,0.081,0.00701802
123614608,2017-12-26T00:06:06.48,BUY,0.081,0.0098542
123614614,2017-12-26T00:06:06.687,BUY,0.081,0.05159383
123614628,2017-12-26T00:06:10.793,BUY,0.081,0.01250062
123614686,2017-12-26T00:06:32.7,BUY,0.080999,0.07112544
123614694,2017-12-26T00:06:37.483,SELL,0.0807,0.419
123614714,2017-12-26T00:06:51.17,BUY,0.080999,0.01026371
123614726,2017-12-26T00:07:03.907,BUY,0.080999,0.01041593
123614728,2017-12-26T00:07:05.063,BUY,0.080999,0.01480537
123614730,2017-12-26T00:07:09.407,BUY,0.080999,0.39338955
123614734,2017-12-26T00:07:11.907,BUY,0.081,0.00898679
123614736,2017-12-26T00:07:12.233,BUY,0.081,0.0076363
123614738,2017-12-26T00:07:12.843,BUY,0.081,0.00706691
123614740,2017-12-26T00:07:14.423,BUY,0.081,0.00878778
123614743,2017-12-26T00:07:18.703,SELL,0.080999,0.1888
123614745,2017-12-26T00:07:19.14,BUY,0.081,0.25692967
123614746,2017-12-26T00:07:19.14,BUY,0.081,0.25453041
123614747,2017-12-26T00:07:19.14,BUY,0.081,0.01146552
123614749,2017-12-26T00:07:27.58,BUY,0.0811,0.01320419
123614750,2017-12-26T00:07:28.487,SELL,0.081,0.3881
123614753,2017-12-26T00:07:30.97,BUY,0.0811,0.02595277
123614754,2017-12-26T00:07:31.033,SELL,0.081,0.1
123614755,2017-12-26T00:07:31.173,SELL,0.081,4.22611939
123614758,2017-12-26T00:07:35.3,SELL,0.081,9.257
123614764,2017-12-26T00:07:43.673,BUY,0.0811,0.01359359
123614766,2017-12-26T00:07:43.987,BUY,0.0811,0.01017127
123614768,2017-12-26T00:07:44.33,BUY,0.0811,0.0161836
123614770,2017-12-26T00:07:46.283,BUY,0.0811,0.01363169
123614772,2017-12-26T00:07:47.66,BUY,0.0811,0.01581233
123614774,2017-12-26T00:07:48.283,BUY,0.0811,0.01378027
123614777,2017-12-26T00:07:49.377,BUY,0.0811,0.01243391
123614781,2017-12-26T00:07:55.36,BUY,0.0811,0.00950419
123614784,2017-12-26T00:07:56.55,BUY,0.0811,0.01175166
123614796,2017-12-26T00:08:28.05,SELL,0.080999,0.7948
123614798,2017-12-26T00:08:30.88,BUY,0.081,0.00878778
123614800,2017-12-26T00:08:42.537,SELL,0.080999,0.035
123614801,2017-12-26T00:08:43.147,SELL,0.080999,0.7938
123614806,2017-12-26T00:08:47.863,BUY,0.081,0.21349547
123614809,2017-12-26T00:08:53.037,BUY,0.0811,0.12040728
123614810,2017-12-26T00:08:53.897,SELL,0.081,0.2475
123614812,2017-12-26T00:08:58.303,SELL,0.081,0.35
123614814,2017-12-26T00:09:01.02,SELL,0.081,0.16699798
123614819,2017-12-26T00:09:06.083,BUY,0.08109994,0.01225377
123614827,2017-12-26T00:09:09.507,SELL,0.081,0.1
123614829,2017-12-26T00:09:10.07,SELL,0.081,0.03445833
123614830,2017-12-26T00:09:10.07,SELL,0.081,0.0153601
123614831,2017-12-26T00:09:10.07,SELL,0.080999,1.04679713
123614832,2017-12-26T00:09:10.07,SELL,0.080999,0.01017321
123614833,2017-12-26T00:09:10.07,SELL,0.080999,0.00662946
123614848,2017-12-26T00:09:21.163,SELL,0.08070001,0.35017246
123614849,2017-12-26T00:09:21.163,SELL,0.0807,1.29669588
123614866,2017-12-26T00:09:49.977,SELL,0.0807,1.24143369
123614869,2017-12-26T00:10:02.837,SELL,0.0807,2.04287043
123614870,2017-12-26T00:10:02.837,SELL,0.0807,0.20022348
123614923,2017-12-26T00:10:08.57,SELL,0.08050003,2.47825995
123614958,2017-12-26T00:10:12.087,BUY,0.08050003,0.02195128
123614961,2017-12-26T00:10:12.557,BUY,0.08050003,0.08509207
123614963,2017-12-26T00:10:13.76,BUY,0.08050003,4.89403013
123614967,2017-12-26T00:10:14.57,BUY,0.08050003,0.01463595
123614972,2017-12-26T00:10:16.667,BUY,0.08050003,2.81182886
123614974,2017-12-26T00:10:16.743,BUY,0.08050003,5.30079853
123614983,2017-12-26T00:10:18.243,BUY,0.08069999,0.04024881
123614985,2017-12-26T00:10:18.37,BUY,0.08069999,0.01463592
123614989,2017-12-26T00:10:19.243,BUY,0.0807,0.31117859
123614995,2017-12-26T00:10:20.43,BUY,0.0807,0.03774625
123614998,2017-12-26T00:10:21.277,BUY,0.0807,0.89256361
123614999,2017-12-26T00:10:21.277,BUY,0.0807,0.65813639
123615035,2017-12-26T00:10:32.167,BUY,0.0807,0.0246609
123615037,2017-12-26T00:10:32.213,BUY,0.0807,0.1658739
123615039,2017-12-26T00:10:32.417,BUY,0.0807,0.12391573
123615041,2017-12-26T00:10:33.01,BUY,0.0807,0.02439322
123615043,2017-12-26T00:10:33.137,BUY,0.0807,0.07317089
123615045,2017-12-26T00:10:33.353,BUY,0.0807,0.01464375
123615048,2017-12-26T00:10:33.54,BUY,0.0807,0.01463416
123615058,2017-12-26T00:10:34.87,BUY,0.0807,0.01829272
123615073,2017-12-26T00:10:36.463,BUY,0.0807,0.01463503
123615075,2017-12-26T00:10:36.933,BUY,0.0807,0.01239157
123615098,2017-12-26T00:10:42.2,BUY,0.0807,0.24783147
123615153,2017-12-26T00:10:50.48,BUY,0.0807,0.06195786
123615204,2017-12-26T00:10:58.87,BUY,0.0807,2.96585111
123615205,2017-12-26T00:10:58.87,BUY,0.0807,0.62383031
123615223,2017-12-26T00:11:03.747,SELL,0.08050004,0.0249004
123615324,2017-12-26T00:11:39.903,BUY,0.08109998,0.01655266
123615339,2017-12-26T00:11:50.653,BUY,0.0811,0.03112158
123615351,2017-12-26T00:11:54.56,BUY,0.0811,0.00908028
123615370,2017-12-26T00:12:06.327,BUY,0.08113985,6.21779521
123615371,2017-12-26T00:12:06.327,BUY,0.08113992,0.1232439
123615372,2017-12-26T00:12:06.327,BUY,0.08113993,0.06691276
123615389,2017-12-26T00:12:16.483,BUY,0.08113999,0.00679344
123615390,2017-12-26T00:12:16.78,SELL,0.0811,0.00609703
123615394,2017-12-26T00:12:18.827,BUY,0.0807,0.00681255
123615428,2017-12-26T00:12:20.75,BUY,0.0807,0.00790227
123615481,2017-12-26T00:12:24.267,BUY,0.0807,0.00366667
123615559,2017-12-26T00:12:55.36,SELL,0.0807,0.00258104
123615575,2017-12-26T00:12:58.86,BUY,0.08069999,0.00941611
123615706,2017-12-26T00:13:27.207,SELL,0.08050004,0.06261177
123615719,2017-12-26T00:13:29.723,BUY,0.08069998,0.01563805
123615724,2017-12-26T00:13:30.253,SELL,0.08050003,0.24015411
123615725,2017-12-26T00:13:30.253,SELL,0.08050001,0.21550719
123615765,2017-12-26T00:13:42.253,SELL,0.08069999,0.04750732
123615766,2017-12-26T00:13:42.253,SELL,0.08069998,0.01508377
123615767,2017-12-26T00:13:42.253,SELL,0.08050001,0.0195847
123615771,2017-12-26T00:13:42.723,BUY,0.0807,0.04020818
123615776,2017-12-26T00:13:44.05,BUY,0.0807,0.41938736
123615973,2017-12-26T00:14:34.07,BUY,0.0807,0.00781896
123616019,2017-12-26T00:14:41.68,BUY,0.0807,0.33671787
123616188,2017-12-26T00:14:58.243,BUY,0.0807,0.01508377
123616231,2017-12-26T00:15:02.07,BUY,0.0807,0.04750731
123616245,2017-12-26T00:15:04.04,SELL,0.08050003,0.06264612
123616347,2017-12-26T00:15:14.837,BUY,0.08050003,0.01837887
123616355,2017-12-26T00:15:15.32,BUY,0.08050003,0.7687312
123616375,2017-12-26T00:15:16.697,BUY,0.08050003,0.01239137
123616404,2017-12-26T00:15:19.493,BUY,0.08050003,0.05115712
123616420,2017-12-26T00:15:20.337,SELL,0.08050001,0.12195121
123616422,2017-12-26T00:15:21.167,BUY,0.08050003,0.13004157
123616436,2017-12-26T00:15:29.48,BUY,0.08050003,0.07156395
123616458,2017-12-26T00:15:31.743,BUY,0.08069999,0.1242236
123616464,2017-12-26T00:15:32.76,BUY,0.08069999,0.1242236
123616471,2017-12-26T00:15:33.12,BUY,0.08069999,0.1242236
123616621,2017-12-26T00:15:50.777,BUY,0.0807,0.00754176
123616687,2017-12-26T00:15:56.76,SELL,0.08050002,0.00863902
123616688,2017-12-26T00:15:56.76,SELL,0.08050001,0.04698322
123616741,2017-12-26T00:16:05.463,BUY,0.0807,0.02375366
123616941,2017-12-26T00:16:30.42,BUY,0.0807,0.08649503
123616957,2017-12-26T00:16:32.763,BUY,0.0807,0.28942138
123617208,2017-12-26T00:17:03.56,SELL,0.08050002,0.01317652
123617209,2017-12-26T00:17:03.56,SELL,0.08050001,0.10730395
123617340,2017-12-26T00:17:17.36,SELL,0.08050001,0.12121667
123617411,2017-12-26T00:17:39.377,SELL,0.08050001,0.186
123617572,2017-12-26T00:17:58.097,BUY,0.0807,0.01766138
123617582,2017-12-26T00:17:58.75,BUY,0.0807,0.13717734
123617684,2017-12-26T00:18:07.517,SELL,0.08050001,0.12180267
123617734,2017-12-26T00:18:14.597,BUY,0.0807,0.01187683
123617764,2017-12-26T00:18:20.69,BUY,0.0807,0.02636654
123618048,2017-12-26T00:18:58.397,SELL,0.08050001,0.1189734
123618058,2017-12-26T00:18:59.647,BUY,0.0807,0.01187683
123618103,2017-12-26T00:19:04.693,SELL,0.08050001,0.11384451
123618151,2017-12-26T00:19:18.037,BUY,0.0807,0.07367366
123618152,2017-12-26T00:19:18.037,BUY,0.0807,0.16125328
123618159,2017-12-26T00:19:21.833,SELL,0.08050001,0.45857504
123618160,2017-12-26T00:19:21.833,SELL,0.08050001,0.27048331
123618207,2017-12-26T00:19:30.663,SELL,0.0805,0.1190462
123618218,2017-12-26T00:19:32.007,BUY,0.08050001,0.03967285
123618342,2017-12-26T00:19:56.29,BUY,0.0807,0.00645328
123618577,2017-12-26T00:20:28.23,BUY,0.0807,0.00955403
123618589,2017-12-26T00:20:29.59,BUY,0.0807,0.01318315
123618619,2017-12-26T00:20:33.353,BUY,0.0807,0.12391573
123618621,2017-12-26T00:20:33.37,BUY,0.0807,0.12391573
123618649,2017-12-26T00:20:38.103,BUY,0.0807,0.12391573
123618651,2017-12-26T00:20:38.103,BUY,0.0807,0.12391573
123618699,2017-12-26T00:20:43.387,BUY,0.0807,0.12391573
123618702,2017-12-26T00:20:43.433,BUY,0.0807,0.1228426
123618807,2017-12-26T00:20:53.107,BUY,0.0807,0.12391573
123618809,2017-12-26T00:20:53.12,BUY,0.0807,0.12391573
123618865,2017-12-26T00:20:56.997,BUY,0.0807,0.44776506
123618868,2017-12-26T00:20:57.073,BUY,0.0807,0.12391573
123618870,2017-12-26T00:20:57.09,BUY,0.0807,0.12391573
123618955,2017-12-26T00:21:03.17,BUY,0.0807,0.12391573
123618964,2017-12-26T00:21:03.387,BUY,0.0807,0.12391573
123618967,2017-12-26T00:21:03.45,BUY,0.0807,0.12391573
123618980,2017-12-26T00:21:06.887,BUY,0.0807,0.01751995
123618982,2017-12-26T00:21:07.137,BUY,0.0807,0.12391573
123618985,2017-12-26T00:21:08.42,BUY,0.0807,0.12391573
123618986,2017-12-26T00:21:08.42,BUY,0.0807,0.12391573
123619018,2017-12-26T00:21:15.153,SELL,0.0805001,0.12164133
123619045,2017-12-26T00:21:17.247,BUY,0.0807,0.12391573
123619072,2017-12-26T00:21:18.95,BUY,0.0807,0.01318315
123619119,2017-12-26T00:21:21.92,SELL,0.0805001,0.11384451
123619124,2017-12-26T00:21:22.123,BUY,0.0807,0.12391573
123619189,2017-12-26T00:21:26.33,BUY,0.0807,0.14685582
123619190,2017-12-26T00:21:26.33,BUY,0.0807,0.01528122
123619191,2017-12-26T00:21:26.33,BUY,0.0807,0.78
123619192,2017-12-26T00:21:26.33,BUY,0.0807,0.01470587
123619193,2017-12-26T00:21:26.33,BUY,0.0807,0.04315709
123619217,2017-12-26T00:21:28.14,BUY,0.0807,0.12391573
123619288,2017-12-26T00:21:33.44,BUY,0.0807,0.12391573
123619296,2017-12-26T00:21:37.127,BUY,0.08069999,0.12391573
123619312,2017-12-26T00:21:38.657,BUY,0.08069999,0.12391573
123619348,2017-12-26T00:21:42.127,BUY,0.08069999,0.12391573
123619360,2017-12-26T00:21:43.14,BUY,0.08069999,0.12391573
123619362,2017-12-26T00:21:43.157,BUY,0.08069999,0.12391573
123619368,2017-12-26T00:21:43.453,BUY,0.08069999,0.12391573
123619406,2017-12-26T00:21:45.86,BUY,0.08069999,0.44776511
123619431,2017-12-26T00:21:47.127,BUY,0.08069999,0.12391573
123619447,2017-12-26T00:21:48.173,BUY,0.08069999,0.12391573
123619528,2017-12-26T00:21:58.47,BUY,0.08069999,0.12391573
123619540,2017-12-26T00:22:02.16,BUY,0.08069999,0.12391573
123619543,2017-12-26T00:22:02.44,BUY,0.08069999,0.01165849
123619548,2017-12-26T00:22:03.11,BUY,0.08069999,0.02529976
123619552,2017-12-26T00:22:03.44,BUY,0.08069999,0.12391573
123619582,2017-12-26T00:22:08.44,BUY,0.08069999,0.12391573
123619606,2017-12-26T00:22:09.923,BUY,0.08069999,0.02592615
123619612,2017-12-26T00:22:10.283,BUY,0.08069999,0.02319467
123619617,2017-12-26T00:22:10.643,BUY,0.08069999,0.02802367
123619623,2017-12-26T00:22:11.02,BUY,0.08069999,0.02187733
123619632,2017-12-26T00:22:11.457,BUY,0.08069999,0.0155663
123619644,2017-12-26T00:22:12.627,BUY,0.08069999,0.02883086
123619647,2017-12-26T00:22:12.893,BUY,0.08069999,0.01250335
123619649,2017-12-26T00:22:13.22,BUY,0.08069999,0.01558959
123619660,2017-12-26T00:22:13.923,BUY,0.08069999,0.01943767
123619672,2017-12-26T00:22:14.88,BUY,0.08069999,0.57891928
123619682,2017-12-26T00:22:17.38,BUY,0.08069999,0.12391573
123619699,2017-12-26T00:22:18.427,BUY,0.08069999,0.12391573
123619703,2017-12-26T00:22:19.08,BUY,0.08069999,0.02296085
123619711,2017-12-26T00:22:19.63,BUY,0.08069999,0.02131264
123619719,2017-12-26T00:22:20.27,BUY,0.08069999,0.01454895
123619758,2017-12-26T00:22:23.177,BUY,0.08069999,0.12391573
123619778,2017-12-26T00:22:25.52,BUY,0.08069999,0.01961301
123619784,2017-12-26T00:22:25.77,BUY,0.08069999,0.00710136
123619789,2017-12-26T00:22:26.033,BUY,0.08069999,0.01922702
123619797,2017-12-26T00:22:26.427,BUY,0.08069999,0.0249207
123619819,2017-12-26T00:22:28.207,BUY,0.08069999,0.12391573
123619820,2017-12-26T00:22:28.207,BUY,0.08069999,0.12391573
123619821,2017-12-26T00:22:28.207,BUY,0.08069999,0.12391573
123619823,2017-12-26T00:22:28.44,BUY,0.08069999,0.12391573
123619834,2017-12-26T00:22:29.88,BUY,0.08069999,0.01754907
123619839,2017-12-26T00:22:30.287,BUY,0.08069999,0.02718204
123619843,2017-12-26T00:22:30.583,BUY,0.08069999,0.01146407
123619860,2017-12-26T00:22:33.223,BUY,0.08069999,0.12391573
123619864,2017-12-26T00:22:33.44,BUY,0.08069999,0.12391573
123619866,2017-12-26T00:22:33.457,BUY,0.08069999,0.12391573
123619873,2017-12-26T00:22:34.067,BUY,0.08069999,0.01974102
123619875,2017-12-26T00:22:34.083,BUY,0.08069999,0.01194052
123619886,2017-12-26T00:22:34.787,BUY,0.08069999,0.02040298
123619896,2017-12-26T00:22:35.223,BUY,0.08069999,0.02645638
123619904,2017-12-26T00:22:35.753,BUY,0.08069999,0.02239839
123619908,2017-12-26T00:22:35.99,BUY,0.08069999,0.02466444
123619914,2017-12-26T00:22:36.223,BUY,0.08069999,0.01842627
123619929,2017-12-26T00:22:37.177,BUY,0.08069999,0.12391573
123619931,2017-12-26T00:22:37.19,BUY,0.08069999,0.0392202
123619933,2017-12-26T00:22:37.63,BUY,0.08069999,0.01464449
123619935,2017-12-26T00:22:38.113,BUY,0.08069999,0.02547609
123619938,2017-12-26T00:22:38.19,BUY,0.08069999,0.12391573
123619939,2017-12-26T00:22:38.207,BUY,0.08069999,0.12391573
123619941,2017-12-26T00:22:38.317,BUY,0.08069999,0.12164634
123619945,2017-12-26T00:22:38.44,BUY,0.08069999,0.12391573
123619947,2017-12-26T00:22:38.567,BUY,0.08069999,0.00724089
123619949,2017-12-26T00:22:39.27,BUY,0.08069999,0.01718959
123619951,2017-12-26T00:22:40.503,BUY,0.08069999,0.00919789
123619957,2017-12-26T00:22:41.863,BUY,0.08069999,0.00841884
123619961,2017-12-26T00:22:42.41,BUY,0.08069999,0.13475565
123619993,2017-12-26T00:22:45.333,BUY,0.08069999,0.01178835
123620018,2017-12-26T00:22:47.147,BUY,0.08069999,0.1780714
123620022,2017-12-26T00:22:47.677,BUY,0.08069999,0.00748662
123620026,2017-12-26T00:22:48.193,BUY,0.08069999,0.12391573
123620033,2017-12-26T00:22:50.553,BUY,0.08069999,0.00935242
123620047,2017-12-26T00:22:51.723,BUY,0.08069999,0.5403315
123620048,2017-12-26T00:22:51.723,BUY,0.08069999,0.03571437
123620049,2017-12-26T00:22:51.723,BUY,0.08069999,0.02678577
123620056,2017-12-26T00:22:53.46,BUY,0.0807,0.12391573
123620060,2017-12-26T00:22:53.74,BUY,0.0807,0.02758476
123620064,2017-12-26T00:22:54.287,BUY,0.0807,0.00858265
123620069,2017-12-26T00:22:54.863,SELL,0.08069999,0.24704986
123620072,2017-12-26T00:22:54.91,BUY,0.0807,0.02972193
123620075,2017-12-26T00:22:55.223,BUY,0.0807,0.04127757
123620079,2017-12-26T00:22:55.817,BUY,0.0807,0.01123965
123620081,2017-12-26T00:22:56.21,BUY,0.0807,0.00953879
123620083,2017-12-26T00:22:56.583,BUY,0.0807,0.01139864
123620085,2017-12-26T00:22:57.38,BUY,0.0807,0.07973371
123620087,2017-12-26T00:22:57.6,BUY,0.0807,0.02757423
123620093,2017-12-26T00:23:00.35,BUY,0.0807,0.02338166
123620095,2017-12-26T00:23:00.677,BUY,0.0807,0.0298969
123620097,2017-12-26T00:23:02.133,BUY,0.0807,0.00817138
123620099,2017-12-26T00:23:02.367,BUY,0.0807,0.01456555
123620101,2017-12-26T00:23:02.833,BUY,0.0807,0.02175118
123620102,2017-12-26T00:23:03.21,SELL,0.08069999,0.23859724
123620104,2017-12-26T00:23:03.223,BUY,0.0807,0.12391573
123620106,2017-12-26T00:23:03.473,BUY,0.0807,0.12391573
123620108,2017-12-26T00:23:03.473,BUY,0.0807,0.12391573
123620110,2017-12-26T00:23:03.52,BUY,0.0807,0.01264981
123620112,2017-12-26T00:23:03.82,BUY,0.0807,0.01560855
123620116,2017-12-26T00:23:05.257,BUY,0.0807,0.01999665
123620118,2017-12-26T00:23:05.85,BUY,0.0807,0.01442206
123620120,2017-12-26T00:23:06.473,BUY,0.0807,0.02399703
123620125,2017-12-26T00:23:08.21,BUY,0.0807,0.12391573
123620127,2017-12-26T00:23:08.473,BUY,0.0807,0.12391573
123620129,2017-12-26T00:23:09.287,BUY,0.0807,0.01888352
123620131,2017-12-26T00:23:12.21,BUY,0.0807,0.12391573
123620133,2017-12-26T00:23:13.49,BUY,0.0807,0.12391573
123620139,2017-12-26T00:23:17.833,SELL,0.08069999,0.14758089
123620140,2017-12-26T00:23:17.833,SELL,0.0805001,0.00211911
123620142,2017-12-26T00:23:18.227,BUY,0.0807,0.12391573
123620144,2017-12-26T00:23:18.24,BUY,0.0807,0.12391573
123620146,2017-12-26T00:23:18.257,BUY,0.0807,0.01987793
123620147,2017-12-26T00:23:18.257,BUY,0.0807,0.1040378
123620165,2017-12-26T00:23:23.227,BUY,0.08069999,0.12391573
123620171,2017-12-26T00:23:23.913,BUY,0.08069999,0.02366516
123620172,2017-12-26T00:23:23.913,BUY,0.0807,0.2715314
123620176,2017-12-26T00:23:24.257,BUY,0.0807,0.03044775
123620209,2017-12-26T00:23:28.257,BUY,0.0807,0.12391573
123620211,2017-12-26T00:23:28.273,BUY,0.0807,0.12391573
123620213,2017-12-26T00:23:28.507,BUY,0.0807,0.12391573
123620243,2017-12-26T00:23:34.523,SELL,0.0805001,0.12391573
123620262,2017-12-26T00:23:36.413,BUY,0.08069999,0.00778994
123620274,2017-12-26T00:23:38.25,BUY,0.08069999,0.12391573
123620295,2017-12-26T00:23:42.243,BUY,0.08069999,0.10541343
123620296,2017-12-26T00:23:42.243,BUY,0.08069999,0.0185023
123620320,2017-12-26T00:23:47.273,BUY,0.08069999,0.12391573
123620323,2017-12-26T00:23:48.523,BUY,0.08069999,0.12391573
123620328,2017-12-26T00:23:52.243,BUY,0.08069999,0.12391573
123620333,2017-12-26T00:23:53.54,BUY,0.08069999,0.12391573
123620335,2017-12-26T00:23:54.01,BUY,0.08069999,0.12391573
123620361,2017-12-26T00:23:58.273,BUY,0.08069999,0.12391573
123620379,2017-12-26T00:24:02.26,BUY,0.08069999,0.12391573
123620381,2017-12-26T00:24:04.76,SELL,0.0805001,0.18507849
123620382,2017-12-26T00:24:04.76,SELL,0.08050002,0.05227798
123620383,2017-12-26T00:24:04.76,SELL,0.08050001,0.26916823
123620384,2017-12-26T00:24:04.777,SELL,0.0805,0.48397418
123620385,2017-12-26T00:24:04.777,SELL,0.0805,1.0
123620386,2017-12-26T00:24:04.777,SELL,0.0805,3.0
123620387,2017-12-26T00:24:04.777,SELL,0.0805,0.05
123620388,2017-12-26T00:24:04.777,SELL,0.08037722,0.00777726
123620389,2017-12-26T00:24:04.777,SELL,0.0803772,0.01368547
123620390,2017-12-26T00:24:04.777,SELL,0.08037264,0.1
123620391,2017-12-26T00:24:04.777,SELL,0.08037263,0.50629976
123620408,2017-12-26T00:24:07.26,BUY,0.08069998,0.12391573
123620451,2017-12-26T00:24:13.277,BUY,0.08069998,0.12391573
123620455,2017-12-26T00:24:13.527,BUY,0.08069998,0.12391573
123620457,2017-12-26T00:24:13.527,BUY,0.08069998,0.12391573
123620494,2017-12-26T00:24:18.323,BUY,0.08069998,0.12391573
123620495,2017-12-26T00:24:18.54,SELL,0.08037263,0.12391573
123620519,2017-12-26T00:24:22.277,BUY,0.08069998,0.12391573
123620531,2017-12-26T00:24:23.29,BUY,0.08069998,0.12391573
123620540,2017-12-26T00:24:24.713,SELL,0.08037263,0.36978451
123620559,2017-12-26T00:24:28.293,BUY,0.0806,0.12391573
123620561,2017-12-26T00:24:28.557,BUY,0.0806,0.08690885
123620562,2017-12-26T00:24:28.557,BUY,0.08069998,0.03700688
123620567,2017-12-26T00:24:33.557,BUY,0.08069998,0.12391573
123620590,2017-12-26T00:24:37.277,BUY,0.08069998,0.12391573
123620602,2017-12-26T00:24:38.31,BUY,0.08069998,0.12391573
123620606,2017-12-26T00:24:38.543,BUY,0.08069998,0.12391573
123620611,2017-12-26T00:24:38.823,BUY,0.08069998,0.12391573
123620668,2017-12-26T00:24:48.323,BUY,0.08069998,0.12391573
123620671,2017-12-26T00:24:48.34,BUY,0.08069998,0.12391573
123620675,2017-12-26T00:24:48.543,BUY,0.08069998,0.12391573
123620676,2017-12-26T00:24:48.543,BUY,0.08069998,0.12391573
123620723,2017-12-26T00:24:52.637,BUY,0.08069998,0.03915796
123620768,2017-12-26T00:24:58.56,BUY,0.08069998,0.12391573
123620817,2017-12-26T00:25:03.327,BUY,0.08069998,0.12391573
123620828,2017-12-26T00:25:08.327,BUY,0.08069998,0.12391573
123620846,2017-12-26T00:25:13.327,BUY,0.08069998,0.12391573
123620847,2017-12-26T00:25:13.483,SELL,0.08037268,0.08117339
123620897,2017-12-26T00:25:18.327,BUY,0.08037268,0.02602076
123620898,2017-12-26T00:25:18.327,BUY,0.08069998,0.09839959
123620932,2017-12-26T00:25:20.263,BUY,0.08069997,0.01441537
123620941,2017-12-26T00:25:20.577,SELL,0.08037268,0.01301574
123620942,2017-12-26T00:25:20.577,SELL,0.08037263,0.62260232
123620943,2017-12-26T00:25:20.577,SELL,0.08037263,0.03117237
123620949,2017-12-26T00:25:20.78,BUY,0.08069997,0.00625167
123620957,2017-12-26T00:25:21.233,BUY,0.08069997,0.0077948
123620967,2017-12-26T00:25:21.717,BUY,0.08069997,0.00971884
123621011,2017-12-26T00:25:24.593,BUY,0.08069998,0.01148042
123621024,2017-12-26T00:25:28.547,BUY,0.08069998,0.12442035
123621028,2017-12-26T00:25:28.937,SELL,0.08037263,0.01301574
123621102,2017-12-26T00:25:34.967,BUY,0.08069998,0.00980645
123621136,2017-12-26T00:25:38.577,BUY,0.08069998,0.04943832
123621137,2017-12-26T00:25:38.577,BUY,0.08069998,0.07498203
123621185,2017-12-26T00:25:42.78,SELL,0.08037268,0.01241093
123621186,2017-12-26T00:25:42.78,SELL,0.08033916,0.1707104
123621194,2017-12-26T00:25:44.297,BUY,0.08033916,0.00987051
123621196,2017-12-26T00:25:44.327,BUY,0.08033916,0.01020149
123621198,2017-12-26T00:25:44.53,BUY,0.08033916,0.03540474
123621206,2017-12-26T00:25:44.953,BUY,0.0807,0.01322813
123621228,2017-12-26T00:25:46.61,BUY,0.0807,0.00921314
123621232,2017-12-26T00:25:47.063,BUY,0.0807,0.01897633
123621239,2017-12-26T00:25:47.297,BUY,0.0807,0.00732218
123621256,2017-12-26T00:25:48.343,BUY,0.0807,0.12442035
123621260,2017-12-26T00:25:48.437,BUY,0.0807,0.0085948
123621264,2017-12-26T00:25:48.623,BUY,0.0807,0.12442035
123621294,2017-12-26T00:25:50.58,SELL,0.08033921,0.02588925
123621373,2017-12-26T00:25:56.157,SELL,0.0803,0.05
123621387,2017-12-26T00:25:57.343,BUY,0.08033921,0.12391573
123621389,2017-12-26T00:25:57.39,BUY,0.08033921,0.25828657
123621400,2017-12-26T00:26:01.69,BUY,0.08033921,0.29703086
123621406,2017-12-26T00:26:02.36,BUY,0.0807,0.1117394
123621408,2017-12-26T00:26:02.36,BUY,0.0807,0.01217633
123621409,2017-12-26T00:26:02.377,BUY,0.0807,0.12391573
123621414,2017-12-26T00:26:03.343,BUY,0.0807,0.12391573
123621425,2017-12-26T00:26:08.343,BUY,0.0807,0.12391573
123621428,2017-12-26T00:26:09.94,BUY,0.0807,0.12391573
123621432,2017-12-26T00:26:11,SELL,0.08033921,0.11264677
123621438,2017-12-26T00:26:13.343,BUY,0.0807,0.12391573
123621465,2017-12-26T00:26:17.36,BUY,0.0807,0.12391573
123621467,2017-12-26T00:26:17.377,BUY,0.0807,0.12391573
123621522,2017-12-26T00:26:20.767,BUY,0.0807,0.02695105
123621543,2017-12-26T00:26:22.3,BUY,0.0807,0.02867796
123621545,2017-12-26T00:26:22.36,BUY,0.0807,0.12391573
123621550,2017-12-26T00:26:22.643,BUY,0.0807,0.48314316
123621554,2017-12-26T00:26:23.61,BUY,0.0807,0.12391573
123621580,2017-12-26T00:26:25.47,BUY,0.0807,0.03561425
123621584,2017-12-26T00:26:25.673,BUY,0.0807,0.08615792
123621617,2017-12-26T00:26:28.36,BUY,0.0807,0.12391573
123621640,2017-12-26T00:26:29.753,BUY,0.0807,0.05962608
123621662,2017-12-26T00:26:32.3,BUY,0.0807,0.01379232
123621666,2017-12-26T00:26:33.377,BUY,0.0807,0.12391573
123621668,2017-12-26T00:26:33.643,BUY,0.0807,0.01486097
123621676,2017-12-26T00:26:34.063,BUY,0.0807,0.02063866
123621727,2017-12-26T00:26:37.47,BUY,0.0807,0.01169083
123621755,2017-12-26T00:26:39.52,BUY,0.0807,1.0
123621759,2017-12-26T00:26:39.817,BUY,0.0807,0.00728278
123621791,2017-12-26T00:26:43.55,BUY,0.0807,0.0072109
123621804,2017-12-26T00:26:44.753,BUY,0.0807,0.01199851
123621866,2017-12-26T00:26:48.77,BUY,0.0807,0.01651128
123621873,2017-12-26T00:26:49.503,BUY,0.0807,0.00808178
123621875,2017-12-26T00:26:49.863,BUY,0.0807,0.01472986
123621884,2017-12-26T00:26:50.443,BUY,0.0807,0.00628823
123621920,2017-12-26T00:26:56.27,BUY,0.0807,0.12391573
123621924,2017-12-26T00:26:56.553,BUY,0.0807,0.01786853
123621930,2017-12-26T00:26:57.427,BUY,0.0807,0.12391573
123621940,2017-12-26T00:26:58.647,BUY,0.0807,0.01208649
123621943,2017-12-26T00:26:58.897,BUY,0.0807,0.12391573
123621967,2017-12-26T00:27:05.1,BUY,0.0807,0.01273643
123621969,2017-12-26T00:27:05.583,BUY,0.0807,0.03201871
123621971,2017-12-26T00:27:05.82,BUY,0.0807,0.07239046
123621983,2017-12-26T00:27:06.477,BUY,0.0807,0.01514927
123621987,2017-12-26T00:27:06.803,BUY,0.0807,0.03559232
123621992,2017-12-26T00:27:06.913,BUY,0.0807,0.02257175
123621995,2017-12-26T00:27:07.07,BUY,0.0807,0.01984486
123622014,2017-12-26T00:27:08.413,BUY,0.0807,0.12391573
123622021,2017-12-26T00:27:08.867,BUY,0.0807,0.01827435
123622025,2017-12-26T00:27:09.21,BUY,0.0807,0.12391573
123622039,2017-12-26T00:27:10.727,BUY,0.0807,0.06077026
123622043,2017-12-26T00:27:11.38,BUY,0.0807,0.02775713
123622052,2017-12-26T00:27:12.117,BUY,0.0807,0.00763928
123622062,2017-12-26T00:27:12.913,BUY,0.0807,0.08051784
123622070,2017-12-26T00:27:13.43,BUY,0.0807,0.12391573
123622074,2017-12-26T00:27:13.63,BUY,0.0807,0.12391573
123622090,2017-12-26T00:27:14.68,BUY,0.0807,5.49361811
123622091,2017-12-26T00:27:14.68,BUY,0.0807,0.01546049
123622120,2017-12-26T00:27:17.303,BUY,0.08070001,0.01589591
123622122,2017-12-26T00:27:17.413,BUY,0.08070001,0.12075215
123622123,2017-12-26T00:27:17.413,BUY,0.08111747,0.00316358
123622129,2017-12-26T00:27:18.443,BUY,0.08111747,0.12391573
123622143,2017-12-26T00:27:22.413,BUY,0.08111747,0.12391573
123622145,2017-12-26T00:27:23.79,BUY,0.08111747,0.01725892
123622149,2017-12-26T00:27:27.743,BUY,0.08111747,0.12391573
123622153,2017-12-26T00:27:30.493,BUY,0.08111747,0.00620304
123622154,2017-12-26T00:27:30.493,BUY,0.08111747,0.00037692
123622156,2017-12-26T00:27:32.01,BUY,0.08111747,0.01947756
123622165,2017-12-26T00:27:36.477,BUY,0.08111747,1.12471235
123622167,2017-12-26T00:27:37.15,BUY,0.08111747,0.024815
123622169,2017-12-26T00:27:37.867,BUY,0.08111747,0.01087164
123622171,2017-12-26T00:27:38.65,BUY,0.08111746,0.04079043
123622172,2017-12-26T00:27:38.65,BUY,0.08111747,0.0831253
123622181,2017-12-26T00:27:41.04,BUY,0.08111747,0.02509829
123622183,2017-12-26T00:27:41.353,BUY,0.08111747,0.04265331
123622185,2017-12-26T00:27:42.163,SELL,0.08070001,0.03465117
123622186,2017-12-26T00:27:42.163,SELL,0.08070001,0.0145254
123622191,2017-12-26T00:27:42.9,BUY,0.08070001,0.44996645
123622192,2017-12-26T00:27:42.9,BUY,0.08111746,0.15795809
123622193,2017-12-26T00:27:42.9,BUY,0.08111747,0.04370242
123622195,2017-12-26T00:27:43.417,BUY,0.08111747,0.12327796
123622197,2017-12-26T00:27:43.9,BUY,0.08111747,0.06045726
123622201,2017-12-26T00:27:46.18,BUY,0.08111746,0.02532081
123622204,2017-12-26T00:27:46.993,SELL,0.0807,1.91138752
123622207,2017-12-26T00:27:47.79,SELL,0.0807,0.49914302
123622209,2017-12-26T00:27:47.993,BUY,0.08111746,0.03896673
123622210,2017-12-26T00:27:48.04,SELL,0.08111746,0.16734372
123622213,2017-12-26T00:27:49.273,BUY,0.08070001,2.68679283
123622215,2017-12-26T00:27:50.023,BUY,0.08070001,0.49311209
123622216,2017-12-26T00:27:50.587,SELL,0.0807,0.16734372
123622223,2017-12-26T00:27:52.213,BUY,0.08070001,0.06109888
123622225,2017-12-26T00:27:52.963,BUY,0.08070001,0.21725301
123622229,2017-12-26T00:27:53.963,BUY,0.08070001,0.02269739
123622232,2017-12-26T00:27:55.057,BUY,0.08070001,0.02230508
123622235,2017-12-26T00:27:55.54,BUY,0.08070001,0.00743048
123622253,2017-12-26T00:28:00.713,BUY,0.08070001,0.03807075
123622263,2017-12-26T00:28:03.197,BUY,0.08070001,0.02740024
123622265,2017-12-26T00:28:03.447,BUY,0.08070001,0.01461539
123622266,2017-12-26T00:28:03.447,BUY,0.08111746,0.10866257
123622277,2017-12-26T00:28:07.59,BUY,0.08111745,0.01875404
123622280,2017-12-26T00:28:08.447,BUY,0.08111745,0.12327796
123622282,2017-12-26T00:28:08.463,BUY,0.08111745,0.00821315
123622285,2017-12-26T00:28:08.917,BUY,0.08111745,0.02958673
123622290,2017-12-26T00:28:10.183,SELL,0.08111745,0.03289502
123622291,2017-12-26T00:28:10.197,SELL,0.08070001,0.02974622
123622292,2017-12-26T00:28:10.197,SELL,0.0807,0.0031488
123622300,2017-12-26T00:28:13.433,BUY,0.08070001,0.087675
123622301,2017-12-26T00:28:13.433,BUY,0.08111746,0.03560296
123622308,2017-12-26T00:28:15.76,BUY,0.08111745,0.07201792
123622311,2017-12-26T00:28:16.137,BUY,0.08111745,0.03540915
123622313,2017-12-26T00:28:16.527,BUY,0.08111745,0.02245559
123622315,2017-12-26T00:28:16.887,BUY,0.08111745,0.01974273
123622320,2017-12-26T00:28:18.09,SELL,0.08070001,0.01273643
123622321,2017-12-26T00:28:18.09,SELL,0.08070001,0.03201871
123622322,2017-12-26T00:28:18.09,SELL,0.0807,0.03131207
123622323,2017-12-26T00:28:18.09,SELL,0.08040013,0.04815639
123622324,2017-12-26T00:28:18.09,SELL,0.08040013,0.07524191
123622325,2017-12-26T00:28:18.09,SELL,0.08040012,0.01011785
123622326,2017-12-26T00:28:18.09,SELL,0.08040004,0.03855597
123622328,2017-12-26T00:28:18.433,BUY,0.08111746,0.01135909
123622329,2017-12-26T00:28:18.433,BUY,0.08111747,0.11255664
123622348,2017-12-26T00:28:21.497,BUY,0.08111744,0.01818031
123622363,2017-12-26T00:28:24.353,BUY,0.08111743,0.06045753
123622365,2017-12-26T00:28:24.387,BUY,0.08111743,0.04574007
123622367,2017-12-26T00:28:24.527,SELL,0.08111744,0.13922346
123622372,2017-12-26T00:28:25.497,SELL,0.08111744,0.02754747
123622374,2017-12-26T00:28:26.48,BUY,0.08111745,0.00759997
123622376,2017-12-26T00:28:27.043,BUY,0.08111745,0.08010347
123622377,2017-12-26T00:28:28.293,SELL,0.08111744,6.681e-05
123622389,2017-12-26T00:28:30.887,BUY,0.08111743,0.01287787
123622398,2017-12-26T00:28:34.06,BUY,0.08111743,0.03189786
123622400,2017-12-26T00:28:35.967,SELL,0.08111743,0.002575
123622404,2017-12-26T00:28:37.527,BUY,0.08111742,0.01445066
123622445,2017-12-26T00:28:58.497,BUY,0.08111738,0.12327811
123622488,2017-12-26T00:29:03.5,BUY,0.08111737,0.12327811
123622503,2017-12-26T00:29:04.593,BUY,0.08111737,0.02481503
123622558,2017-12-26T00:29:09.36,BUY,0.08111736,0.0572113
123622570,2017-12-26T00:29:10.517,BUY,0.08111736,0.02863912
123622572,2017-12-26T00:29:10.533,BUY,0.08111736,0.02509833
123622581,2017-12-26T00:29:10.987,BUY,0.08111736,0.02436408
123622600,2017-12-26T00:29:11.767,BUY,0.08111735,0.59870753
123622601,2017-12-26T00:29:11.767,BUY,0.08111736,0.05292031
123622612,2017-12-26T00:29:12.47,BUY,0.08111736,0.06045734
123622644,2017-12-26T00:29:14.267,SELL,0.08111736,0.07283311
123622658,2017-12-26T00:29:16.407,BUY,0.08111735,0.02532085
123622690,2017-12-26T00:29:19.033,BUY,0.08111735,0.01952169
123622694,2017-12-26T00:29:19.22,SELL,0.08111735,0.04491961
123622697,2017-12-26T00:29:19.83,SELL,0.08111735,0.14186943
123622706,2017-12-26T00:29:25.207,BUY,0.08111744,0.01235529
123622709,2017-12-26T00:29:25.737,SELL,0.08111744,0.08997282
123622715,2017-12-26T00:29:26.72,SELL,0.08111744,0.92665783
123622718,2017-12-26T00:29:26.8,SELL,0.08111744,1.65780755
123622719,2017-12-26T00:29:26.8,SELL,0.08111744,0.49311221
123622750,2017-12-26T00:29:29.517,BUY,0.08111744,0.02258059
123622783,2017-12-26T00:29:31.86,BUY,0.08111743,0.09167696
123622801,2017-12-26T00:29:33.22,BUY,0.08111743,0.03787484
123622814,2017-12-26T00:29:34.19,BUY,0.08111743,0.02959315
123622848,2017-12-26T00:29:36.91,BUY,0.08111743,0.01875405
123622871,2017-12-26T00:29:38.723,SELL,0.08111743,0.02958674
123622977,2017-12-26T00:29:51.41,BUY,0.08111744,0.14549965
123622984,2017-12-26T00:29:51.8,SELL,0.08111744,0.01077821
123623034,2017-12-26T00:29:55.253,BUY,0.08111746,0.19368518
123623090,2017-12-26T00:30:01.943,SELL,0.08040019,0.1190788
123623093,2017-12-26T00:30:02.147,SELL,0.08040018,0.12202547
123623098,2017-12-26T00:30:02.257,SELL,0.08040018,0.00235236
123623099,2017-12-26T00:30:02.257,SELL,0.08040016,0.07497454
123623100,2017-12-26T00:30:02.257,SELL,0.08040012,0.03562928
123623105,2017-12-26T00:30:02.567,SELL,0.08111746,0.02440831
123623144,2017-12-26T00:30:08.32,SELL,0.0804002,0.11384451
123623153,2017-12-26T00:30:10.223,BUY,0.08111746,0.01525837
123623167,2017-12-26T00:30:11.943,BUY,0.08111745,0.00837329
123623204,2017-12-26T00:30:14.223,BUY,0.08111745,0.01644751
123623261,2017-12-26T00:30:19.367,BUY,0.08111746,0.0159269
123623301,2017-12-26T00:30:21.977,BUY,0.08111746,0.00909003
123623316,2017-12-26T00:30:22.833,BUY,0.08111746,0.03049935
123623416,2017-12-26T00:30:29.727,SELL,0.08111743,0.0151496
123623417,2017-12-26T00:30:30.04,SELL,0.08111743,0.05968228
123623520,2017-12-26T00:30:40.07,BUY,0.08111744,0.03873705
123623533,2017-12-26T00:30:40.947,SELL,0.08040185,0.01243752
123623534,2017-12-26T00:30:40.947,SELL,0.08040185,0.01243752
123623535,2017-12-26T00:30:40.947,SELL,0.08040105,0.09386935
123623560,2017-12-26T00:30:42.82,BUY,0.08111742,0.00654644
123623569,2017-12-26T00:30:43.633,SELL,0.08040187,0.04093997
123623570,2017-12-26T00:30:43.633,SELL,0.08040105,0.08034271
123623574,2017-12-26T00:30:47.617,BUY,0.08111741,0.08454096
123623575,2017-12-26T00:30:47.617,BUY,0.08111741,0.038737
123623589,2017-12-26T00:30:48.71,BUY,0.0811174,0.05704936
123623590,2017-12-26T00:30:48.71,BUY,0.08111741,0.05771675
123623624,2017-12-26T00:30:53.603,BUY,0.08111742,0.12327796
123623652,2017-12-26T00:30:56.29,BUY,0.0811174,0.1303254
123623676,2017-12-26T00:30:58.68,BUY,0.0811174,0.04388666
123623677,2017-12-26T00:30:58.68,BUY,0.08111741,0.0793913
123623696,2017-12-26T00:31:00.07,BUY,0.0811174,0.53735894
123623732,2017-12-26T00:31:03.837,BUY,0.08111741,0.12327796
123623766,2017-12-26T00:31:05.883,BUY,0.08111742,0.01202467
123623770,2017-12-26T00:31:06.07,BUY,0.08111742,0.0112903
123623776,2017-12-26T00:31:06.48,BUY,0.08111742,0.01592691
123623792,2017-12-26T00:31:07.633,BUY,0.08111742,0.12327796
123623815,2017-12-26T00:31:08.837,BUY,0.08111742,0.12327796
123623819,2017-12-26T00:31:08.963,BUY,0.08111742,0.00909003
123623858,2017-12-26T00:31:12.323,SELL,0.08111742,0.01479658
123623859,2017-12-26T00:31:12.323,SELL,0.0811174,0.06355762
123623861,2017-12-26T00:31:12.633,BUY,0.08111735,0.12327796
123623875,2017-12-26T00:31:15.947,BUY,0.08111734,1.45422013
123623898,2017-12-26T00:31:18.637,BUY,0.08111734,0.12327811
123623904,2017-12-26T00:31:19.243,BUY,0.08111734,0.33
123623907,2017-12-26T00:31:20.417,SELL,0.08040113,0.12437636
123623908,2017-12-26T00:31:20.417,SELL,0.08040104,0.04190098
123623930,2017-12-26T00:31:22.637,BUY,0.08111733,0.12327811
123623946,2017-12-26T00:31:23.853,BUY,0.08111733,1.1e-07
123623947,2017-12-26T00:31:23.853,BUY,0.08111734,0.123278
123623971,2017-12-26T00:31:26.527,SELL,0.08040115,0.12085935
123623982,2017-12-26T00:31:27.387,BUY,0.08111733,0.00654644
123623988,2017-12-26T00:31:27.637,BUY,0.08111733,0.12327811
123623998,2017-12-26T00:31:28.667,BUY,0.08111733,0.12327811
123624000,2017-12-26T00:31:28.683,BUY,0.08111733,0.12327811
123624004,2017-12-26T00:31:28.747,BUY,0.08111733,0.02813445
123624005,2017-12-26T00:31:28.747,BUY,0.08111734,0.09514366
123624007,2017-12-26T00:31:28.887,BUY,0.08111734,0.12327811
123624042,2017-12-26T00:31:32.65,BUY,0.08111734,0.12327811
123622328,2017-12-26T00:28:18.433,BUY,0.08111746,0.01135909
123622329,2017-12-26T00:28:18.433,BUY,0.08111747,0.11255664
123622348,2017-12-26T00:28:21.497,BUY,0.08111744,0.01818031
123622363,2017-12-26T00:28:24.353,BUY,0.08111743,0.06045753
123622365,2017-12-26T00:28:24.387,BUY,0.08111743,0.04574007
123622367,2017-12-26T00:28:24.527,SELL,0.08111744,0.13922346
123622372,2017-12-26T00:28:25.497,SELL,0.08111744,0.02754747
123622374,2017-12-26T00:28:26.48,BUY,0.08111745,0.00759997
123622376,2017-12-26T00:28:27.043,BUY,0.08111745,0.08010347
123622377,2017-12-26T00:28:28.293,SELL,0.08111744,6.681e-05
123622389,2017-12-26T00:28:30.887,BUY,0.08111743,0.01287787
123622398,2017-12-26T00:28:34.06,BUY,0.08111743,0.03189786
123622400,2017-12-26T00:28:35.967,SELL,0.08111743,0.002575
123622404,2017-12-26T00:28:37.527,BUY,0.08111742,0.01445066
123622445,2017-12-26T00:28:58.497,BUY,0.08111738,0.12327811
123622488,2017-12-26T00:29:03.5,BUY,0.08111737,0.12327811
123622503,2017-12-26T00:29:04.593,BUY,0.08111737,0.02481503
123622558,2017-12-26T00:29:09.36,BUY,0.08111736,0.0572113
123622570,2017-12-26T00:29:10.517,BUY,0.08111736,0.02863912
123622572,2017-12-26T00:29:10.533,BUY,0.08111736,0.02509833
123622581,2017-12-26T00:29:10.987,BUY,0.08111736,0.02436408
123622600,2017-12-26T00:29:11.767,BUY,0.08111735,0.59870753
123622601,2017-12-26T00:29:11.767,BUY,0.08111736,0.05292031
123622612,2017-12-26T00:29:12.47,BUY,0.08111736,0.06045734
123622644,2017-12-26T00:29:14.267,SELL,0.08111736,0.07283311
123622658,2017-12-26T00:29:16.407,BUY,0.08111735,0.02532085
123622690,2017-12-26T00:29:19.033,BUY,0.08111735,0.01952169
123622694,2017-12-26T00:29:19.22,SELL,0.08111735,0.04491961
123622697,2017-12-26T00:29:19.83,SELL,0.08111735,0.14186943
123622706,2017-12-26T00:29:25.207,BUY,0.08111744,0.01235529
123622709,2017-12-26T00:29:25.737,SELL,0.08111744,0.08997282
123622715,2017-12-26T00:29:26.72,SELL,0.08111744,0.92665783
123622718,2017-12-26T00:29:26.8,SELL,0.08111744,1.65780755
123622719,2017-12-26T00:29:26.8,SELL,0.08111744,0.49311221
123622750,2017-12-26T00:29:29.517,BUY,0.08111744,0.02258059
123622783,2017-12-26T00:29:31.86,BUY,0.08111743,0.09167696
123622801,2017-12-26T00:29:33.22,BUY,0.08111743,0.03787484
123622814,2017-12-26T00:29:34.19,BUY,0.08111743,0.02959315
123622848,2017-12-26T00:29:36.91,BUY,0.08111743,0.01875405
123622871,2017-12-26T00:29:38.723,SELL,0.08111743,0.02958674
123622977,2017-12-26T00:29:51.41,BUY,0.08111744,0.14549965
123622984,2017-12-26T00:29:51.8,SELL,0.08111744,0.01077821
123623034,2017-12-26T00:29:55.253,BUY,0.08111746,0.19368518
123623090,2017-12-26T00:30:01.943,SELL,0.08040019,0.1190788
123623093,2017-12-26T00:30:02.147,SELL,0.08040018,0.12202547
123623098,2017-12-26T00:30:02.257,SELL,0.08040018,0.00235236
123623099,2017-12-26T00:30:02.257,SELL,0.08040016,0.07497454
123623100,2017-12-26T00:30:02.257,SELL,0.08040012,0.03562928
123623105,2017-12-26T00:30:02.567,SELL,0.08111746,0.02440831
123623144,2017-12-26T00:30:08.32,SELL,0.0804002,0.11384451
123623153,2017-12-26T00:30:10.223,BUY,0.08111746,0.01525837
123623167,2017-12-26T00:30:11.943,BUY,0.08111745,0.00837329
123623204,2017-12-26T00:30:14.223,BUY,0.08111745,0.01644751
123623261,2017-12-26T00:30:19.367,BUY,0.08111746,0.0159269
123623301,2017-12-26T00:30:21.977,BUY,0.08111746,0.00909003
123623316,2017-12-26T00:30:22.833,BUY,0.08111746,0.03049935
123623416,2017-12-26T00:30:29.727,SELL,0.08111743,0.0151496
123623417,2017-12-26T00:30:30.04,SELL,0.08111743,0.05968228
123623520,2017-12-26T00:30:40.07,BUY,0.08111744,0.03873705
123623533,2017-12-26T00:30:40.947,SELL,0.08040185,0.01243752
123623534,2017-12-26T00:30:40.947,SELL,0.08040185,0.01243752
123623535,2017-12-26T00:30:40.947,SELL,0.08040105,0.09386935
123623560,2017-12-26T00:30:42.82,BUY,0.08111742,0.00654644
123623569,2017-12-26T00:30:43.633,SELL,0.08040187,0.04093997
123623570,2017-12-26T00:30:43.633,SELL,0.08040105,0.08034271
123623574,2017-12-26T00:30:47.617,BUY,0.08111741,0.08454096
123623575,2017-12-26T00:30:47.617,BUY,0.08111741,0.038737
123623589,2017-12-26T00:30:48.71,BUY,0.0811174,0.05704936
123623590,2017-12-26T00:30:48.71,BUY,0.08111741,0.05771675
123623624,2017-12-26T00:30:53.603,BUY,0.08111742,0.12327796
123623652,2017-12-26T00:30:56.29,BUY,0.0811174,0.1303254
123623676,2017-12-26T00:30:58.68,BUY,0.0811174,0.04388666
123623677,2017-12-26T00:30:58.68,BUY,0.08111741,0.0793913
123623696,2017-12-26T00:31:00.07,BUY,0.0811174,0.53735894
123623732,2017-12-26T00:31:03.837,BUY,0.08111741,0.12327796
123623766,2017-12-26T00:31:05.883,BUY,0.08111742,0.01202467
123623770,2017-12-26T00:31:06.07,BUY,0.08111742,0.0112903
123623776,2017-12-26T00:31:06.48,BUY,0.08111742,0.01592691
123623792,2017-12-26T00:31:07.633,BUY,0.08111742,0.12327796
123623815,2017-12-26T00:31:08.837,BUY,0.08111742,0.12327796
123623819,2017-12-26T00:31:08.963,BUY,0.08111742,0.00909003
123623858,2017-12-26T00:31:12.323,SELL,0.08111742,0.01479658
123623859,2017-12-26T00:31:12.323,SELL,0.0811174,0.06355762
123623861,2017-12-26T00:31:12.633,BUY,0.08111735,0.12327796
123623875,2017-12-26T00:31:15.947,BUY,0.08111734,1.45422013
123623898,2017-12-26T00:31:18.637,BUY,0.08111734,0.12327811
123623904,2017-12-26T00:31:19.243,BUY,0.08111734,0.33
123623907,2017-12-26T00:31:20.417,SELL,0.08040113,0.12437636
123623908,2017-12-26T00:31:20.417,SELL,0.08040104,0.04190098
123623930,2017-12-26T00:31:22.637,BUY,0.08111733,0.12327811
123623946,2017-12-26T00:31:23.853,BUY,0.08111733,1.1e-07
123623947,2017-12-26T00:31:23.853,BUY,0.08111734,0.123278
123623971,2017-12-26T00:31:26.527,SELL,0.08040115,0.12085935
123623982,2017-12-26T00:31:27.387,BUY,0.08111733,0.00654644
123623988,2017-12-26T00:31:27.637,BUY,0.08111733,0.12327811
123623998,2017-12-26T00:31:28.667,BUY,0.08111733,0.12327811
123624000,2017-12-26T00:31:28.683,BUY,0.08111733,0.12327811
123624004,2017-12-26T00:31:28.747,BUY,0.08111733,0.02813445
123624005,2017-12-26T00:31:28.747,BUY,0.08111734,0.09514366
123624007,2017-12-26T00:31:28.887,BUY,0.08111734,0.12327811
123624042,2017-12-26T00:31:32.65,BUY,0.08111734,0.12327811
123624077,2017-12-26T00:31:37.34,BUY,0.08111734,1.15
123624087,2017-12-26T00:31:38.653,BUY,0.08111734,0.12327811
123624149,2017-12-26T00:31:46.95,BUY,0.08111733,0.12085935
123624153,2017-12-26T00:31:47.67,BUY,0.08111734,0.12327811
123624156,2017-12-26T00:31:48.183,SELL,0.08111733,0.11336923
123624165,2017-12-26T00:31:48.903,BUY,0.08111733,0.12327826
123624181,2017-12-26T00:31:49.56,BUY,0.08111733,0.23
123624214,2017-12-26T00:31:51.683,BUY,0.08111732,0.13032554
123624276,2017-12-26T00:31:56.073,BUY,0.08111732,0.53735947
123624312,2017-12-26T00:31:58.903,SELL,0.08041001,0.12085935
123624315,2017-12-26T00:31:58.933,BUY,0.08111732,0.12968118
123624322,2017-12-26T00:31:59.48,BUY,0.08111732,0.01129031
123624358,2017-12-26T00:32:01.717,SELL,0.08041002,0.04115775
123624359,2017-12-26T00:32:01.717,SELL,0.08041002,0.07687729
123624360,2017-12-26T00:32:01.763,SELL,0.08041002,0.11096513
123624361,2017-12-26T00:32:01.763,SELL,0.08041,0.00261418
123624372,2017-12-26T00:32:02.7,BUY,0.08111731,0.12195749
123624373,2017-12-26T00:32:02.7,BUY,0.08111732,0.00132077
123624396,2017-12-26T00:32:04.78,BUY,0.08111732,0.01762497
123624399,2017-12-26T00:32:05.153,SELL,0.08111731,0.02671773
123624400,2017-12-26T00:32:05.153,SELL,0.08111731,0.00927065
123624401,2017-12-26T00:32:05.153,SELL,0.08111731,0.0147966
123624408,2017-12-26T00:32:05.543,BUY,0.08102465,0.03200106
123624422,2017-12-26T00:32:06.467,BUY,0.08111732,0.21
123624497,2017-12-26T00:32:16.937,BUY,0.08111725,0.05081237
123624512,2017-12-26T00:32:17.467,BUY,0.08111725,0.02275681
123624518,2017-12-26T00:32:17.983,BUY,0.08111725,0.01882399
123624524,2017-12-26T00:32:18.7,BUY,0.08111725,0.12327826
123624526,2017-12-26T00:32:18.7,BUY,0.08111725,0.00959549
123624532,2017-12-26T00:32:19,BUY,0.08111725,0.01273182
123624540,2017-12-26T00:32:19.373,BUY,0.08111725,0.01428833
123624544,2017-12-26T00:32:19.577,BUY,0.08111725,0.88
123624557,2017-12-26T00:32:20.5,BUY,0.08111724,0.01342698
123624563,2017-12-26T00:32:20.95,BUY,0.08111724,0.02038469
123624572,2017-12-26T00:32:21.467,BUY,0.08111724,0.02904722
123624580,2017-12-26T00:32:21.78,BUY,0.08111724,0.02037495
123624618,2017-12-26T00:32:24.39,BUY,0.08111724,0.01468492
123624627,2017-12-26T00:32:24.92,BUY,0.08111724,0.0272222
123624649,2017-12-26T00:32:26.14,BUY,0.08111724,0.02094018
123624680,2017-12-26T00:32:30.03,BUY,0.08111723,0.02956819
123624684,2017-12-26T00:32:30.53,BUY,0.08111723,0.02334868
123624686,2017-12-26T00:32:30.86,BUY,0.08111723,0.01981293
123624718,2017-12-26T00:32:32.843,BUY,0.0811172,0.01356062
123624720,2017-12-26T00:32:32.907,BUY,0.0811172,0.43
123624729,2017-12-26T00:32:33.25,BUY,0.0811172,0.02007046
123624737,2017-12-26T00:32:33.763,BUY,0.0811172,0.12327841
123624758,2017-12-26T00:32:35.483,BUY,0.08111719,0.02032273
123624770,2017-12-26T00:32:36.767,BUY,0.08111719,0.01204751
123624780,2017-12-26T00:32:38.17,BUY,0.08111719,1.4492113
123624815,2017-12-26T00:32:40.64,BUY,0.08111719,0.01679817
123624821,2017-12-26T00:32:40.983,BUY,0.08111719,0.01583129
123624829,2017-12-26T00:32:41.53,BUY,0.08111719,0.03166678
123624833,2017-12-26T00:32:41.797,BUY,0.08111715,0.04810793
123624836,2017-12-26T00:32:42.03,BUY,0.08111715,0.03501675
123624847,2017-12-26T00:32:42.623,BUY,0.08111715,0.03331698
123624854,2017-12-26T00:32:42.92,BUY,0.08111715,0.0156571
123624861,2017-12-26T00:32:43.47,BUY,0.08111715,0.06373042
123624866,2017-12-26T00:32:43.75,BUY,0.08111715,0.12327841
123624868,2017-12-26T00:32:43.797,BUY,0.08111715,0.01821563
123624875,2017-12-26T00:32:44.123,BUY,0.08111715,0.01738818
123624900,2017-12-26T00:32:45.267,BUY,0.08111715,0.02161047
123624906,2017-12-26T00:32:45.593,BUY,0.08111714,0.01304003
123624953,2017-12-26T00:32:49.22,BUY,0.08111714,0.01459938
123624960,2017-12-26T00:32:49.53,BUY,0.08111714,0.01196701
123624967,2017-12-26T00:32:49.877,BUY,0.08111714,0.1709688
123625026,2017-12-26T00:32:52.423,BUY,0.08111714,0.01927829
123625053,2017-12-26T00:32:54.22,BUY,0.08111715,0.01083347
123625062,2017-12-26T00:32:56.377,SELL,0.08111714,0.28358581
123625063,2017-12-26T00:32:56.377,SELL,0.08111714,0.02486685
123625068,2017-12-26T00:32:57.69,BUY,0.08111687,0.01338817
123625116,2017-12-26T00:33:05.627,BUY,0.08111715,0.05856061
123625127,2017-12-26T00:33:07.97,BUY,0.08111715,0.01367109
123625133,2017-12-26T00:33:08.987,BUY,0.08111715,0.00953165
123625141,2017-12-26T00:33:09.47,BUY,0.08111715,0.10218308
123625143,2017-12-26T00:33:09.737,BUY,0.08111715,0.21353955
123625146,2017-12-26T00:33:10.05,BUY,0.08111715,0.02505093
123625149,2017-12-26T00:33:10.393,BUY,0.08111715,0.01355509
123625157,2017-12-26T00:33:10.83,BUY,0.08111715,0.02835011
123625161,2017-12-26T00:33:11.063,BUY,0.08111715,0.01137836
123625163,2017-12-26T00:33:11.11,BUY,0.08111715,0.01308108
123625168,2017-12-26T00:33:11.36,BUY,0.08111715,0.00941194
123625175,2017-12-26T00:33:11.877,BUY,0.08111715,0.10355788
123625185,2017-12-26T00:33:12.987,BUY,0.08111715,0.02296358
123625192,2017-12-26T00:33:13.643,BUY,0.08111715,0.0101923
123625195,2017-12-26T00:33:13.75,BUY,0.08111715,0.0453941
123625198,2017-12-26T00:33:13.813,BUY,0.08111715,0.19734884
123625212,2017-12-26T00:33:15.143,BUY,0.08111715,0.01956195
123625216,2017-12-26T00:33:15.55,BUY,0.08111715,0.03729211
123625220,2017-12-26T00:33:15.97,BUY,0.08111715,0.02446573
123625224,2017-12-26T00:33:16.957,BUY,0.08111715,0.02463659
123625229,2017-12-26T00:33:18.643,BUY,0.08111715,0.02248896
123625235,2017-12-26T00:33:19.377,BUY,0.08111715,0.02768502
123625239,2017-12-26T00:33:19.923,BUY,0.08111715,0.02967153
123625279,2017-12-26T00:33:26.02,BUY,0.08111715,0.00990641
123625287,2017-12-26T00:33:29.02,BUY,0.08111715,0.06998952
123625294,2017-12-26T00:33:30.173,BUY,0.08111715,0.0125336
123625297,2017-12-26T00:33:31.097,BUY,0.08111715,0.05214594
123625300,2017-12-26T00:33:31.503,BUY,0.08111715,0.02351956
123625302,2017-12-26T00:33:31.847,BUY,0.08111715,0.01570469
123625305,2017-12-26T00:33:32.33,BUY,0.08111715,0.01354905
123625313,2017-12-26T00:33:33.347,BUY,0.08111715,0.00678032
123625319,2017-12-26T00:33:37.317,BUY,0.08111715,0.01122426
123625320,2017-12-26T00:33:37.317,BUY,0.08111715,0.01338829
123625325,2017-12-26T00:33:38.707,BUY,0.08111715,0.001962
123625336,2017-12-26T00:33:40.283,BUY,0.08111719,0.00782855
123625340,2017-12-26T00:33:41.05,BUY,0.08111719,0.00910781
123625346,2017-12-26T00:33:41.83,BUY,0.08111719,0.00651995
123625355,2017-12-26T00:33:44.973,BUY,0.08111719,0.02001918
123625360,2017-12-26T00:33:46.097,BUY,0.08111719,0.03419374
123625362,2017-12-26T00:33:46.3,BUY,0.08111719,0.02187205
123625373,2017-12-26T00:33:49.863,BUY,0.08111719,0.00963914
123625391,2017-12-26T00:33:53.143,SELL,0.08111715,0.02209198
123625392,2017-12-26T00:33:53.143,SELL,0.08111715,0.04536242
123625393,2017-12-26T00:33:53.143,SELL,0.08111715,0.01750838
123625394,2017-12-26T00:33:53.143,SELL,0.08111715,0.0166585
123625405,2017-12-26T00:33:54.77,BUY,0.08111715,0.00669402
123625409,2017-12-26T00:33:55.77,BUY,0.08111715,0.05856061
123625418,2017-12-26T00:33:56.77,BUY,0.08111715,0.00913247
123625425,2017-12-26T00:33:58.6,BUY,0.08111715,0.01367109
123625430,2017-12-26T00:33:59.753,BUY,0.08111715,0.00953165
123625436,2017-12-26T00:34:00.177,BUY,0.08111715,0.08128888
123625444,2017-12-26T00:34:01.41,SELL,0.08111715,0.0208942
123625445,2017-12-26T00:34:01.41,SELL,0.08111715,0.02505093
123625446,2017-12-26T00:34:01.41,SELL,0.08111715,0.01355509
123625447,2017-12-26T00:34:01.41,SELL,0.08111714,0.00881244
123625448,2017-12-26T00:34:01.41,SELL,0.08042037,0.04137349
123625449,2017-12-26T00:34:01.41,SELL,0.08042034,0.18141559
123625450,2017-12-26T00:34:01.41,SELL,0.08042033,0.12434667
123625451,2017-12-26T00:34:01.41,SELL,0.08042032,22.11755159
123625458,2017-12-26T00:34:02.02,SELL,0.08111715,0.02835011
123625459,2017-12-26T00:34:02.02,SELL,0.08111715,0.01308108
123625485,2017-12-26T00:34:05.96,BUY,0.08111718,0.02296357
123625496,2017-12-26T00:34:07.35,BUY,0.08111718,0.04539408
123625502,2017-12-26T00:34:08.537,BUY,0.08111718,0.01455783
123625515,2017-12-26T00:34:12.38,BUY,0.08111719,0.02248894
123625517,2017-12-26T00:34:12.96,BUY,0.08111719,0.02768501
123625519,2017-12-26T00:34:13.74,BUY,0.08111719,0.02967152
123625529,2017-12-26T00:34:18.74,SELL,0.08111718,0.00391458
123625530,2017-12-26T00:34:18.74,SELL,0.08111718,0.01956195
123625531,2017-12-26T00:34:18.74,SELL,0.08111718,0.02446572
123625532,2017-12-26T00:34:18.74,SELL,0.08111718,0.0372921
123625533,2017-12-26T00:34:18.74,SELL,0.08111715,0.10355788
123625534,2017-12-26T00:34:18.74,SELL,0.08111715,0.02295335
123625535,2017-12-26T00:34:18.74,SELL,0.08042038,0.12434659
123625536,2017-12-26T00:34:18.74,SELL,0.08042038,7.13090783
123625540,2017-12-26T00:34:19.693,BUY,0.08111719,0.02463658
123625543,2017-12-26T00:34:20.46,BUY,0.08111719,0.01157326
123625549,2017-12-26T00:34:21.367,BUY,0.08111718,0.0233943
123625555,2017-12-26T00:34:22.18,SELL,0.08042041,0.12128268
123625559,2017-12-26T00:34:22.473,BUY,0.08111718,0.09988415
123625560,2017-12-26T00:34:22.473,BUY,0.08111718,0.0244072
123625561,2017-12-26T00:34:22.473,BUY,0.08111719,0.39701209
123625588,2017-12-26T00:34:24.63,BUY,0.08111719,0.01204085
123625591,2017-12-26T00:34:24.943,BUY,0.08111719,0.00693996
123625593,2017-12-26T00:34:25.07,BUY,0.08111719,0.45143576
123625595,2017-12-26T00:34:25.443,BUY,0.08111719,0.00693996
123625599,2017-12-26T00:34:25.93,BUY,0.08111719,0.01253359
123625604,2017-12-26T00:34:26.523,BUY,0.08111719,0.05214591
123625606,2017-12-26T00:34:26.913,BUY,0.08111719,0.02351955
123625608,2017-12-26T00:34:27.96,BUY,0.08111719,0.01354904
123625610,2017-12-26T00:34:28.007,BUY,0.08111719,0.01570469
123625655,2017-12-26T00:34:31.29,BUY,0.08111719,0.02461254
123625705,2017-12-26T00:34:34.273,BUY,0.08111719,0.02088522
123625728,2017-12-26T00:34:35.397,BUY,0.08111719,0.00739831
123625734,2017-12-26T00:34:35.647,SELL,0.08042047,0.12004801
123625765,2017-12-26T00:34:37.507,BUY,0.08111718,0.12111615
123625766,2017-12-26T00:34:37.507,BUY,0.08111719,0.25860509
123625780,2017-12-26T00:34:37.977,BUY,0.08111719,0.02001918
123625790,2017-12-26T00:34:38.443,BUY,0.08111719,0.02560086
123625860,2017-12-26T00:34:43.697,BUY,0.08111719,0.01849213
123625862,2017-12-26T00:34:43.837,BUY,0.08111719,0.60548107
123625863,2017-12-26T00:34:43.837,BUY,0.08111719,0.0326354
123625864,2017-12-26T00:34:43.837,BUY,0.0811172,0.40793254
123625918,2017-12-26T00:34:50.197,BUY,0.08111719,0.00913247
123625980,2017-12-26T00:34:56.21,SELL,0.0804301,0.06688146
123626014,2017-12-26T00:35:00.307,BUY,0.08111717,0.01847241
123626064,2017-12-26T00:35:03.057,BUY,0.08111716,0.01157326
123626076,2017-12-26T00:35:03.62,BUY,0.08111716,0.02339431
123626174,2017-12-26T00:35:12.12,BUY,0.08111716,0.0155318
123626206,2017-12-26T00:35:18.26,BUY,0.08111717,0.01204085
123626209,2017-12-26T00:35:18.667,BUY,0.08111717,0.00693996
123626265,2017-12-26T00:35:27.713,BUY,0.08111717,0.02088522
123626267,2017-12-26T00:35:27.917,BUY,0.08111717,0.00854302
123626268,2017-12-26T00:35:27.917,BUY,0.08111718,0.04058347
123626269,2017-12-26T00:35:27.917,BUY,0.08111719,0.07415192
123626295,2017-12-26T00:35:32.667,BUY,0.08111719,0.01202692
123626298,2017-12-26T00:35:32.887,BUY,0.08111719,0.12327841
123626302,2017-12-26T00:35:32.95,BUY,0.08111719,0.00875412
123626306,2017-12-26T00:35:33.387,BUY,0.08111719,0.00832918
123626311,2017-12-26T00:35:33.9,BUY,0.08111719,0.12327841
123626313,2017-12-26T00:35:34.103,BUY,0.08111719,0.12327841
123626327,2017-12-26T00:35:37.917,BUY,0.08111719,0.12327841
123626332,2017-12-26T00:35:38.9,BUY,0.08111719,0.12327841
123626335,2017-12-26T00:35:39.84,BUY,0.08111719,0.12327841
123626349,2017-12-26T00:35:42.62,BUY,0.08111719,0.01709675
123626385,2017-12-26T00:35:49.107,BUY,0.08111719,0.12327841
123626389,2017-12-26T00:35:50.777,BUY,0.08111719,0.00755977
123626416,2017-12-26T00:35:54.763,BUY,0.0811172,0.0204366
123626428,2017-12-26T00:35:57.95,BUY,0.0811172,0.12327841
123626429,2017-12-26T00:35:57.95,BUY,0.0811172,0.12327841
123626435,2017-12-26T00:35:58.467,BUY,0.0811172,0.02269691
123626455,2017-12-26T00:36:01.387,BUY,0.0811172,0.01223279
123626476,2017-12-26T00:36:05.263,BUY,0.0811172,0.01384244
123626481,2017-12-26T00:36:05.887,BUY,0.0811172,0.01483569
123626493,2017-12-26T00:36:07.92,BUY,0.0811172,0.12327841
123626495,2017-12-26T00:36:07.98,BUY,0.0811172,0.12327841
123626508,2017-12-26T00:36:08.95,BUY,0.0811172,0.12327841
123626555,2017-12-26T00:36:19.31,BUY,0.0811172,0.0291819
123626569,2017-12-26T00:36:21.077,BUY,0.0811172,0.00626674
123626573,2017-12-26T00:36:21.81,BUY,0.0811172,0.02607289
123626575,2017-12-26T00:36:22.047,BUY,0.0811172,0.01175977
123626646,2017-12-26T00:36:33.5,BUY,0.0811172,0.01230627
123626723,2017-12-26T00:36:54.22,BUY,0.0811172,0.27013392
123626759,2017-12-26T00:37:04.127,BUY,0.08111723,0.01384244
123626762,2017-12-26T00:37:04.487,BUY,0.08111723,0.0114766
123626765,2017-12-26T00:37:04.94,BUY,0.08111723,0.01483569
123626794,2017-12-26T00:37:10.613,BUY,0.08111723,0.01169714
123626804,2017-12-26T00:37:11.753,BUY,0.08111723,0.10426059
123626837,2017-12-26T00:37:19.973,BUY,0.08111723,0.00626673
123626849,2017-12-26T00:37:21.38,BUY,0.08111723,0.02607288
123626852,2017-12-26T00:37:21.677,BUY,0.08111723,0.01175977
123626874,2017-12-26T00:37:26.44,BUY,0.08111723,0.01230626
123626913,2017-12-26T00:37:36.44,SELL,0.08111719,0.02172046
123626914,2017-12-26T00:37:36.44,SELL,0.08111716,0.50577183
123626925,2017-12-26T00:37:38.647,BUY,0.08111723,0.33137967
123626999,2017-12-26T00:37:43.973,SELL,0.08068157,0.01249678
123627000,2017-12-26T00:37:43.973,SELL,0.08043109,0.03743824
123627001,2017-12-26T00:37:43.973,SELL,0.08043109,0.85716287
123627067,2017-12-26T00:37:50.41,BUY,0.08111719,0.25823746
123627160,2017-12-26T00:38:02.007,BUY,0.08111719,0.01169715
123627180,2017-12-26T00:38:03.93,BUY,0.08111719,0.10426064
123627188,2017-12-26T00:38:04.787,BUY,0.08111719,0.62580475
123627189,2017-12-26T00:38:04.787,BUY,0.08111723,0.19044839
123627197,2017-12-26T00:38:05.397,SELL,0.08111723,0.01023751
123627212,2017-12-26T00:38:07.46,SELL,0.08111723,2.41914405
123627254,2017-12-26T00:38:16.07,SELL,0.08111723,0.5498
123627284,2017-12-26T00:38:23.18,BUY,0.08111748,1.0
123627299,2017-12-26T00:38:28.447,SELL,0.08111748,0.3107898
123627319,2017-12-26T00:38:33.883,SELL,0.08111748,0.23880711
123627337,2017-12-26T00:38:40.477,BUY,0.08113999,0.07051409
123627395,2017-12-26T00:38:57.697,BUY,0.08114,0.00691928
123627417,2017-12-26T00:39:03.963,BUY,0.08114,0.30796319
123627419,2017-12-26T00:39:04.103,SELL,0.08111748,0.07973371
123627438,2017-12-26T00:39:08.853,BUY,0.08114,0.01303278
123627478,2017-12-26T00:39:17.76,BUY,0.08114,0.02833245
123627527,2017-12-26T00:39:30.637,SELL,0.08111748,0.22606905
123627528,2017-12-26T00:39:30.637,SELL,0.08111723,0.03874738
123627544,2017-12-26T00:39:39.98,SELL,0.08111723,0.02236446
123627549,2017-12-26T00:39:41.78,BUY,0.08114,0.012
123627585,2017-12-26T00:39:57.42,BUY,0.08114,0.35746557
123627598,2017-12-26T00:39:59.17,SELL,0.08111723,0.27518639
123627610,2017-12-26T00:40:02.92,SELL,0.08111723,0.03
123627637,2017-12-26T00:40:09.407,BUY,0.08114,0.01303278
123627674,2017-12-26T00:40:26.703,BUY,0.08114,0.02987912
123627700,2017-12-26T00:40:33.173,BUY,0.08114,0.12324377
123627705,2017-12-26T00:40:34.423,BUY,0.08114,0.12324377
123627707,2017-12-26T00:40:34.423,BUY,0.08114,0.12324377
123627709,2017-12-26T00:40:34.47,BUY,0.08114,0.12324377
123627720,2017-12-26T00:40:38.19,BUY,0.08114,0.12324377
123627722,2017-12-26T00:40:38.283,BUY,0.08114,0.12324377
123627724,2017-12-26T00:40:39.407,BUY,0.08114,0.12324377
123627734,2017-12-26T00:40:43.19,BUY,0.08114,0.12324377
123627750,2017-12-26T00:40:48.207,BUY,0.08114,0.12324377
123627758,2017-12-26T00:40:51.893,BUY,0.08114,0.0445202
123627771,2017-12-26T00:40:54.313,BUY,0.08114,0.12324377
123627773,2017-12-26T00:40:54.423,BUY,0.08114,0.12324377
123627776,2017-12-26T00:40:58.19,BUY,0.08114,0.12324377
123627777,2017-12-26T00:40:58.19,BUY,0.08114,0.12324377
123627787,2017-12-26T00:41:03.207,BUY,0.08114,0.12324377
123627797,2017-12-26T00:41:06.207,BUY,0.08114,1.15862674
123627843,2017-12-26T00:41:17.207,SELL,0.08111719,0.375
123627896,2017-12-26T00:41:27.973,BUY,0.08114,0.0121161
123627898,2017-12-26T00:41:28.333,BUY,0.08114,0.01351738
123627923,2017-12-26T00:41:33.677,BUY,0.08114,0.028772
123627937,2017-12-26T00:41:36.63,SELL,0.08111719,0.02468928
123627968,2017-12-26T00:41:45.803,SELL,0.08111719,0.01675535
123627973,2017-12-26T00:41:46.427,SELL,0.08111719,0.09786313
123628008,2017-12-26T00:41:53.147,BUY,0.08111719,0.0190014
123628078,2017-12-26T00:41:59.93,BUY,0.08111719,0.0067221
123628092,2017-12-26T00:42:01.35,SELL,0.08111719,0.00032536
123628093,2017-12-26T00:42:01.35,SELL,0.08068234,0.06257056
123628134,2017-12-26T00:42:06.24,SELL,0.08068256,0.057
123628141,2017-12-26T00:42:06.617,BUY,0.0811,0.03271008
123628168,2017-12-26T00:42:09.6,BUY,0.0811,0.01728992
123628195,2017-12-26T00:42:11.57,BUY,0.08114,0.01270335
123628205,2017-12-26T00:42:12.32,BUY,0.08114,0.01313606
123628210,2017-12-26T00:42:12.6,BUY,0.08114,0.01915738
123628226,2017-12-26T00:42:14.21,BUY,0.08114,0.00753611
123628254,2017-12-26T00:42:17.337,BUY,0.08114,1.25253768
123628255,2017-12-26T00:42:17.337,BUY,0.08114,1.20617565
123628300,2017-12-26T00:42:24.76,BUY,0.08114,0.00675869
123628310,2017-12-26T00:42:25.417,BUY,0.08114,0.00845908
123628322,2017-12-26T00:42:29.523,BUY,0.08114,0.01438625
123628392,2017-12-26T00:42:42.073,SELL,0.08111719,0.03271008
123628393,2017-12-26T00:42:42.073,SELL,0.0811,0.22110408
123628394,2017-12-26T00:42:42.073,SELL,0.0811,0.01254969
123628395,2017-12-26T00:42:42.073,SELL,0.0811,0.02311899
123628396,2017-12-26T00:42:42.073,SELL,0.0811,0.36074302
123628397,2017-12-26T00:42:42.073,SELL,0.08082163,0.01400709
123628398,2017-12-26T00:42:42.073,SELL,0.08068188,0.03580845
123628399,2017-12-26T00:42:42.073,SELL,0.08068187,0.07092241
123628400,2017-12-26T00:42:42.073,SELL,0.08058141,0.10803509
123628401,2017-12-26T00:42:42.09,SELL,0.08044502,0.06173794
123628402,2017-12-26T00:42:42.09,SELL,0.08044502,0.05926316
123628415,2017-12-26T00:42:43.777,BUY,0.08114,0.0094979
123628462,2017-12-26T00:42:47.947,BUY,0.08114,0.03055287
123628694,2017-12-26T00:43:05.277,BUY,0.08114,0.01254351
123628703,2017-12-26T00:43:05.683,BUY,0.08114,0.02310759
123628709,2017-12-26T00:43:06.357,BUY,0.08114,0.01270335
123628712,2017-12-26T00:43:06.51,BUY,0.08114,0.01313606
123628750,2017-12-26T00:43:10.09,BUY,0.08114,0.01915738
123628767,2017-12-26T00:43:11.997,BUY,0.08114,0.00753611
123628841,2017-12-26T00:43:18.637,BUY,0.08113998,0.12324381
123628842,2017-12-26T00:43:18.637,BUY,0.08113999,0.04752369
123628927,2017-12-26T00:43:25.577,BUY,0.08113999,0.00845908
123628965,2017-12-26T00:43:28.373,BUY,0.08113999,0.04425684
123629225,2017-12-26T00:43:57.08,BUY,0.08113998,0.03055288
123629420,2017-12-26T00:44:23.61,SELL,0.0806,0.09344766
123629625,2017-12-26T00:44:49.833,BUY,0.08113998,0.01462263
123629734,2017-12-26T00:44:59.677,BUY,0.08113992,1.4
123629898,2017-12-26T00:45:10.333,BUY,0.08113992,0.01155375
123629901,2017-12-26T00:45:10.49,BUY,0.08113992,0.00627176
123629905,2017-12-26T00:45:10.617,BUY,0.08113992,0.00635162
123629907,2017-12-26T00:45:12.63,SELL,0.08060012,0.01956205
123629908,2017-12-26T00:45:12.63,SELL,0.08060011,0.12603164
123629909,2017-12-26T00:45:12.63,SELL,0.08060008,0.05205197
123629916,2017-12-26T00:45:14.583,BUY,0.08060008,0.04874789
123629953,2017-12-26T00:45:18.52,BUY,0.0811399,0.46912707
123629954,2017-12-26T00:45:18.52,BUY,0.08113992,0.02974129
123629955,2017-12-26T00:45:18.52,BUY,0.08113992,0.0623398
123629956,2017-12-26T00:45:18.52,BUY,0.08114,0.19695145
123629957,2017-12-26T00:45:18.537,BUY,0.08114,0.10326939
123630082,2017-12-26T00:45:39.523,BUY,0.0811399,0.12324377
123630120,2017-12-26T00:45:44.21,BUY,0.0811399,0.12324377
123630122,2017-12-26T00:45:44.32,SELL,0.08060015,0.01237591
123630125,2017-12-26T00:45:44.68,BUY,0.08060015,0.03762409
123630126,2017-12-26T00:45:44.697,BUY,0.0811399,0.08285619
123630127,2017-12-26T00:45:44.697,BUY,0.08114,0.00276349
123630130,2017-12-26T00:45:44.743,BUY,0.08114,0.12324377
123630166,2017-12-26T00:45:48.477,BUY,0.08114,0.0059625
123630167,2017-12-26T00:45:48.493,BUY,0.08138358,0.11728127
123630171,2017-12-26T00:45:49.557,BUY,0.08138358,0.05749826
123630172,2017-12-26T00:45:49.557,BUY,0.08138358,0.06574551
123630175,2017-12-26T00:45:49.71,BUY,0.08138357,0.12324377
123630193,2017-12-26T00:45:53.853,SELL,0.08060014,0.05424924
123630194,2017-12-26T00:45:53.853,SELL,0.0806,0.39575076
123630197,2017-12-26T00:45:54.603,BUY,0.08138275,0.01234905
123630198,2017-12-26T00:45:54.603,BUY,0.08138357,0.11089472
123630219,2017-12-26T00:45:57.9,BUY,0.08138275,0.01234905
123630220,2017-12-26T00:45:57.9,BUY,0.08138357,0.0134505
123630249,2017-12-26T00:46:02.213,BUY,0.08138275,0.00625305
123630258,2017-12-26T00:46:02.557,BUY,0.08138275,0.006096
123630259,2017-12-26T00:46:02.587,SELL,0.08138275,0.00542327
123630264,2017-12-26T00:46:02.883,BUY,0.08138275,0.00633267
123630277,2017-12-26T00:46:05.29,BUY,0.08138275,0.01234905
123630278,2017-12-26T00:46:05.29,BUY,0.08138357,0.23765095
123631656,2017-12-26T00:48:19.74,BUY,0.08117635,0.19055014
123631664,2017-12-26T00:48:21.193,SELL,0.08060104,0.08093886
123631762,2017-12-26T00:48:32.74,BUY,0.08117635,0.01872306
123632011,2017-12-26T00:49:01.46,BUY,0.0811,0.29363957
123632016,2017-12-26T00:49:01.977,BUY,0.0811,0.0942397
123632072,2017-12-26T00:49:08.6,BUY,0.08109995,0.29122102
123632085,2017-12-26T00:49:10.01,BUY,0.08109995,0.287881
123632156,2017-12-26T00:49:19.51,BUY,0.081,0.00614994
123632177,2017-12-26T00:49:24.837,BUY,0.081,0.02231432
123632311,2017-12-26T00:49:46.603,BUY,0.081,0.88372055
123632316,2017-12-26T00:49:48.807,SELL,0.081,0.53248315
123632375,2017-12-26T00:49:59.95,BUY,0.081,0.01043494
123632391,2017-12-26T00:50:01.37,BUY,0.081,0.1652201
123632392,2017-12-26T00:50:01.37,BUY,0.08109994,1.04576451
123632410,2017-12-26T00:50:04.23,SELL,0.081,0.20914889
123632428,2017-12-26T00:50:08.84,BUY,0.08109994,0.02905783
123632447,2017-12-26T00:50:12.42,SELL,0.08070002,0.20914889
123632477,2017-12-26T00:50:19.187,BUY,0.08117635,0.34799643
123632497,2017-12-26T00:50:23.623,BUY,0.08117635,0.02904775
123632512,2017-12-26T00:50:29.17,BUY,0.0811763,0.0079501
123632514,2017-12-26T00:50:30.36,SELL,0.08070001,0.07030539
123632515,2017-12-26T00:50:30.36,SELL,0.0807,0.29497353
123632540,2017-12-26T00:50:34.983,BUY,0.08117628,0.01951666
123632578,2017-12-26T00:50:39.81,BUY,0.08117628,0.12330471
123632580,2017-12-26T00:50:39.81,BUY,0.08117628,0.12330471
123632628,2017-12-26T00:50:43.813,BUY,0.08117623,0.12330471
123632700,2017-12-26T00:50:49.97,BUY,0.08117622,0.09120702
123632701,2017-12-26T00:50:49.97,BUY,0.08117623,0.03209769
123632705,2017-12-26T00:50:50.093,BUY,0.08117623,0.0071532
123632741,2017-12-26T00:50:52.61,SELL,0.0807,0.2709102
123632742,2017-12-26T00:50:52.61,SELL,0.08060096,0.01240679
123632743,2017-12-26T00:50:52.61,SELL,0.08051842,0.71668301
123632764,2017-12-26T00:50:54.817,BUY,0.08117541,0.01238059
123632765,2017-12-26T00:50:54.817,BUY,0.08117623,0.11080822
123633080,2017-12-26T00:51:19.19,BUY,0.08117371,0.01238085
123633081,2017-12-26T00:51:19.19,BUY,0.08117453,0.06467977
123633111,2017-12-26T00:51:21.08,BUY,0.08117371,0.01238085
123633119,2017-12-26T00:51:22.77,SELL,0.08117446,0.12682222
123633128,2017-12-26T00:51:23.487,SELL,0.08117446,0.12682222
123633131,2017-12-26T00:51:23.58,SELL,0.08117446,0.01238085
123633137,2017-12-26T00:51:24.113,SELL,0.08117446,0.08953339
123633138,2017-12-26T00:51:24.113,SELL,0.08117371,0.12682222
123633139,2017-12-26T00:51:24.127,SELL,0.08052335,0.01241875
123633140,2017-12-26T00:51:24.127,SELL,0.08052335,0.01241875
123633141,2017-12-26T00:51:24.127,SELL,0.08052257,0.11436557
123633156,2017-12-26T00:51:25.16,SELL,0.08052416,0.01241863
123633157,2017-12-26T00:51:25.16,SELL,0.08052336,0.2979851
123633184,2017-12-26T00:51:27.38,BUY,0.08117366,0.01238086
123633185,2017-12-26T00:51:27.38,BUY,0.08117448,0.01666753
123633189,2017-12-26T00:51:27.55,BUY,0.08117448,0.28939218
123633213,2017-12-26T00:51:32.05,SELL,0.08052498,0.0124185
123633214,2017-12-26T00:51:32.05,SELL,0.08052418,0.12312161
123633215,2017-12-26T00:51:32.05,SELL,0.08052418,0.01241862
123633216,2017-12-26T00:51:32.05,SELL,0.08052341,3.10462795
123633227,2017-12-26T00:51:33.113,BUY,0.08117366,0.01238086
123633230,2017-12-26T00:51:33.253,SELL,0.08117366,0.00510375
123633281,2017-12-26T00:51:37.05,BUY,0.08117361,0.01238086
123633283,2017-12-26T00:51:37.08,SELL,0.08117366,0.00713643
123633351,2017-12-26T00:51:41.613,BUY,0.08117361,0.43
123633416,2017-12-26T00:51:49.833,BUY,0.08117361,0.02664598
123633433,2017-12-26T00:51:51.927,BUY,0.08117361,0.12
123633447,2017-12-26T00:51:55.1,BUY,0.08117361,0.00359373
123633448,2017-12-26T00:51:55.1,BUY,0.08117361,0.08360074
123633488,2017-12-26T00:51:57.71,BUY,0.08117361,0.0089757
123633514,2017-12-26T00:52:02.333,SELL,0.08052517,0.11909156
123633537,2017-12-26T00:52:04.74,BUY,0.08117361,0.01700085
123633590,2017-12-26T00:52:13.49,BUY,0.08117361,0.08348058
123633617,2017-12-26T00:52:15.32,BUY,0.08117361,0.45936021
123633667,2017-12-26T00:52:19.79,BUY,0.081173,0.01748462
123633862,2017-12-26T00:52:37.853,BUY,0.081173,0.02664618
123633863,2017-12-26T00:52:38.07,SELL,0.08052537,0.12195151
123633911,2017-12-26T00:52:44.04,BUY,0.08117295,0.10128569
123633912,2017-12-26T00:52:44.04,BUY,0.081173,0.16791897
123633913,2017-12-26T00:52:44.04,BUY,0.081173,0.34522378
123633947,2017-12-26T00:52:49.057,BUY,0.081173,0.00897577
123633997,2017-12-26T00:52:56.743,BUY,0.081173,0.08348121
123634063,2017-12-26T00:53:04.31,BUY,0.08117295,0.2
123634151,2017-12-26T00:53:10.433,BUY,0.08117295,0.02945612
123634204,2017-12-26T00:53:15.81,BUY,0.08117295,0.05568173
123634251,2017-12-26T00:53:20.06,BUY,0.08117295,0.01452442
123634293,2017-12-26T00:53:23.607,BUY,0.08117295,0.70033773
123634294,2017-12-26T00:53:23.607,BUY,0.08117295,0.33974043
123634319,2017-12-26T00:53:29.357,BUY,0.08117442,0.00975849
123634323,2017-12-26T00:53:29.73,SELL,0.081173,0.01718958
123634324,2017-12-26T00:53:29.73,SELL,0.08117295,1.55756783
123634327,2017-12-26T00:53:29.903,SELL,0.08117295,0.12169402
123634333,2017-12-26T00:53:30.857,BUY,0.08117442,0.0075817
123634341,2017-12-26T00:53:33.077,SELL,0.08117295,0.2
123634397,2017-12-26T00:53:44.217,SELL,0.081173,0.38468079
123634401,2017-12-26T00:53:44.28,BUY,0.08117442,0.10174236
123634402,2017-12-26T00:53:44.297,BUY,0.08117635,0.03628494
123634403,2017-12-26T00:53:44.297,BUY,0.08117635,1.0
123634404,2017-12-26T00:53:44.297,BUY,0.08138274,0.2
123634405,2017-12-26T00:53:44.297,BUY,0.08138357,0.01237591
123634406,2017-12-26T00:53:44.297,BUY,0.08138367,0.12195151
123634407,2017-12-26T00:53:44.297,BUY,0.08138368,0.98251835
123634415,2017-12-26T00:53:46.14,BUY,0.08138368,0.01581275
123634418,2017-12-26T00:53:46.36,BUY,0.08138368,0.01791367
123634459,2017-12-26T00:53:54.953,BUY,0.08138368,8.6087861
123634527,2017-12-26T00:54:10.11,BUY,0.08138368,2.50427293
123634532,2017-12-26T00:54:10.813,BUY,0.08138368,0.01468992
123634543,2017-12-26T00:54:14.783,SELL,0.081173,0.81294035
123634557,2017-12-26T00:54:17.207,BUY,0.08138367,0.00619829
123634591,2017-12-26T00:54:26.457,BUY,0.08138367,2.49783633
123634669,2017-12-26T00:54:45.147,BUY,0.08138367,2.49783664
123634697,2017-12-26T00:54:49.727,SELL,0.081173,0.1298
123634699,2017-12-26T00:54:50.693,BUY,0.08138367,0.015813
123634702,2017-12-26T00:54:50.93,BUY,0.08138367,0.00895683
123634811,2017-12-26T00:55:12.68,BUY,0.08138367,0.97335891
123634812,2017-12-26T00:55:12.68,BUY,0.08138367,1.30804888
123634813,2017-12-26T00:55:12.68,BUY,0.08138367,0.54992936
123634814,2017-12-26T00:55:12.68,BUY,0.08138368,0.0387414
123634820,2017-12-26T00:55:13.71,SELL,0.081173,0.5
123634861,2017-12-26T00:55:23.243,SELL,0.081173,0.05235271
123634874,2017-12-26T00:55:25.32,BUY,0.08138361,0.12287472
123634893,2017-12-26T00:55:28.79,BUY,0.08138361,0.0061983
123634896,2017-12-26T00:55:29.197,BUY,0.08138361,0.05907607
123634897,2017-12-26T00:55:29.197,BUY,0.08138368,0.06379865
123634910,2017-12-26T00:55:32.087,BUY,0.08138368,2.53071343
123634934,2017-12-26T00:55:35.133,BUY,0.08138368,0.12287472
123634937,2017-12-26T00:55:35.18,BUY,0.08138368,0.12287472
123634940,2017-12-26T00:55:35.54,BUY,0.08138368,0.26079232
123634943,2017-12-26T00:55:35.853,BUY,0.08138368,0.12287472
123634959,2017-12-26T00:55:38.65,SELL,0.081173,0.30373858
123634963,2017-12-26T00:55:39.073,BUY,0.08138368,0.12287472
123634982,2017-12-26T00:55:44.497,SELL,0.081173,0.12287472
123635010,2017-12-26T00:55:48.34,BUY,0.08138367,0.01359339
123635027,2017-12-26T00:55:51.667,BUY,0.08138367,1.04301999
123635238,2017-12-26T00:56:30.5,BUY,0.08138367,0.15369889
123635458,2017-12-26T00:57:23.207,BUY,0.08138366,0.10207596
123635599,2017-12-26T00:57:58.63,SELL,0.081173,0.54776284
123635607,2017-12-26T00:58:01.413,SELL,0.081173,3.34585001
123635608,2017-12-26T00:58:01.413,SELL,0.081173,0.69350272
123635630,2017-12-26T00:58:07.727,SELL,0.081173,0.08604204
123635639,2017-12-26T00:58:09.897,BUY,0.08138365,0.02396838
123635640,2017-12-26T00:58:09.897,BUY,0.08138366,0.502131
123635641,2017-12-26T00:58:09.897,BUY,0.08138366,0.50740338
123635690,2017-12-26T00:58:24.15,BUY,0.08138366,0.01894164
123635727,2017-12-26T00:58:40.4,BUY,0.08138365,0.0441524
123635728,2017-12-26T00:58:40.4,BUY,0.08138366,0.53852501
123635789,2017-12-26T00:58:56.963,BUY,0.08138366,0.01103108
123635814,2017-12-26T00:59:03.997,BUY,0.08138365,0.01843122
123635851,2017-12-26T00:59:13.027,BUY,0.08138366,0.01001073
123635859,2017-12-26T00:59:15.183,BUY,0.08138366,0.01128691
123635863,2017-12-26T00:59:15.637,BUY,0.08138366,0.00678809
123635868,2017-12-26T00:59:15.903,BUY,0.08138366,0.01068114
123635871,2017-12-26T00:59:16.683,SELL,0.08138365,0.18238621
123635890,2017-12-26T00:59:20.137,SELL,0.08138365,0.00018257
123635891,2017-12-26T00:59:20.137,SELL,0.081173,0.17891743
123635898,2017-12-26T00:59:20.827,BUY,0.08138366,0.01040835
123635911,2017-12-26T00:59:22.683,BUY,0.08138366,0.37953266
123635912,2017-12-26T00:59:22.683,BUY,0.08138366,0.15285164
123635913,2017-12-26T00:59:22.683,BUY,0.08138366,0.22751272
123635914,2017-12-26T00:59:22.683,BUY,0.08138366,1.00002186
123635928,2017-12-26T00:59:25.23,BUY,0.08138367,0.0185316
123635940,2017-12-26T00:59:28.17,BUY,0.08138367,0.01018079
123635943,2017-12-26T00:59:29.7,BUY,0.08138367,0.00771506
123635947,2017-12-26T00:59:30.873,BUY,0.08138367,0.00947082
123635949,2017-12-26T00:59:33.297,SELL,0.08138366,0.434
123635954,2017-12-26T00:59:34.547,SELL,0.08138366,0.11
123635957,2017-12-26T00:59:35.263,SELL,0.08138366,1.0
123635963,2017-12-26T00:59:37.467,SELL,0.08138366,1.0
123635983,2017-12-26T00:59:45.937,SELL,0.08138366,0.73252558
123635996,2017-12-26T00:59:53.313,SELL,0.08138366,0.5092
123636024,2017-12-26T01:00:05.377,SELL,0.08138366,0.3258588
123636025,2017-12-26T01:00:05.377,SELL,0.08138366,0.00747165
123636026,2017-12-26T01:00:05.377,SELL,0.08138366,0.02606955
123636031,2017-12-26T01:00:05.86,BUY,0.08138367,0.01001073
123636050,2017-12-26T01:00:09.86,BUY,0.08138367,0.01138508
123636066,2017-12-26T01:00:17.377,BUY,0.08138367,0.01468734
123636074,2017-12-26T01:00:20.783,BUY,0.08138367,0.02394805
123636113,2017-12-26T01:00:30.143,SELL,0.08138366,0.00330527
123636165,2017-12-26T01:00:46.833,SELL,0.081173,0.15028086
123636171,2017-12-26T01:00:49.677,BUY,0.081173,0.01955393
123636179,2017-12-26T01:00:50.44,BUY,0.08138366,0.12287472
123636180,2017-12-26T01:00:50.457,BUY,0.08138366,0.12287472
123636183,2017-12-26T01:00:50.567,BUY,0.08138366,0.12287472
123636188,2017-12-26T01:00:50.66,BUY,0.08138366,0.12287472
123636204,2017-12-26T01:00:55.427,BUY,0.08138366,0.12287472
123636225,2017-12-26T01:01:00.46,BUY,0.08138366,0.12287472
123636279,2017-12-26T01:01:17.117,BUY,0.08138366,0.25944641
123636280,2017-12-26T01:01:17.117,BUY,0.08138366,0.28120266
123636293,2017-12-26T01:01:21.18,BUY,0.08138365,0.03787714
123636322,2017-12-26T01:01:35.337,BUY,0.08138365,0.08460674
123636344,2017-12-26T01:01:41.4,SELL,0.081173,0.2096
123636376,2017-12-26T01:01:53.37,BUY,0.08138365,0.13929874
123636467,2017-12-26T01:02:19.92,BUY,0.08138358,0.09358208
123636469,2017-12-26T01:02:20.667,SELL,0.08138358,0.119339
123636482,2017-12-26T01:02:23.95,SELL,0.08138358,0.32772852
123636483,2017-12-26T01:02:24.01,SELL,0.081173,0.00361325
123636484,2017-12-26T01:02:24.01,SELL,0.081173,0.12288569
123636485,2017-12-26T01:02:24.01,SELL,0.08072267,0.12388094
123636486,2017-12-26T01:02:24.01,SELL,0.08072266,0.07802012
123636489,2017-12-26T01:02:24.95,BUY,0.08138364,0.01392909
123636674,2017-12-26T01:02:55.95,BUY,0.08138283,0.01234904
123636676,2017-12-26T01:02:56.093,SELL,0.08138283,0.07123112
123636764,2017-12-26T01:03:06.267,BUY,0.08138283,0.01131513
123636889,2017-12-26T01:03:20.22,BUY,0.08138283,0.01234904
123636890,2017-12-26T01:03:20.313,SELL,0.08138283,0.08361933
123636901,2017-12-26T01:03:21.173,SELL,0.08138283,0.01234904
123636914,2017-12-26T01:03:22.797,SELL,0.08138283,0.01234904
123636915,2017-12-26T01:03:23.173,SELL,0.08138283,0.2037263
123636918,2017-12-26T01:03:23.907,SELL,0.08069164,0.01239285
123636919,2017-12-26T01:03:23.907,SELL,0.08069084,0.21149327
123636921,2017-12-26T01:03:23.953,BUY,0.08069084,0.01588415
123636926,2017-12-26T01:03:25.343,BUY,0.080569,0.01239285
123636931,2017-12-26T01:03:26.86,BUY,0.080569,0.11690715
123637312,2017-12-26T01:04:26.99,BUY,0.08108283,0.10853099
123637326,2017-12-26T01:04:30.52,BUY,0.08108283,0.86505869
123637644,2017-12-26T01:05:21.057,BUY,0.08108283,0.0434124
123637759,2017-12-26T01:05:35.95,BUY,0.08108,0.12333071
123637891,2017-12-26T01:06:00.233,BUY,0.08108,6.876669
123637907,2017-12-26T01:06:02.25,BUY,0.08108,2.9e-07
123637908,2017-12-26T01:06:02.25,BUY,0.08108282,0.04190522
123637909,2017-12-26T01:06:02.25,BUY,0.08108283,3.86928549
123637942,2017-12-26T01:06:06.593,BUY,0.08108283,0.996443
123638002,2017-12-26T01:06:15.86,BUY,0.08108283,0.04459489
123638097,2017-12-26T01:06:33.5,SELL,0.08057314,0.30171727
123638218,2017-12-26T01:06:51.563,BUY,0.08108283,0.8274813
123638343,2017-12-26T01:07:06.567,BUY,0.08108283,0.014823
123638523,2017-12-26T01:07:31.227,BUY,0.08108283,0.01270948
123638612,2017-12-26T01:07:48.367,BUY,0.08108283,0.03652115
123638687,2017-12-26T01:07:55.773,BUY,0.08108283,0.1
123638916,2017-12-26T01:08:18.12,BUY,0.08108283,0.02675696
123639124,2017-12-26T01:08:42.59,BUY,0.08108283,0.1
123639368,2017-12-26T01:09:06.06,BUY,0.08108283,0.369
123639406,2017-12-26T01:09:09.843,BUY,0.08108283,0.14369185
123639456,2017-12-26T01:09:13.797,SELL,0.0805746,0.147
123639465,2017-12-26T01:09:14.14,BUY,0.08108283,0.0160542
123639614,2017-12-26T01:09:25.703,SELL,0.08057493,0.17011432
123640110,2017-12-26T01:10:11.38,BUY,0.08108283,1.83191768
123640111,2017-12-26T01:10:11.38,BUY,0.08108283,0.02859495
123640136,2017-12-26T01:10:14.787,SELL,0.08057642,0.01241057
123640137,2017-12-26T01:10:14.787,SELL,0.08057563,0.52265145
123640336,2017-12-26T01:10:30.99,BUY,0.081382,0.01234916
123640337,2017-12-26T01:10:30.99,BUY,0.08138282,0.11098155
123640344,2017-12-26T01:10:31.303,BUY,0.08138282,0.12333071
123640438,2017-12-26T01:10:37.1,BUY,0.081382,0.01234916
123640439,2017-12-26T01:10:37.1,BUY,0.081382,0.01234916
123640440,2017-12-26T01:10:37.1,BUY,0.08138282,0.27036541
123640673,2017-12-26T01:10:57.07,BUY,0.08138117,0.01234929
123640674,2017-12-26T01:10:57.07,BUY,0.08138199,0.28077204
123640830,2017-12-26T01:11:15.76,BUY,0.08138116,0.01797378
123640831,2017-12-26T01:11:15.76,BUY,0.08138117,0.01234929
123640832,2017-12-26T01:11:15.76,BUY,0.08138199,0.10680285
123640903,2017-12-26T01:11:21.9,BUY,0.08138117,0.01234929
123640904,2017-12-26T01:11:21.9,BUY,0.08138117,0.01164373
123641235,2017-12-26T01:11:55.67,BUY,0.08138117,0.00946988
123641322,2017-12-26T01:12:04.5,BUY,0.08138035,0.00677331
123641448,2017-12-26T01:12:15.077,BUY,0.08138035,0.01199675
123641570,2017-12-26T01:12:23.97,BUY,0.08138035,0.01234941
123641581,2017-12-26T01:12:24.813,SELL,0.08138035,0.00190661
123642082,2017-12-26T01:13:11.99,BUY,0.08138034,0.01234941
123642098,2017-12-26T01:13:13.24,SELL,0.08138035,0.00190661
123642608,2017-12-26T01:13:49.85,SELL,0.08061423,0.10067967
123642609,2017-12-26T01:13:49.85,SELL,0.08061412,0.01240477
123642610,2017-12-26T01:13:49.85,SELL,0.08061411,0.01240477
123642611,2017-12-26T01:13:49.85,SELL,0.08061335,0.01409708
123642612,2017-12-26T01:13:49.85,SELL,0.08061334,0.22566054
123642720,2017-12-26T01:14:04.523,SELL,0.08061425,0.47557719
123642860,2017-12-26T01:14:28.277,SELL,0.08061433,0.0355032
123642990,2017-12-26T01:14:42.09,SELL,0.08061594,0.01763
123643014,2017-12-26T01:14:44.42,SELL,0.08061595,0.64
123643335,2017-12-26T01:15:31.613,BUY,0.08137514,0.10995185
123643336,2017-12-26T01:15:31.627,BUY,0.08137784,0.01293299
123643361,2017-12-26T01:15:35.317,BUY,0.08137516,0.01409708
123643362,2017-12-26T01:15:35.317,BUY,0.08137784,0.01189692
123643363,2017-12-26T01:15:35.317,BUY,0.08137784,0.01234979
123643364,2017-12-26T01:15:35.317,BUY,0.08137867,0.08454105
123643378,2017-12-26T01:15:36.613,BUY,0.08137783,0.12288484
123643382,2017-12-26T01:15:37.487,SELL,0.08137516,0.01011623
123643415,2017-12-26T01:15:41.317,BUY,0.08137701,0.01234992
123643416,2017-12-26T01:15:41.317,BUY,0.08137783,0.11053492
123643478,2017-12-26T01:15:51.35,SELL,0.08061847,0.17926498
123643479,2017-12-26T01:15:51.35,SELL,0.08061846,0.0124041
123643480,2017-12-26T01:15:51.35,SELL,0.08061763,0.08403246
123643481,2017-12-26T01:15:51.35,SELL,0.08061599,0.27549084
123643482,2017-12-26T01:15:51.35,SELL,0.08061466,0.12404692
123643483,2017-12-26T01:15:51.35,SELL,0.08061466,1.23288448
123643484,2017-12-26T01:15:51.35,SELL,0.08061463,0.01241979
123643507,2017-12-26T01:15:58.02,BUY,0.081,0.1074074
123643593,2017-12-26T01:16:07.757,SELL,0.08061473,0.12164817
123643629,2017-12-26T01:16:12.537,SELL,0.08061473,1.08559363
123643699,2017-12-26T01:16:24.35,SELL,0.08061481,0.1
123643715,2017-12-26T01:16:26.617,SELL,0.0806148,0.00917166
123643716,2017-12-26T01:16:26.617,SELL,0.08061477,0.17859479
123643919,2017-12-26T01:16:52.04,SELL,0.08061486,0.07392731
123644017,2017-12-26T01:17:04.403,BUY,0.081,0.01234567
123644102,2017-12-26T01:17:15.967,BUY,0.081,0.01234567
123644709,2017-12-26T01:19:01.99,BUY,0.081,1.233513
123644721,2017-12-26T01:19:15.447,BUY,0.08093687,0.10406764
123644749,2017-12-26T01:19:31.387,SELL,0.08080008,0.12500904
123644750,2017-12-26T01:19:31.4,SELL,0.08080008,0.12500904
123644752,2017-12-26T01:19:33.417,BUY,0.08080008,0.00988254
123644780,2017-12-26T01:19:47.17,BUY,0.08080008,0.013
123644820,2017-12-26T01:20:03.763,BUY,0.08080008,0.02740641
123644823,2017-12-26T01:20:04.687,BUY,0.08080008,0.00739359
123644868,2017-12-26T01:20:18.89,SELL,0.08080008,0.00314217
123644877,2017-12-26T01:20:24.343,BUY,0.08080008,0.28456466
123644881,2017-12-26T01:20:29.78,BUY,0.08080008,0.71229317
123644882,2017-12-26T01:20:29.953,SELL,0.08080008,0.00819349
123644892,2017-12-26T01:20:31.36,BUY,0.081,0.01860395
123644899,2017-12-26T01:20:31.937,BUY,0.081,0.12376222
123644902,2017-12-26T01:20:32.25,BUY,0.081,0.02732494
123644903,2017-12-26T01:20:32.25,BUY,0.081,0.03163524
123644904,2017-12-26T01:20:32.25,BUY,0.081,0.04103982
123644908,2017-12-26T01:20:34.267,BUY,0.081,0.01234567
123644914,2017-12-26T01:20:36.94,BUY,0.081,0.01915865
123644915,2017-12-26T01:20:36.94,BUY,0.08137701,0.01234992
123644916,2017-12-26T01:20:36.94,BUY,0.08137701,0.09225365
123644935,2017-12-26T01:20:41.94,BUY,0.08137696,0.12288484
123644957,2017-12-26T01:20:46.86,BUY,0.08137694,0.01461507
123644963,2017-12-26T01:20:48.143,BUY,0.081377,0.10943185
123644964,2017-12-26T01:20:48.143,BUY,0.08137701,0.05039022
123644966,2017-12-26T01:20:48.72,SELL,0.08137701,0.675
123644971,2017-12-26T01:20:49.847,SELL,0.08137701,0.00035069
123644981,2017-12-26T01:20:52.27,SELL,0.08137694,0.029
123644993,2017-12-26T01:20:55.55,SELL,0.08137694,0.00178747
123645125,2017-12-26T01:21:28.677,SELL,0.0810515,0.01357161
123645126,2017-12-26T01:21:28.677,SELL,0.08080008,0.10695794
123645137,2017-12-26T01:21:30.163,BUY,0.08137694,0.00925889
123645208,2017-12-26T01:21:48.54,BUY,0.08137693,0.02192255
123645211,2017-12-26T01:21:48.773,BUY,0.08137693,0.01847243
123645249,2017-12-26T01:22:02.4,SELL,0.08137692,0.06457433
123645364,2017-12-26T01:22:37.293,BUY,0.08137692,0.02591041
123645395,2017-12-26T01:22:46.937,BUY,0.08137692,0.03508959
123645396,2017-12-26T01:22:46.937,BUY,0.08137692,0.1
123645398,2017-12-26T01:22:47.233,SELL,0.08137692,0.85966187
123645473,2017-12-26T01:23:04.657,BUY,0.08137692,0.00033813
123645482,2017-12-26T01:23:05.83,BUY,0.08137694,0.0065
123645494,2017-12-26T01:23:07.47,SELL,0.08137692,0.027
123645520,2017-12-26T01:23:13.783,SELL,0.08137692,0.23694792
123645536,2017-12-26T01:23:16.957,SELL,0.08137692,0.46
123645543,2017-12-26T01:23:18.487,SELL,0.08137692,0.068
123645544,2017-12-26T01:23:18.753,SELL,0.08137692,0.07537702
123645602,2017-12-26T01:23:35.893,SELL,0.0810515,0.01230699
123645603,2017-12-26T01:23:35.893,SELL,0.08087274,0.06356073
123645604,2017-12-26T01:23:35.893,SELL,0.08087274,0.04322384
123645613,2017-12-26T01:23:37.893,BUY,0.08136959,0.72607344
123645660,2017-12-26T01:23:49.897,SELL,0.08087274,0.26877713
123645662,2017-12-26T01:23:49.96,BUY,0.08136959,0.02771121
123645691,2017-12-26T01:23:57.46,SELL,0.08087274,0.04
123645734,2017-12-26T01:24:04.693,SELL,0.08087274,0.03907276
123645735,2017-12-26T01:24:04.693,SELL,0.08087271,0.05
123645736,2017-12-26T01:24:04.693,SELL,0.0808008,0.0300188
123645889,2017-12-26T01:24:39.807,BUY,0.08136959,0.01385554
123645903,2017-12-26T01:24:43.087,BUY,0.08136959,0.59690469
123645914,2017-12-26T01:24:48.62,BUY,0.08136959,0.012916
123645928,2017-12-26T01:24:53.887,BUY,0.08136959,0.1
123646040,2017-12-26T01:25:23.873,BUY,0.08136959,0.01443656
123646046,2017-12-26T01:25:25.967,BUY,0.08136959,0.12289602
123646051,2017-12-26T01:25:26.56,BUY,0.08136959,0.59690469
123646076,2017-12-26T01:25:31.92,BUY,0.08136959,0.12289602
123646081,2017-12-26T01:25:32.263,BUY,0.08136959,0.12289602
123646139,2017-12-26T01:25:47.06,BUY,0.08136959,0.00692777
123646203,2017-12-26T01:26:04.453,BUY,0.08136959,0.02652174
123646211,2017-12-26T01:26:07.987,SELL,0.0811,0.20046061
123646222,2017-12-26T01:26:11.44,BUY,0.08136959,3.62921884
123646223,2017-12-26T01:26:11.44,BUY,0.08136959,0.33869258
123646224,2017-12-26T01:26:11.44,BUY,0.08136959,0.94608858
123646236,2017-12-26T01:26:13.86,BUY,0.08136959,0.30676717
123646243,2017-12-26T01:26:14.97,BUY,0.08136959,3.06206906
123646276,2017-12-26T01:26:22.643,SELL,0.0811,1.52012313
123646342,2017-12-26T01:26:34.957,BUY,0.08136959,0.35814277
123646347,2017-12-26T01:26:35.91,SELL,0.0811,0.19921038
123646520,2017-12-26T01:27:11.49,SELL,0.08136,0.035
123646527,2017-12-26T01:27:13.757,SELL,0.08136,0.01118682
123646530,2017-12-26T01:27:14.587,SELL,0.08136,0.00421731
123646554,2017-12-26T01:27:21.257,BUY,0.08136,0.01078269
123646560,2017-12-26T01:27:22.883,SELL,0.08136,0.035
123646563,2017-12-26T01:27:23.727,SELL,0.08136,0.22404961
123646577,2017-12-26T01:27:26.93,BUY,0.08136,0.18449041
123646588,2017-12-26T01:27:29.977,BUY,0.08136,0.11939491
123646610,2017-12-26T01:27:39.227,BUY,0.08136,0.016048
123646665,2017-12-26T01:27:57.933,BUY,0.08136,0.05016212
123646672,2017-12-26T01:28:01.853,BUY,0.08136,3.67812217
123646697,2017-12-26T01:28:12.09,SELL,0.08110002,0.12045435
123646708,2017-12-26T01:28:16.887,SELL,0.08110002,0.072
123646723,2017-12-26T01:28:22.183,SELL,0.08110002,0.924784
123646724,2017-12-26T01:28:22.23,SELL,0.08110002,0.04101025
123646725,2017-12-26T01:28:22.23,SELL,0.0811,0.07280991
123646726,2017-12-26T01:28:22.23,SELL,0.08109903,0.92478384
123646739,2017-12-26T01:28:25.17,SELL,0.08109903,0.92479527
123646740,2017-12-26T01:28:25.37,SELL,0.08109903,0.25587144
123646759,2017-12-26T01:28:32.467,BUY,0.08136,0.18449041
123646761,2017-12-26T01:28:32.623,BUY,0.08136,0.06130162
123646772,2017-12-26T01:28:36.763,BUY,0.08136,0.04775799
123646792,2017-12-26T01:28:48.42,BUY,0.08136,2.0
123646823,2017-12-26T01:29:03.97,BUY,0.08136,0.03009722
123646869,2017-12-26T01:29:21.97,BUY,0.08128162,0.05699009
123646870,2017-12-26T01:29:21.97,BUY,0.08136,0.24966862
123646877,2017-12-26T01:29:24.267,BUY,0.08136,0.89811934
123646878,2017-12-26T01:29:24.267,BUY,0.08136,0.64807098
123646879,2017-12-26T01:29:24.267,BUY,0.081369,0.12621946
123646880,2017-12-26T01:29:24.267,BUY,0.08136959,0.16951724
123646899,2017-12-26T01:29:35.847,BUY,0.08136959,0.11068115
123646951,2017-12-26T01:29:55.91,BUY,0.08136959,0.30675185
123646955,2017-12-26T01:29:56.757,BUY,0.08136959,0.64
123646979,2017-12-26T01:30:05.147,BUY,0.08136959,0.30687504
123646989,2017-12-26T01:30:07.1,BUY,0.08136959,0.04835398
123647000,2017-12-26T01:30:09.85,BUY,0.08136959,0.30689037
123647007,2017-12-26T01:30:12.053,BUY,0.08136959,1.80120603
123647016,2017-12-26T01:30:15.6,BUY,0.08136959,0.7747468
123647017,2017-12-26T01:30:15.6,BUY,0.08136959,0.71956886
123647019,2017-12-26T01:30:16.35,BUY,0.08136959,0.30687504
123647027,2017-12-26T01:30:17.65,BUY,0.08136959,1.9235561
123647028,2017-12-26T01:30:17.65,BUY,0.08137692,0.1264439
123647047,2017-12-26T01:30:23.57,BUY,0.08137692,0.30692099
123647062,2017-12-26T01:30:28.243,BUY,0.08137692,0.11663511
123647063,2017-12-26T01:30:28.243,BUY,0.08137692,0.05
123647064,2017-12-26T01:30:28.243,BUY,0.08137694,0.01145364
123647065,2017-12-26T01:30:28.243,BUY,0.08137701,0.12883224
123647074,2017-12-26T01:30:31.07,BUY,0.08137701,0.01975509
123647082,2017-12-26T01:30:33.18,BUY,0.08137701,0.16297374
123647083,2017-12-26T01:30:33.18,BUY,0.08138033,0.14393465
123647107,2017-12-26T01:30:37.773,BUY,0.08138033,0.30691126
123647125,2017-12-26T01:30:43.587,BUY,0.08138035,0.30692675
123647137,2017-12-26T01:30:46.307,BUY,0.08138035,0.12287986
123647139,2017-12-26T01:30:47.29,BUY,0.08138035,0.12287986
123647146,2017-12-26T01:30:48.777,BUY,0.08138035,0.30691126
123647158,2017-12-26T01:30:51.307,BUY,0.08138035,0.12287986
