85931791,2017-12-25T23:58:24.23,BUY,7.1e-05,377.00663833
85931793,2017-12-25T23:58:25.027,SELL,7.091e-05,20.0
85931794,2017-12-25T23:58:25.027,SELL,7.09e-05,110.38297247
85931796,2017-12-25T23:58:25.213,BUY,7.1e-05,140.84507042
85931800,2017-12-25T23:58:25.743,BUY,7.1e-05,55.3709856
85931801,2017-12-25T23:58:26.04,SELL,7.091e-05,550.0
85931803,2017-12-25T23:58:26.4,BUY,7.1e-05,322.328885
85931805,2017-12-25T23:58:26.743,BUY,7.1e-05,16.59900582
85931807,2017-12-25T23:58:26.807,BUY,7.1e-05,451.35100299
85931809,2017-12-25T23:58:28.587,BUY,7.1e-05,566.6073
85931811,2017-12-25T23:58:28.603,BUY,7.1e-05,1314.105426
85931814,2017-12-25T23:58:30.29,BUY,7.1e-05,3527.42877081
85931818,2017-12-25T23:58:31.9,BUY,7.1e-05,18.30985915
85931820,2017-12-25T23:58:32.79,BUY,7.1e-05,100.0
85931822,2017-12-25T23:58:32.993,BUY,7.1e-05,1408.45070422
85931824,2017-12-25T23:58:34.73,SELL,7.091e-05,114.5945813
85931825,2017-12-25T23:58:34.93,SELL,7.091e-05,100.0
85931827,2017-12-25T23:58:35.823,BUY,7.1e-05,14.08450704
85931829,2017-12-25T23:58:36.167,BUY,7.1e-05,265.559937
85931830,2017-12-25T23:58:36.51,SELL,7.091e-05,1505.95934646
85931833,2017-12-25T23:58:36.603,SELL,7.091e-05,400.0
85931835,2017-12-25T23:58:37.26,BUY,7.1e-05,1687.944407
85931837,2017-12-25T23:58:37.73,BUY,7.1e-05,219.036005
85931843,2017-12-25T23:58:39.12,BUY,7.1e-05,685.21773032
85931846,2017-12-25T23:58:39.79,SELL,7.091e-05,142.49702214
85931847,2017-12-25T23:58:39.79,SELL,7.091e-05,57.50297786
85931855,2017-12-25T23:58:40.76,BUY,7.1e-05,1487.3639844
85931863,2017-12-25T23:58:44.79,SELL,7.092e-05,50.0
85931866,2017-12-25T23:58:46.137,BUY,7.1e-05,404.2527374
85931869,2017-12-25T23:58:47.323,SELL,7.092e-05,429.87685281
85931871,2017-12-25T23:58:52.027,BUY,7.1e-05,1852.089878
85931873,2017-12-25T23:58:52.04,BUY,7.1e-05,2910.094486
85931876,2017-12-25T23:58:54.637,SELL,7.092e-05,1374.92764443
85931880,2017-12-25T23:58:55.417,SELL,7.092e-05,106.26720346
85931886,2017-12-25T23:58:57.933,BUY,7.099e-05,96.0
85931887,2017-12-25T23:58:57.933,BUY,7.1e-05,198.513905
85931898,2017-12-25T23:59:00.057,BUY,7.1e-05,138.67754911
85931906,2017-12-25T23:59:01.463,BUY,7.092e-05,250.0
85931907,2017-12-25T23:59:01.463,BUY,7.1e-05,15.988259
85931926,2017-12-25T23:59:05.497,BUY,7.1e-05,102.01552709
85931927,2017-12-25T23:59:05.51,SELL,7.092e-05,18.18990023
85931930,2017-12-25T23:59:06.557,BUY,7.1e-05,280.0
85931934,2017-12-25T23:59:11.51,BUY,7.1e-05,1395.4552
85931941,2017-12-25T23:59:14.527,BUY,7.1e-05,15.09478873
85931943,2017-12-25T23:59:14.87,BUY,7.1e-05,50.0
85931945,2017-12-25T23:59:14.903,BUY,7.1e-05,3211.00950106
85931946,2017-12-25T23:59:14.903,BUY,7.1e-05,1930.02466266
85931947,2017-12-25T23:59:14.903,BUY,7.1e-05,99.98
85931948,2017-12-25T23:59:14.903,BUY,7.1e-05,150.0
85931949,2017-12-25T23:59:14.903,BUY,7.1e-05,969.71771283
85931950,2017-12-25T23:59:14.903,BUY,7.1e-05,1153.11592345
85931960,2017-12-25T23:59:18.107,BUY,7.1e-05,14.08450704
85931963,2017-12-25T23:59:18.667,BUY,7.1e-05,255.89657411
85931964,2017-12-25T23:59:18.887,SELL,7.093e-05,71.16827649
85931965,2017-12-25T23:59:18.887,SELL,7.092e-05,12.77272351
85931969,2017-12-25T23:59:21.213,BUY,7.1e-05,88.1329778
85931970,2017-12-25T23:59:21.213,BUY,7.1e-05,26.0
85931971,2017-12-25T23:59:21.213,BUY,7.1e-05,97.13462783
85931973,2017-12-25T23:59:21.277,BUY,7.1e-05,596.53841753
85931974,2017-12-25T23:59:21.277,BUY,7.1e-05,119.73963881
85931975,2017-12-25T23:59:21.59,SELL,7.092e-05,1014.5323182
85931980,2017-12-25T23:59:22.84,BUY,7.1e-05,180.26036119
85931981,2017-12-25T23:59:22.84,BUY,7.122e-05,415.61467562
85931987,2017-12-25T23:59:24.433,SELL,7.117e-05,348.0
85931989,2017-12-25T23:59:25.42,BUY,7.1e-05,13.50098592
85931999,2017-12-25T23:59:29.06,BUY,7.1e-05,638.49901408
85932001,2017-12-25T23:59:30.23,SELL,7.1e-05,58.81333465
85932007,2017-12-25T23:59:32.887,SELL,7.1e-05,800.0
85932016,2017-12-25T23:59:34.403,SELL,7.117e-05,67.04049206
85932017,2017-12-25T23:59:34.403,SELL,7.1e-05,432.95950794
85932019,2017-12-25T23:59:34.513,BUY,7.122e-05,271.9544
85932023,2017-12-25T23:59:35.433,BUY,7.122e-05,212.95847715
85932024,2017-12-25T23:59:35.73,SELL,7.1e-05,755.36395657
85932027,2017-12-25T23:59:36.34,SELL,7.1e-05,744.68458361
85932033,2017-12-25T23:59:37.607,SELL,7.1e-05,100.0
85932034,2017-12-25T23:59:38.45,SELL,7.1e-05,602.08029532
85932036,2017-12-25T23:59:40.09,BUY,7.122e-05,3135.42188045
85932044,2017-12-25T23:59:44.013,BUY,7.122e-05,98.28699803
85932050,2017-12-25T23:59:47.827,BUY,7.122e-05,301.75104835
85932051,2017-12-25T23:59:47.827,BUY,7.122e-05,31.26516143
85932052,2017-12-25T23:59:47.827,BUY,7.122e-05,297.89794942
85932054,2017-12-25T23:59:48.217,BUY,7.122e-05,500.0
85932058,2017-12-25T23:59:50.967,SELL,7.1e-05,141.15310043
85932061,2017-12-25T23:59:52.09,BUY,7.122e-05,202.10205058
85932064,2017-12-25T23:59:52.653,BUY,7.125e-05,100.301003
85932066,2017-12-25T23:59:54.357,SELL,7.122e-05,104.82167078
85932069,2017-12-25T23:59:55.247,BUY,7.125e-05,1354.32057472
85932070,2017-12-25T23:59:55.247,BUY,7.13e-05,401.93022528
85932073,2017-12-25T23:59:55.56,SELL,7.122e-05,23.29308412
85932075,2017-12-25T23:59:55.857,BUY,7.13e-05,5133.62544863
85932076,2017-12-25T23:59:55.857,BUY,7.13e-05,86.91095471
85932077,2017-12-25T23:59:55.857,BUY,7.133e-05,2081.42313369
85932080,2017-12-25T23:59:57.013,BUY,7.133e-05,1622.43157641
85932081,2017-12-25T23:59:57.013,BUY,7.135e-05,36.9271023
85932082,2017-12-25T23:59:57.013,BUY,7.141e-05,17.4086741
85932083,2017-12-25T23:59:57.013,BUY,7.145e-05,32.80267592
85932084,2017-12-25T23:59:57.013,BUY,7.148e-05,1501.6741285
85932088,2017-12-25T23:59:57.607,BUY,7.148e-05,969.2331715
85932097,2017-12-25T23:59:59.357,SELL,7.148e-05,2551.3703
85932099,2017-12-25T23:59:59.543,SELL,7.148e-05,29.0
85932103,2017-12-26T00:00:00.217,BUY,7.15e-05,50.0
85932104,2017-12-26T00:00:00.217,BUY,7.15e-05,2738.38276467
85932105,2017-12-26T00:00:00.217,BUY,7.15e-05,1123.41842565
85932106,2017-12-26T00:00:00.217,BUY,7.15e-05,48.56834282
85932107,2017-12-26T00:00:00.217,BUY,7.151e-05,364.0
85932108,2017-12-26T00:00:00.217,BUY,7.158e-05,8948.01547365
85932109,2017-12-26T00:00:00.23,SELL,7.148e-05,636.90842447
85932113,2017-12-26T00:00:00.89,SELL,7.133e-05,27.0
85932116,2017-12-26T00:00:01.48,SELL,7.133e-05,1095.00742661
85932118,2017-12-26T00:00:02.2,SELL,7.133e-05,1562.69150207
85932122,2017-12-26T00:00:02.543,SELL,7.151e-05,27.0
85932131,2017-12-26T00:00:03.92,SELL,7.151e-05,27.0
85932134,2017-12-26T00:00:05.013,SELL,7.151e-05,16.71037271
85932135,2017-12-26T00:00:05.013,SELL,7.133e-05,1161.5659689
85932137,2017-12-26T00:00:05.31,SELL,7.133e-05,27.0
85932140,2017-12-26T00:00:06.717,SELL,7.133e-05,27.0
85932142,2017-12-26T00:00:08.153,SELL,7.133e-05,4341.92312738
85932143,2017-12-26T00:00:08.153,SELL,7.133e-05,69.92206851
85932144,2017-12-26T00:00:08.17,SELL,7.122e-05,1185.0181882
85932145,2017-12-26T00:00:08.17,SELL,7.122e-05,100.12423757
85932146,2017-12-26T00:00:08.17,SELL,7.101e-05,1230.56336079
85932147,2017-12-26T00:00:08.17,SELL,7.1e-05,3582.12904684
85932148,2017-12-26T00:00:08.17,SELL,7.1e-05,665.70362825
85932149,2017-12-26T00:00:08.17,SELL,7.1e-05,618.23216606
85932150,2017-12-26T00:00:08.17,SELL,7.1e-05,241.60489648
85932151,2017-12-26T00:00:08.17,SELL,7.1e-05,144.37786901
85932152,2017-12-26T00:00:08.17,SELL,7.1e-05,23.0
85932153,2017-12-26T00:00:08.17,SELL,7.1e-05,933.47378033
85932156,2017-12-26T00:00:09.31,BUY,7.1e-05,234.88475008
85932160,2017-12-26T00:00:09.793,BUY,7.1e-05,169.323672
85932163,2017-12-26T00:00:09.967,BUY,7.1e-05,42.78508124
85932168,2017-12-26T00:00:11.233,BUY,7.1e-05,1005.83258471
85932169,2017-12-26T00:00:11.233,BUY,7.133e-05,772.60976077
85932180,2017-12-26T00:00:14.293,BUY,7.122e-05,25.91821419
85932181,2017-12-26T00:00:14.293,BUY,7.133e-05,515.45170312
85932182,2017-12-26T00:00:14.293,BUY,7.133e-05,1118.81766782
85932183,2017-12-26T00:00:14.293,BUY,7.15e-05,100.0
85932184,2017-12-26T00:00:14.293,BUY,7.151e-05,1365.54891771
85932194,2017-12-26T00:00:17.53,SELL,7.133e-05,1400.0
85932195,2017-12-26T00:00:17.53,SELL,7.103e-05,741.3113048
85932201,2017-12-26T00:00:20.7,BUY,7.133e-05,162.40754138
85932202,2017-12-26T00:00:20.7,BUY,7.148e-05,136.59245862
85932204,2017-12-26T00:00:21.733,BUY,7.133e-05,14.99342473
85932224,2017-12-26T00:00:31.297,BUY,7.133e-05,35.01360648
85932231,2017-12-26T00:00:34.657,BUY,7.133e-05,3.87423301
85932232,2017-12-26T00:00:34.657,BUY,7.133e-05,48.22560901
85932233,2017-12-26T00:00:34.657,BUY,7.133e-05,162.90015798
85932236,2017-12-26T00:00:35.827,BUY,7.133e-05,140.19346698
85932240,2017-12-26T00:00:36.343,BUY,7.133e-05,13.43852516
85932249,2017-12-26T00:00:39.687,BUY,7.133e-05,173.24625199
85932254,2017-12-26T00:00:45.453,SELL,7.122e-05,72.27158163
85932255,2017-12-26T00:00:45.453,SELL,7.122e-05,427.72841837
85932257,2017-12-26T00:00:45.81,BUY,7.133e-05,271.01278429
85932258,2017-12-26T00:00:45.81,BUY,7.133e-05,50.0
85932259,2017-12-26T00:00:45.81,BUY,7.133e-05,294.70183362
85932261,2017-12-26T00:00:46.81,BUY,7.133e-05,140.19346698
85932263,2017-12-26T00:00:46.827,BUY,7.133e-05,140.19346698
85932265,2017-12-26T00:00:46.843,BUY,7.133e-05,140.19346698
85932267,2017-12-26T00:00:46.89,BUY,7.133e-05,140.19346698
85932271,2017-12-26T00:00:48.843,SELL,7.122e-05,112.19065598
85932272,2017-12-26T00:00:48.843,SELL,7.122e-05,301.31881108
85932273,2017-12-26T00:00:48.843,SELL,7.11e-05,499.99813294
85932276,2017-12-26T00:00:50.733,BUY,7.133e-05,72.0
85932285,2017-12-26T00:00:58.313,SELL,7.122e-05,43.85862679
85932286,2017-12-26T00:00:58.313,SELL,7.122e-05,56.14137321
85932287,2017-12-26T00:00:59.593,SELL,7.122e-05,200.28455347
85932290,2017-12-26T00:01:01.047,BUY,7.133e-05,48.35560599
85932293,2017-12-26T00:01:01.187,BUY,7.133e-05,25.01869247
85932294,2017-12-26T00:01:01.187,BUY,7.133e-05,969.90461964
85932296,2017-12-26T00:01:01.187,BUY,7.133e-05,8.07769088
85932299,2017-12-26T00:01:01.42,BUY,7.133e-05,13.98429833
85932301,2017-12-26T00:01:02.373,BUY,7.133e-05,29.08587257
85932302,2017-12-26T00:01:02.483,SELL,7.122e-05,246.28115946
85932304,2017-12-26T00:01:03.267,BUY,7.122e-05,760.91246362
85932305,2017-12-26T00:01:03.267,BUY,7.133e-05,79.44136957
85932311,2017-12-26T00:01:06.72,BUY,7.133e-05,2.80105608
85932313,2017-12-26T00:01:08.517,SELL,7.133e-05,15.75354928
85932315,2017-12-26T00:01:10.423,BUY,7.133e-05,1378.37642976
85932316,2017-12-26T00:01:10.983,SELL,7.133e-05,165.94960198
85932317,2017-12-26T00:01:11.08,SELL,7.133e-05,165.37344569
85932318,2017-12-26T00:01:11.08,SELL,7.11e-05,175.26236372
85932326,2017-12-26T00:01:15.47,SELL,7.133e-05,8.0
85932328,2017-12-26T00:01:16.627,SELL,7.133e-05,1406.86012512
85932329,2017-12-26T00:01:16.627,SELL,7.133e-05,26.57016683
85932332,2017-12-26T00:01:17,BUY,7.133e-05,39.24866834
85932335,2017-12-26T00:01:17.36,BUY,7.133e-05,20.92732828
85932337,2017-12-26T00:01:17.377,BUY,7.133e-05,602.49643461
85932338,2017-12-26T00:01:17.377,BUY,7.133e-05,176.52267872
85932342,2017-12-26T00:01:19.86,SELL,7.134e-05,8.98217907
85932344,2017-12-26T00:01:20.14,BUY,7.133e-05,427.79328357
85932345,2017-12-26T00:01:20.14,BUY,7.15e-05,205.13019136
85932348,2017-12-26T00:01:24.283,BUY,7.15e-05,74.42919683
85932349,2017-12-26T00:01:24.283,BUY,7.15e-05,14.0
85932350,2017-12-26T00:01:24.283,BUY,7.15e-05,2045.67817138
85932351,2017-12-26T00:01:24.283,BUY,7.15e-05,564.58058836
85932356,2017-12-26T00:01:30.36,BUY,7.15e-05,17.3372028
85932357,2017-12-26T00:01:30.64,SELL,7.133e-05,699.0
85932362,2017-12-26T00:01:33.33,SELL,7.133e-05,200.0
85932364,2017-12-26T00:01:35.563,SELL,7.133e-05,921.1554367
85932365,2017-12-26T00:01:35.563,SELL,7.133e-05,42.31816487
85932366,2017-12-26T00:01:35.563,SELL,7.133e-05,4482.19649286
85932367,2017-12-26T00:01:36.89,SELL,7.133e-05,490.0
85932368,2017-12-26T00:01:37.127,SELL,7.133e-05,743.72053209
85932371,2017-12-26T00:01:40.453,BUY,7.15e-05,27.33748252
85932372,2017-12-26T00:01:42.377,SELL,7.14e-05,67.37867659
85932377,2017-12-26T00:01:52.47,SELL,7.14e-05,48.54740547
85932384,2017-12-26T00:02:01.97,SELL,7.141e-05,39.76101211
85932394,2017-12-26T00:02:05.143,SELL,7.14e-05,3107.29217529
85932396,2017-12-26T00:02:05.597,BUY,7.14e-05,53.80584755
85932400,2017-12-26T00:02:05.94,SELL,7.133e-05,201.37834703
85932407,2017-12-26T00:02:07.003,BUY,7.14e-05,1538.39874354
85932408,2017-12-26T00:02:07.003,BUY,7.141e-05,717.86059666
85932412,2017-12-26T00:02:10.41,SELL,7.133e-05,476.04041012
85932413,2017-12-26T00:02:10.487,SELL,7.133e-05,500.0
85932419,2017-12-26T00:02:14.143,BUY,7.141e-05,6.63479968
85932425,2017-12-26T00:02:19.94,BUY,7.141e-05,246.46408066
85932430,2017-12-26T00:02:21.08,BUY,7.141e-05,61.39018135
85932438,2017-12-26T00:02:24.707,SELL,7.134e-05,693.33950917
85932441,2017-12-26T00:02:25.16,BUY,7.141e-05,25.15698082
85932448,2017-12-26T00:02:29.02,SELL,7.134e-05,514.89327022
85932449,2017-12-26T00:02:29.02,SELL,7.133e-05,1232.19811142
85932450,2017-12-26T00:02:29.033,SELL,7.133e-05,72.71922533
85932451,2017-12-26T00:02:29.033,SELL,7.133e-05,412.57937449
85932452,2017-12-26T00:02:29.033,SELL,7.133e-05,169.61001854
85932454,2017-12-26T00:02:32.097,SELL,7.133e-05,423.0
85932458,2017-12-26T00:02:33.613,BUY,7.141e-05,8.67973673
85932473,2017-12-26T00:02:39.067,BUY,7.14e-05,51.58727489
85932475,2017-12-26T00:02:39.69,BUY,7.14e-05,170.26900535
85932477,2017-12-26T00:02:40.52,BUY,7.14e-05,35.0907563
85932481,2017-12-26T00:02:42.3,BUY,7.14e-05,333.13638151
85932483,2017-12-26T00:02:45.067,SELL,7.134e-05,68.5763233
85932485,2017-12-26T00:02:46.91,BUY,7.14e-05,6409.91658195
85932486,2017-12-26T00:02:46.91,BUY,7.14e-05,11.42208248
85932487,2017-12-26T00:02:46.91,BUY,7.141e-05,290.32920773
85932488,2017-12-26T00:02:46.91,BUY,7.141e-05,31.0
85932489,2017-12-26T00:02:46.91,BUY,7.149e-05,1488.45100896
85932509,2017-12-26T00:02:55.503,BUY,7.148e-05,13.98797034
85932511,2017-12-26T00:02:56.457,SELL,7.14e-05,13.68781513
85932512,2017-12-26T00:02:56.457,SELL,7.14e-05,106.19663866
85932513,2017-12-26T00:02:56.457,SELL,7.14e-05,209.55882353
85932514,2017-12-26T00:02:56.457,SELL,7.14e-05,15.96544848
85932516,2017-12-26T00:02:56.503,BUY,7.148e-05,53.48952273
85932517,2017-12-26T00:02:56.6,SELL,7.14e-05,5e-08
85932518,2017-12-26T00:02:56.6,SELL,7.14e-05,691.42898165
85932521,2017-12-26T00:02:57.787,SELL,7.14e-05,27.0
85932524,2017-12-26T00:03:00.037,SELL,7.14e-05,50.0
85932537,2017-12-26T00:03:04.363,BUY,7.148e-05,29.32820369
85932539,2017-12-26T00:03:04.55,BUY,7.148e-05,63.7059889
85932540,2017-12-26T00:03:04.55,BUY,7.15e-05,2.90209078
85932543,2017-12-26T00:03:10.16,SELL,7.14e-05,1903.725011
85932544,2017-12-26T00:03:10.16,SELL,7.134e-05,1096.274989
85932546,2017-12-26T00:03:11.96,SELL,7.134e-05,253.72430565
85932551,2017-12-26T00:03:13.41,SELL,7.145e-05,1384.920877
85932552,2017-12-26T00:03:14.24,SELL,7.145e-05,405.514015
85932554,2017-12-26T00:03:17.677,SELL,7.145e-05,100.12916153
85932555,2017-12-26T00:03:17.677,SELL,7.134e-05,125.41238519
85932558,2017-12-26T00:03:19.723,BUY,7.149e-05,274.85923727
85932561,2017-12-26T00:03:22.583,BUY,7.149e-05,25.12882921
85932566,2017-12-26T00:03:24.427,BUY,7.149e-05,40.00088019
85932578,2017-12-26T00:03:27.1,BUY,7.149e-05,854.68113407
85932580,2017-12-26T00:03:27.617,SELL,7.134e-05,83.12208006
85932581,2017-12-26T00:03:27.913,SELL,7.134e-05,166.24416012
85932590,2017-12-26T00:03:32.053,BUY,7.148e-05,75.0
85932595,2017-12-26T00:03:41.007,SELL,7.145e-05,609.8106
85932596,2017-12-26T00:03:41.913,SELL,7.145e-05,390.1894
85932597,2017-12-26T00:03:41.913,SELL,7.134e-05,6.64575668
85932598,2017-12-26T00:03:41.913,SELL,7.134e-05,375.2846647
85932599,2017-12-26T00:03:41.913,SELL,7.133e-05,693.5628851
85932600,2017-12-26T00:03:41.913,SELL,7.133e-05,52.0
85932601,2017-12-26T00:03:41.913,SELL,7.129e-05,58.24854332
85932602,2017-12-26T00:03:41.913,SELL,7.122e-05,500.0
85932603,2017-12-26T00:03:41.913,SELL,7.122e-05,3129.46950231
85932604,2017-12-26T00:03:41.913,SELL,7.122e-05,53.03494383
85932605,2017-12-26T00:03:41.913,SELL,7.122e-05,42.12299915
85932606,2017-12-26T00:03:41.913,SELL,7.11e-05,7749.33933484
85932607,2017-12-26T00:03:41.913,SELL,7.104e-05,370.46692251
85932608,2017-12-26T00:03:41.913,SELL,7.104e-05,204.71893008
85932609,2017-12-26T00:03:41.913,SELL,7.1e-05,200.0
85932610,2017-12-26T00:03:41.913,SELL,7.1e-05,100.0
85932611,2017-12-26T00:03:41.913,SELL,7.094e-05,298.80942054
85932618,2017-12-26T00:03:45.727,BUY,7.145e-05,106.1223233
85932620,2017-12-26T00:03:47.43,SELL,7.122e-05,30.0
85932621,2017-12-26T00:03:47.43,SELL,7.1e-05,280.0
85932626,2017-12-26T00:03:49.85,SELL,7.093e-05,17.75980333
85932627,2017-12-26T00:03:49.85,SELL,7.093e-05,37.24019667
85932631,2017-12-26T00:03:51.913,BUY,7.142e-05,291.09339573
85932645,2017-12-26T00:03:57.773,SELL,7.133e-05,639.41662869
85932651,2017-12-26T00:03:59.413,SELL,7.142e-05,10.0
85932655,2017-12-26T00:04:01.617,SELL,7.142e-05,9.447479
85932656,2017-12-26T00:04:01.617,SELL,7.142e-05,1493.78669735
85932657,2017-12-26T00:04:01.617,SELL,7.133e-05,0.00072365
85932659,2017-12-26T00:04:02.4,BUY,7.148e-05,209.58848248
85932663,2017-12-26T00:04:03.977,BUY,7.148e-05,29.32820369
85932666,2017-12-26T00:04:05.15,BUY,7.147e-05,207.50312715
85932669,2017-12-26T00:04:09.68,SELL,7.133e-05,463.45745279
85932670,2017-12-26T00:04:09.837,SELL,7.122e-05,50.16170072
85932671,2017-12-26T00:04:09.837,SELL,7.094e-05,721.922584
85932679,2017-12-26T00:04:16.867,BUY,7.133e-05,7.07213579
85932688,2017-12-26T00:04:22.133,SELL,7.091e-05,200.0
85932698,2017-12-26T00:04:25.01,SELL,7.091e-05,659.64215202
85932699,2017-12-26T00:04:25.01,SELL,7.094e-05,50.0
85932700,2017-12-26T00:04:25.01,SELL,7.09e-05,1281.27924798
85932703,2017-12-26T00:04:26.523,BUY,7.133e-05,203.79899234
85932707,2017-12-26T00:04:27.71,BUY,7.133e-05,6.68664898
85932709,2017-12-26T00:04:27.853,BUY,7.133e-05,19.0830295
85932710,2017-12-26T00:04:27.853,BUY,7.133e-05,29.37368296
85932727,2017-12-26T00:04:31.18,BUY,7.133e-05,3.62631704
85932728,2017-12-26T00:04:31.18,BUY,7.133e-05,9.04218387
85932743,2017-12-26T00:04:45.68,SELL,7.092e-05,2714.71542835
85932745,2017-12-26T00:04:45.807,BUY,7.111e-05,129.17924093
85932748,2017-12-26T00:04:47.323,BUY,7.111e-05,101.30756124
85932753,2017-12-26T00:04:50.26,BUY,7.111e-05,500.049421
85932755,2017-12-26T00:04:50.353,BUY,7.111e-05,58.06423331
85932759,2017-12-26T00:04:52.4,SELL,7.091e-05,600.0
85932762,2017-12-26T00:04:54.057,BUY,7.111e-05,210.94079594
85932764,2017-12-26T00:04:55.59,SELL,7.093e-05,92.32317461
85932770,2017-12-26T00:04:57.777,SELL,7.095e-05,50.0
85932771,2017-12-26T00:04:57.777,SELL,7.093e-05,1924.17878091
85932773,2017-12-26T00:04:59.433,BUY,7.111e-05,282.70724511
85932780,2017-12-26T00:05:01.15,BUY,7.111e-05,71.20775142
85932782,2017-12-26T00:05:01.637,SELL,7.09e-05,202.77489708
85932794,2017-12-26T00:05:06.12,BUY,7.091e-05,73.0
85932795,2017-12-26T00:05:06.12,BUY,7.095e-05,101.30419722
85932799,2017-12-26T00:05:06.963,BUY,7.095e-05,4208.2688792
85932803,2017-12-26T00:05:08.29,BUY,7.095e-05,400.0
85932807,2017-12-26T00:05:10.713,BUY,7.094e-05,71.20775142
85932808,2017-12-26T00:05:10.713,BUY,7.095e-05,55.79224858
85932809,2017-12-26T00:05:12.543,SELL,7.093e-05,14.0
85932812,2017-12-26T00:05:17.09,BUY,7.095e-05,2002.002
85932815,2017-12-26T00:05:18.76,BUY,7.095e-05,14.09443269
85932818,2017-12-26T00:05:18.853,BUY,7.095e-05,46.5116279
85932825,2017-12-26T00:05:22.353,BUY,7.095e-05,514.27625088
85932827,2017-12-26T00:05:22.997,BUY,7.095e-05,223.61911416
85932829,2017-12-26T00:05:23.2,BUY,7.095e-05,1122.20489418
85932831,2017-12-26T00:05:23.433,BUY,7.095e-05,786.86604738
85932833,2017-12-26T00:05:24.4,BUY,7.095e-05,830.00353265
85932834,2017-12-26T00:05:24.4,BUY,7.095e-05,69.91065935
85932836,2017-12-26T00:05:25.027,BUY,7.095e-05,704.72163495
85932841,2017-12-26T00:05:27.357,BUY,7.095e-05,140.62719729
85932848,2017-12-26T00:05:28.963,BUY,7.095e-05,84.74050841
85932849,2017-12-26T00:05:28.963,BUY,7.111e-05,65.25949159
85932851,2017-12-26T00:05:29.293,BUY,7.099e-05,1064.31064598
85932852,2017-12-26T00:05:29.293,BUY,7.111e-05,573.16390116
85932863,2017-12-26T00:05:36.433,BUY,7.111e-05,32.5745496
85932869,2017-12-26T00:05:37.607,BUY,7.111e-05,32.5745496
85932874,2017-12-26T00:05:38.09,BUY,7.111e-05,32.5745496
85932876,2017-12-26T00:05:38.62,BUY,7.111e-05,21.32597384
85932882,2017-12-26T00:05:41.183,BUY,7.111e-05,10.66635986
85932885,2017-12-26T00:05:42.92,BUY,7.111e-05,304.76557114
85932886,2017-12-26T00:05:43.043,SELL,7.102e-05,175.64154435
85932887,2017-12-26T00:05:43.043,SELL,7.095e-05,35.23608174
85932888,2017-12-26T00:05:43.043,SELL,7.095e-05,20.0
85932889,2017-12-26T00:05:43.043,SELL,7.095e-05,100.0
85932890,2017-12-26T00:05:43.043,SELL,7.093e-05,55.73500971
85932891,2017-12-26T00:05:43.043,SELL,7.093e-05,315.9038341
85932903,2017-12-26T00:05:49.247,BUY,7.111e-05,29.48066376
85932910,2017-12-26T00:05:53.84,SELL,7.093e-05,100.0
85932924,2017-12-26T00:06:03.077,BUY,7.109e-05,28.43790481
85932933,2017-12-26T00:06:06.763,BUY,7.111e-05,356.7081409
85932934,2017-12-26T00:06:06.763,BUY,7.111e-05,2814.69364164
85932935,2017-12-26T00:06:06.763,BUY,7.122e-05,786.86604738
85932936,2017-12-26T00:06:06.763,BUY,7.133e-05,100.0
85932937,2017-12-26T00:06:06.763,BUY,7.14e-05,204.0
85932938,2017-12-26T00:06:06.763,BUY,7.145e-05,2746.9451
85932939,2017-12-26T00:06:06.763,BUY,7.147e-05,3175.65948153
85932940,2017-12-26T00:06:06.763,BUY,7.147e-05,98.0
85932941,2017-12-26T00:06:06.763,BUY,7.147e-05,1403.8650049
85932942,2017-12-26T00:06:06.763,BUY,7.15e-05,9.12878125
85932943,2017-12-26T00:06:06.763,BUY,7.15e-05,320.84851259
85932944,2017-12-26T00:06:06.763,BUY,7.159e-05,2753.28528981
85932946,2017-12-26T00:06:07.153,SELL,7.109e-05,50.0
85932948,2017-12-26T00:06:08.403,SELL,7.109e-05,26.0
85932949,2017-12-26T00:06:08.733,SELL,7.109e-05,1841.43551378
85932959,2017-12-26T00:06:11.217,BUY,7.111e-05,29.83020916
85932965,2017-12-26T00:06:14.31,BUY,7.133e-05,1241.81893562
85932967,2017-12-26T00:06:14.747,SELL,7.111e-05,30.0
85932977,2017-12-26T00:06:16.95,SELL,7.111e-05,219.98390102
85932978,2017-12-26T00:06:16.95,SELL,7.111e-05,242.17058395
85932984,2017-12-26T00:06:19.763,BUY,7.111e-05,127.62570601
85932994,2017-12-26T00:06:21.17,BUY,7.111e-05,451.3949114
85932998,2017-12-26T00:06:21.547,SELL,7.109e-05,164.12798807
85932999,2017-12-26T00:06:21.547,SELL,7.109e-05,58.78604586
85933000,2017-12-26T00:06:21.547,SELL,7.109e-05,777.08596607
85933030,2017-12-26T00:06:29.763,BUY,7.111e-05,553.16656377
85933032,2017-12-26T00:06:30.077,SELL,7.109e-05,277.6360816
85933049,2017-12-26T00:06:34.797,SELL,7.11e-05,15.0
85933054,2017-12-26T00:06:37.217,BUY,7.111e-05,19.89467023
85933059,2017-12-26T00:06:38.077,BUY,7.111e-05,21.32597384
85933061,2017-12-26T00:06:38.827,BUY,7.111e-05,2711.90321678
85933062,2017-12-26T00:06:38.827,BUY,7.111e-05,3000.0
85933063,2017-12-26T00:06:38.827,BUY,7.111e-05,4129.71849343
85933070,2017-12-26T00:06:40.687,BUY,7.133e-05,62.47822019
85933081,2017-12-26T00:06:43.217,BUY,7.133e-05,159.25656629
85933083,2017-12-26T00:06:43.513,BUY,7.133e-05,63.36371955
85933090,2017-12-26T00:06:45.89,SELL,7.111e-05,350.0
85933110,2017-12-26T00:06:48.11,BUY,7.133e-05,9.62512267
85933114,2017-12-26T00:06:51.077,BUY,7.133e-05,14.69479882
85933144,2017-12-26T00:07:01.843,BUY,7.129e-05,255.26036001
85933145,2017-12-26T00:07:01.843,BUY,7.133e-05,229.65200444
85933151,2017-12-26T00:07:04.11,BUY,7.133e-05,84.22012196
85933155,2017-12-26T00:07:05.047,BUY,7.129e-05,16.81228095
85933158,2017-12-26T00:07:07.58,SELL,7.111e-05,422.0657703
85933168,2017-12-26T00:07:12.673,BUY,7.129e-05,28.06214055
85933170,2017-12-26T00:07:12.75,BUY,7.129e-05,5.1255785
85933171,2017-12-26T00:07:12.75,BUY,7.133e-05,8.21885626
85933172,2017-12-26T00:07:12.75,BUY,7.133e-05,27.79751586
85933173,2017-12-26T00:07:12.75,BUY,7.133e-05,51.18483563
85933187,2017-12-26T00:07:19,SELL,7.122e-05,73.59461876
85933191,2017-12-26T00:07:20.36,SELL,7.122e-05,970.55090146
85933192,2017-12-26T00:07:20.36,SELL,7.114e-05,29.44909854
85933195,2017-12-26T00:07:24.22,BUY,7.133e-05,154.33210369
85933198,2017-12-26T00:07:28.39,SELL,7.114e-05,100.0
85933199,2017-12-26T00:07:29.923,SELL,7.114e-05,2337.89837463
85933201,2017-12-26T00:07:30.11,BUY,7.114e-05,100.53231459
85933206,2017-12-26T00:07:33.72,BUY,7.114e-05,9.94307
85933208,2017-12-26T00:07:35.597,BUY,7.114e-05,1812.6879906
85933209,2017-12-26T00:07:35.597,BUY,7.114e-05,26.30448585
85933214,2017-12-26T00:07:36.783,SELL,7.115e-05,284.81265544
85933216,2017-12-26T00:07:36.97,SELL,7.115e-05,1448.04483086
85933217,2017-12-26T00:07:36.97,SELL,7.111e-05,3734.19653299
85933218,2017-12-26T00:07:36.97,SELL,7.111e-05,140.62719729
85933219,2017-12-26T00:07:36.97,SELL,7.111e-05,204.71893008
85933220,2017-12-26T00:07:36.97,SELL,7.111e-05,100.0
85933221,2017-12-26T00:07:36.97,SELL,7.111e-05,177.74465265
85933222,2017-12-26T00:07:36.97,SELL,7.11e-05,2861.48867461
85933227,2017-12-26T00:07:38.657,BUY,7.132e-05,10.93271996
85933228,2017-12-26T00:07:38.657,BUY,7.133e-05,85.57645641
85933229,2017-12-26T00:07:38.657,BUY,7.133e-05,3.49082363
85933233,2017-12-26T00:07:39.97,BUY,7.133e-05,140.0
85933235,2017-12-26T00:07:40.16,BUY,7.133e-05,599.26196272
85933255,2017-12-26T00:07:49.017,BUY,7.132e-05,8.0
85933256,2017-12-26T00:07:49.017,BUY,7.133e-05,608.54586205
85933257,2017-12-26T00:07:49.017,BUY,7.133e-05,60.0
85933259,2017-12-26T00:07:50.597,SELL,7.133e-05,58.62498985
85933260,2017-12-26T00:07:50.673,SELL,7.133e-05,500.0
85933266,2017-12-26T00:07:53.063,BUY,7.14e-05,14.68039216
85933267,2017-12-26T00:07:53.19,SELL,7.133e-05,1910.6952
85933272,2017-12-26T00:07:54.673,SELL,7.133e-05,28.0
85933273,2017-12-26T00:07:56.05,SELL,7.133e-05,28.0
85933279,2017-12-26T00:07:57.457,SELL,7.133e-05,28.0
85933284,2017-12-26T00:07:58.86,SELL,7.133e-05,28.0
85933285,2017-12-26T00:08:00.363,SELL,7.133e-05,28.0
85933286,2017-12-26T00:08:01.503,SELL,7.133e-05,1885.1339481
85933287,2017-12-26T00:08:01.817,SELL,7.114e-05,28.0
85933291,2017-12-26T00:08:07.423,BUY,7.133e-05,100.0
85933299,2017-12-26T00:08:12.737,SELL,7.115e-05,292.1417435
85933300,2017-12-26T00:08:12.737,SELL,7.114e-05,372.62118288
85933302,2017-12-26T00:08:13.08,BUY,7.114e-05,323.10870054
85933309,2017-12-26T00:08:16.533,SELL,7.114e-05,676.8864
85933312,2017-12-26T00:08:17.77,SELL,7.114e-05,0.00489946
85933313,2017-12-26T00:08:17.77,SELL,7.111e-05,28.09608635
85933314,2017-12-26T00:08:17.77,SELL,7.11e-05,302.02597575
85933320,2017-12-26T00:08:19.44,BUY,7.133e-05,1841.1339481
85933330,2017-12-26T00:08:23.99,BUY,7.114e-05,13.9823381
85933331,2017-12-26T00:08:23.99,BUY,7.133e-05,349.25673452
85933332,2017-12-26T00:08:24.427,SELL,7.11e-05,1733.57280639
85933333,2017-12-26T00:08:24.427,SELL,7.109e-05,12526.31973036
85933334,2017-12-26T00:08:24.427,SELL,7.109e-05,276.76791984
85933335,2017-12-26T00:08:24.427,SELL,7.109e-05,1955.91009697
85933339,2017-12-26T00:08:28.567,BUY,7.133e-05,71.12959519
85933341,2017-12-26T00:08:29.287,BUY,7.133e-05,32.05299313
85933352,2017-12-26T00:08:33.24,SELL,7.114e-05,89.2883058
85933353,2017-12-26T00:08:33.24,SELL,7.11e-05,1000.0
85933354,2017-12-26T00:08:33.24,SELL,7.109e-05,1303.17174295
85933356,2017-12-26T00:08:34.287,SELL,7.093e-05,80.20298945
85933363,2017-12-26T00:08:36.49,BUY,7.109e-05,600.0
85933373,2017-12-26T00:08:42.677,BUY,7.109e-05,255.03867844
85933381,2017-12-26T00:08:45.427,SELL,7.105e-05,393.52
85933387,2017-12-26T00:08:46.55,BUY,7.109e-05,1470.07951337
85933396,2017-12-26T00:08:52.567,BUY,7.133e-05,100.301003
85933397,2017-12-26T00:08:53.943,SELL,7.109e-05,2450.0158252
85933398,2017-12-26T00:08:55.787,SELL,7.109e-05,116.38080892
85933399,2017-12-26T00:08:55.787,SELL,7.095e-05,23.61919108
85933405,2017-12-26T00:08:57.927,SELL,7.095e-05,36.28974901
85933406,2017-12-26T00:08:57.96,SELL,7.095e-05,500.0
85933408,2017-12-26T00:08:58.927,BUY,7.133e-05,79.27211552
85933409,2017-12-26T00:08:59.71,SELL,7.095e-05,632.5758167
85933412,2017-12-26T00:09:01.88,SELL,7.095e-05,1737.71753708
85933413,2017-12-26T00:09:01.88,SELL,7.094e-05,2240.84474463
85933414,2017-12-26T00:09:01.88,SELL,7.093e-05,150.0
85933415,2017-12-26T00:09:01.88,SELL,7.093e-05,4232.38617158
85933416,2017-12-26T00:09:01.88,SELL,7.093e-05,2357.63479445
85933417,2017-12-26T00:09:01.88,SELL,7.093e-05,1670.1197487
85933418,2017-12-26T00:09:01.88,SELL,7.093e-05,704.920844
85933419,2017-12-26T00:09:01.88,SELL,7.093e-05,102.06493691
85933420,2017-12-26T00:09:01.88,SELL,7.093e-05,1404.92957746
85933421,2017-12-26T00:09:01.88,SELL,7.093e-05,89.52425083
85933422,2017-12-26T00:09:01.88,SELL,7.09e-05,3313.33551939
85933423,2017-12-26T00:09:01.88,SELL,7.09e-05,16650.44783357
85933424,2017-12-26T00:09:01.88,SELL,7.09e-05,2720.47358992
85933425,2017-12-26T00:09:01.88,SELL,7.09e-05,1343.94399013
85933426,2017-12-26T00:09:01.88,SELL,7.09e-05,1000.0
85933427,2017-12-26T00:09:01.88,SELL,7.09e-05,2113.5154
85933434,2017-12-26T00:09:04.583,BUY,7.095e-05,1203.89397939
85933436,2017-12-26T00:09:04.99,BUY,7.095e-05,25.3701198
85933438,2017-12-26T00:09:05.037,BUY,7.095e-05,485.86409995
85933441,2017-12-26T00:09:05.443,BUY,7.095e-05,389.03329169
85933448,2017-12-26T00:09:06.053,BUY,7.132e-05,13.93214636
85933459,2017-12-26T00:09:08.74,SELL,7.091e-05,18.77663759
85933460,2017-12-26T00:09:08.74,SELL,7.089e-05,1545.38561895
85933464,2017-12-26T00:09:09.617,BUY,7.095e-05,10.65117647
85933476,2017-12-26T00:09:16.43,BUY,7.11e-05,150.63190769
85933477,2017-12-26T00:09:16.43,BUY,7.132e-05,17.8730953
85933479,2017-12-26T00:09:18.38,SELL,7.109e-05,600.0
85933482,2017-12-26T00:09:20.867,BUY,7.132e-05,7.95577045
85933483,2017-12-26T00:09:20.867,BUY,7.133e-05,11.9149608
85933485,2017-12-26T00:09:21.46,SELL,7.11e-05,89.0
85933490,2017-12-26T00:09:24.977,SELL,7.11e-05,35.67790572
85933499,2017-12-26T00:09:29.63,SELL,7.132e-05,98.14918676
85933500,2017-12-26T00:09:29.63,SELL,7.111e-05,186.22648458
85933508,2017-12-26T00:09:35.413,SELL,7.111e-05,148.5322
85933510,2017-12-26T00:09:37.193,SELL,7.111e-05,57.76255909
85933511,2017-12-26T00:09:37.193,SELL,7.111e-05,41.42644091
85933518,2017-12-26T00:09:43.087,SELL,7.111e-05,38.57355909
85933519,2017-12-26T00:09:43.087,SELL,7.111e-05,1398.62591139
85933520,2017-12-26T00:09:43.087,SELL,7.11e-05,254.90746137
85933521,2017-12-26T00:09:43.087,SELL,7.11e-05,1307.89306815
85933523,2017-12-26T00:09:45.697,BUY,7.111e-05,491.06986713
85933525,2017-12-26T00:09:45.883,BUY,7.111e-05,334.44661355
85933526,2017-12-26T00:09:46.197,SELL,7.113e-05,872.09098978
85933527,2017-12-26T00:09:46.197,SELL,7.11e-05,3721.00030043
85933531,2017-12-26T00:09:47.633,BUY,7.132e-05,611.37708727
85933536,2017-12-26T00:09:50.977,BUY,7.132e-05,37.66757585
85933537,2017-12-26T00:09:51.633,SELL,7.11e-05,100.0
85933539,2017-12-26T00:09:53.447,BUY,7.132e-05,980.06784525
85933542,2017-12-26T00:09:55.1,SELL,7.11e-05,797.91722152
85933545,2017-12-26T00:09:58.96,SELL,7.11e-05,353.1803003
85933547,2017-12-26T00:10:01.807,SELL,7.11e-05,1000.0
85933566,2017-12-26T00:10:19.32,SELL,7.111e-05,702.27298562
85933573,2017-12-26T00:10:21.197,SELL,7.111e-05,297.72701438
85933574,2017-12-26T00:10:21.197,SELL,7.11e-05,2866.12763914
85933575,2017-12-26T00:10:21.197,SELL,7.11e-05,319.02785759
85933585,2017-12-26T00:10:25.633,SELL,7.109e-05,79.7852189
85933587,2017-12-26T00:10:26.197,BUY,7.11e-05,150.45158791
85933591,2017-12-26T00:10:27.277,SELL,7.109e-05,598.55174747
85933596,2017-12-26T00:10:29.527,SELL,7.109e-05,2952.06319453
85933600,2017-12-26T00:10:31.12,BUY,7.11e-05,140.23278642
85933602,2017-12-26T00:10:31.4,BUY,7.11e-05,140.23278642
85933603,2017-12-26T00:10:32.027,SELL,7.109e-05,7049.19297233
85933604,2017-12-26T00:10:32.37,SELL,7.109e-05,11.62102348
85933606,2017-12-26T00:10:33.29,SELL,7.109e-05,474.3288484
85933609,2017-12-26T00:10:35.213,SELL,7.109e-05,356.0
85933611,2017-12-26T00:10:36.853,SELL,7.109e-05,1040.38756975
85933617,2017-12-26T00:10:40.277,BUY,7.11e-05,167.45816031
85933618,2017-12-26T00:10:42.823,SELL,7.109e-05,580.85174072
85933619,2017-12-26T00:10:44.277,SELL,7.109e-05,175.11519577
85933621,2017-12-26T00:10:45.057,BUY,7.11e-05,74.81783122
85933622,2017-12-26T00:10:46.307,SELL,7.109e-05,632.16914451
85933623,2017-12-26T00:10:46.307,SELL,7.109e-05,2225.5219834
85933624,2017-12-26T00:10:46.307,SELL,7.109e-05,7709.81880908
85933625,2017-12-26T00:10:48.277,SELL,7.109e-05,9313.0316829
85933626,2017-12-26T00:10:48.293,SELL,7.109e-05,228.5275711
85933627,2017-12-26T00:10:48.62,SELL,7.109e-05,100.50144646
85933630,2017-12-26T00:10:49.433,BUY,7.11e-05,312.79372233
85933635,2017-12-26T00:10:51.997,SELL,7.11e-05,32.80739442
85933636,2017-12-26T00:10:51.997,SELL,7.109e-05,33.94777172
85933637,2017-12-26T00:10:51.997,SELL,7.109e-05,504.01897208
85933638,2017-12-26T00:10:51.997,SELL,7.109e-05,1000.0
85933656,2017-12-26T00:11:05.497,BUY,7.109e-05,24.78769108
85933658,2017-12-26T00:11:05.903,BUY,7.109e-05,335.52215326
85933660,2017-12-26T00:11:07.027,BUY,7.109e-05,1008.90466664
85933662,2017-12-26T00:11:07.73,BUY,7.109e-05,21.6064144
85933666,2017-12-26T00:11:10.56,BUY,7.109e-05,40.0
85933671,2017-12-26T00:11:16.37,BUY,7.109e-05,761.79208339
85933672,2017-12-26T00:11:16.37,BUY,7.109e-05,8.92883058
85933673,2017-12-26T00:11:16.37,BUY,7.109e-05,1100.0
85933690,2017-12-26T00:11:19.073,SELL,7.109e-05,79.93553844
85933693,2017-12-26T00:11:19.573,SELL,7.109e-05,17.24715956
85933695,2017-12-26T00:11:19.683,BUY,7.109e-05,56.9853982
85933700,2017-12-26T00:11:23.107,BUY,7.13e-05,31.6236151
85933701,2017-12-26T00:11:23.107,BUY,7.131e-05,117.76675326
85933702,2017-12-26T00:11:23.48,SELL,7.109e-05,42.53496673
85933703,2017-12-26T00:11:23.48,SELL,7.096e-05,142.39567997
85933704,2017-12-26T00:11:23.48,SELL,7.095e-05,9.22394112
85933707,2017-12-26T00:11:25.153,BUY,7.131e-05,234.56166707
85933708,2017-12-26T00:11:25.153,BUY,7.131e-05,200.0
85933709,2017-12-26T00:11:25.153,BUY,7.131e-05,199.75268338
85933712,2017-12-26T00:11:26.857,SELL,7.131e-05,22.32072457
85933719,2017-12-26T00:11:29.327,SELL,7.131e-05,20.0
85933740,2017-12-26T00:11:34.59,BUY,7.132e-05,58.23701102
85933741,2017-12-26T00:11:37.45,SELL,7.131e-05,10.0
85933744,2017-12-26T00:11:39.043,SELL,7.131e-05,51.02040766
85933746,2017-12-26T00:11:39.357,SELL,7.131e-05,437.8452
85933747,2017-12-26T00:11:39.45,SELL,7.131e-05,100.0
85933749,2017-12-26T00:11:40.2,BUY,7.132e-05,30.26746686
85933750,2017-12-26T00:11:40.607,SELL,7.131e-05,400.0
85933752,2017-12-26T00:11:41.437,SELL,7.131e-05,300.0
85933754,2017-12-26T00:11:42.89,SELL,7.131e-05,24.49931732
85933755,2017-12-26T00:11:42.89,SELL,7.13e-05,200.0
85933756,2017-12-26T00:11:42.89,SELL,7.109e-05,75.0
85933757,2017-12-26T00:11:42.89,SELL,7.095e-05,580.66527662
85933758,2017-12-26T00:11:42.89,SELL,7.095e-05,125.72141169
85933765,2017-12-26T00:11:43.39,SELL,7.109e-05,15.04290055
85933766,2017-12-26T00:11:43.39,SELL,7.095e-05,850.10647732
85933767,2017-12-26T00:11:43.39,SELL,7.095e-05,134.85062213
85933777,2017-12-26T00:11:47.983,BUY,7.13e-05,51.02040766
85933778,2017-12-26T00:11:47.983,BUY,7.131e-05,2735.25360033
85933779,2017-12-26T00:11:48.95,SELL,7.109e-05,1169.48408273
85933780,2017-12-26T00:11:48.95,SELL,7.095e-05,265.14937787
85933781,2017-12-26T00:11:48.95,SELL,7.092e-05,1631.3665394
85933784,2017-12-26T00:11:50.56,BUY,7.131e-05,35.39419436
85933789,2017-12-26T00:11:53.607,SELL,7.092e-05,50.0
85933791,2017-12-26T00:11:54.217,BUY,7.13e-05,28.096
85933792,2017-12-26T00:11:54.217,BUY,7.131e-05,171.98599175
85933799,2017-12-26T00:12:03.717,SELL,7.131e-05,8.43928602
85933800,2017-12-26T00:12:03.717,SELL,7.1e-05,15.0
85933801,2017-12-26T00:12:03.717,SELL,7.092e-05,2295.09221798
85933807,2017-12-26T00:12:08.907,SELL,7.109e-05,506.4003
85933810,2017-12-26T00:12:10.623,SELL,7.109e-05,196.93350222
85933816,2017-12-26T00:12:10.907,BUY,7.108e-05,309.46679778
85933817,2017-12-26T00:12:10.907,BUY,7.131e-05,956.42211051
85933822,2017-12-26T00:12:12.953,BUY,7.131e-05,810.50737279
85933827,2017-12-26T00:12:15.39,SELL,7.131e-05,1733.915354
85933828,2017-12-26T00:12:15.983,SELL,7.131e-05,36.06808298
85933829,2017-12-26T00:12:16.14,SELL,7.131e-05,1329.61756739
85933832,2017-12-26T00:12:18.437,BUY,7.131e-05,16.82793437
85933842,2017-12-26T00:12:21.53,SELL,7.109e-05,50.0
85933844,2017-12-26T00:12:23.03,BUY,7.131e-05,80.17206563
85933845,2017-12-26T00:12:23.03,BUY,7.131e-05,34.59837329
85933850,2017-12-26T00:12:25.64,BUY,7.131e-05,58.22068011
85933853,2017-12-26T00:12:27.047,SELL,7.109e-05,653.33380222
85933861,2017-12-26T00:12:35.11,SELL,7.095e-05,1078.11957448
85933864,2017-12-26T00:12:36.343,BUY,7.109e-05,13.98822045
85933865,2017-12-26T00:12:36.423,SELL,7.096e-05,27.54291045
85933877,2017-12-26T00:12:43.377,BUY,7.109e-05,432.15522875
85933879,2017-12-26T00:12:43.83,BUY,7.109e-05,281.33352088
85933881,2017-12-26T00:12:46.063,SELL,7.096e-05,31.0
85933889,2017-12-26T00:12:54.657,BUY,7.109e-05,209.79388671
85933891,2017-12-26T00:12:54.703,BUY,7.109e-05,85.55667074
85933894,2017-12-26T00:13:01.33,BUY,7.109e-05,159.79247957
85933895,2017-12-26T00:13:01.597,SELL,7.097e-05,10.0
85933896,2017-12-26T00:13:01.597,SELL,7.096e-05,10.0
85933898,2017-12-26T00:13:02.627,BUY,7.109e-05,12.06076804
85933902,2017-12-26T00:13:04.503,BUY,7.109e-05,32.40976227
85933903,2017-12-26T00:13:08.063,SELL,7.097e-05,169.0548
85933905,2017-12-26T00:13:11.44,SELL,7.097e-05,65.74357609
85933906,2017-12-26T00:13:11.44,SELL,7.096e-05,41.95408451
85933907,2017-12-26T00:13:11.44,SELL,7.096e-05,37.78222429
85933908,2017-12-26T00:13:11.44,SELL,7.096e-05,8.48091158
85933909,2017-12-26T00:13:11.44,SELL,7.096e-05,15.09400353
85933911,2017-12-26T00:13:12.8,BUY,7.107e-05,10.69714398
85933912,2017-12-26T00:13:12.8,BUY,7.108e-05,23.13501697
85933914,2017-12-26T00:13:12.97,BUY,7.108e-05,89.16144569
85933915,2017-12-26T00:13:12.97,BUY,7.109e-05,175.85048362
85933916,2017-12-26T00:13:13.283,SELL,7.096e-05,81.3571
85933922,2017-12-26T00:13:19.283,SELL,7.097e-05,2323.67466141
85933925,2017-12-26T00:13:20.19,SELL,7.097e-05,455.0
85933928,2017-12-26T00:13:21.737,BUY,7.109e-05,67.21669836
85933932,2017-12-26T00:13:22.817,BUY,7.107e-05,115.16880468
85933934,2017-12-26T00:13:22.957,BUY,7.107e-05,7.77197918
85933938,2017-12-26T00:13:24.707,SELL,7.099e-05,698.5945
85933941,2017-12-26T00:13:27.487,SELL,7.099e-05,195.6065
85933942,2017-12-26T00:13:29.19,SELL,7.099e-05,54.7698
85933944,2017-12-26T00:13:29.253,BUY,7.107e-05,51.765368
85933946,2017-12-26T00:13:29.707,BUY,7.107e-05,17.75700014
85933953,2017-12-26T00:13:32.597,BUY,7.107e-05,62.36655762
85933954,2017-12-26T00:13:33.973,SELL,7.099e-05,21.29937502
85933955,2017-12-26T00:13:33.973,SELL,7.099e-05,500.0
85933959,2017-12-26T00:13:35.347,BUY,7.099e-05,239.19354951
85933961,2017-12-26T00:13:36.817,BUY,7.099e-05,287.42875952
85933964,2017-12-26T00:13:37.77,SELL,7.097e-05,17.55656612
85933966,2017-12-26T00:13:38.817,BUY,7.099e-05,14.035458
85933968,2017-12-26T00:13:39.66,BUY,7.099e-05,73.90266235
85933969,2017-12-26T00:13:39.847,SELL,7.097e-05,1627.11716335
85933973,2017-12-26T00:13:41.88,BUY,7.099e-05,275.55891675
85933976,2017-12-26T00:13:42.753,BUY,7.099e-05,617.15403099
85933977,2017-12-26T00:13:42.753,BUY,7.099e-05,38.45909701
85933978,2017-12-26T00:13:42.753,BUY,7.099e-05,796.22126471
85933979,2017-12-26T00:13:42.753,BUY,7.099e-05,10.0
85933981,2017-12-26T00:13:43.787,SELL,7.099e-05,1348.43813698
85933982,2017-12-26T00:13:43.787,SELL,7.097e-05,3808.27366302
85933985,2017-12-26T00:13:44.567,SELL,7.099e-05,476.7510917
85933989,2017-12-26T00:13:47.253,SELL,7.097e-05,360.0
85933991,2017-12-26T00:13:48.207,BUY,7.099e-05,135.2489083
85933992,2017-12-26T00:13:48.207,BUY,7.107e-05,698.17029038
85933998,2017-12-26T00:13:51.91,SELL,7.107e-05,166.58080132
85933999,2017-12-26T00:13:51.91,SELL,7.099e-05,50.0
85934000,2017-12-26T00:13:51.91,SELL,7.097e-05,0.35874327
85934005,2017-12-26T00:13:53.317,BUY,7.097e-05,83.06045541
85934006,2017-12-26T00:13:53.317,BUY,7.108e-05,139.0336838
85934019,2017-12-26T00:13:58.24,SELL,7.108e-05,28.0
85934021,2017-12-26T00:13:58.363,SELL,7.108e-05,200.10282196
85934023,2017-12-26T00:13:59.71,SELL,7.107e-05,16.33169082
85934024,2017-12-26T00:13:59.71,SELL,7.107e-05,11.66830918
85934027,2017-12-26T00:14:00.27,SELL,7.107e-05,250.0
85934038,2017-12-26T00:14:06.27,SELL,7.107e-05,282.89233788
85934043,2017-12-26T00:14:08.287,SELL,7.1e-05,869.9116
85934045,2017-12-26T00:14:08.96,BUY,7.107e-05,79.39836171
85934050,2017-12-26T00:14:12.333,SELL,7.1e-05,243.5752
85934052,2017-12-26T00:14:12.367,BUY,7.107e-05,515.82887489
85934053,2017-12-26T00:14:12.367,BUY,7.107e-05,70.72205466
85934064,2017-12-26T00:14:14.223,SELL,7.1e-05,68.2011
85934066,2017-12-26T00:14:21.083,SELL,7.1e-05,26.5226226
85934072,2017-12-26T00:14:23.77,BUY,7.106e-05,279.02097902
85934076,2017-12-26T00:14:26.85,BUY,7.106e-05,140.1464547
85934085,2017-12-26T00:14:30.397,BUY,7.1e-05,100.0
85934087,2017-12-26T00:14:30.647,SELL,7.099e-05,153.86949222
85934091,2017-12-26T00:14:34.037,BUY,7.1e-05,8.8871831
85934095,2017-12-26T00:14:35.49,BUY,7.1e-05,33.87028169
85934096,2017-12-26T00:14:35.96,SELL,7.099e-05,83.6021492
85934105,2017-12-26T00:14:37.68,BUY,7.1e-05,100.0
85934113,2017-12-26T00:14:44.977,SELL,7.099e-05,20.0
85934117,2017-12-26T00:14:46.74,BUY,7.1e-05,7.78183099
85934120,2017-12-26T00:14:48.053,SELL,7.099e-05,53.10860404
85934121,2017-12-26T00:14:48.053,SELL,7.097e-05,28.0860131
85934122,2017-12-26T00:14:48.053,SELL,7.096e-05,3.54889647
85934123,2017-12-26T00:14:48.053,SELL,7.096e-05,50.0
85934124,2017-12-26T00:14:48.053,SELL,7.092e-05,1523.54124262
85934125,2017-12-26T00:14:48.053,SELL,7.092e-05,343.72500784
85934126,2017-12-26T00:14:48.053,SELL,7.091e-05,386.53765054
85934127,2017-12-26T00:14:48.053,SELL,7.09e-05,23.0
85934128,2017-12-26T00:14:48.053,SELL,7.088e-05,30.55181504
85934129,2017-12-26T00:14:48.053,SELL,7.088e-05,492.21698681
85934130,2017-12-26T00:14:48.07,SELL,7.087e-05,14.07506702
85934131,2017-12-26T00:14:48.07,SELL,7.087e-05,703.77657507
85934132,2017-12-26T00:14:48.07,SELL,7.086e-05,100.0
85934133,2017-12-26T00:14:48.07,SELL,7.086e-05,51.09139205
85934134,2017-12-26T00:14:48.07,SELL,7.085e-05,1224.97148811
85934135,2017-12-26T00:14:48.07,SELL,7.085e-05,8.88806724
85934136,2017-12-26T00:14:48.07,SELL,7.085e-05,400.0
85934137,2017-12-26T00:14:48.07,SELL,7.083e-05,1500.13001165
85934138,2017-12-26T00:14:48.07,SELL,7.083e-05,70.48086969
85934139,2017-12-26T00:14:48.07,SELL,7.083e-05,204.0
85934140,2017-12-26T00:14:48.07,SELL,7.082e-05,1821.91529864
85934141,2017-12-26T00:14:48.07,SELL,7.082e-05,352.61282124
85934142,2017-12-26T00:14:48.07,SELL,7.08e-05,178.58748275
85934143,2017-12-26T00:14:48.07,SELL,7.08e-05,192.5728697
85934144,2017-12-26T00:14:48.07,SELL,7.08e-05,1408.89379661
85934145,2017-12-26T00:14:48.07,SELL,7.08e-05,20680.34453499
85934161,2017-12-26T00:14:56.32,BUY,7.088e-05,14.08450704
85934165,2017-12-26T00:14:57.507,BUY,7.088e-05,200.3196649
85934172,2017-12-26T00:14:58.587,BUY,7.088e-05,300.38658046
85934177,2017-12-26T00:15:00.4,BUY,7.088e-05,2.8e-07
85934178,2017-12-26T00:15:00.4,BUY,7.097e-05,69.25241154
85934183,2017-12-26T00:15:01.337,BUY,7.097e-05,73.9234888
85934184,2017-12-26T00:15:01.76,SELL,7.08e-05,2358.71008365
85934185,2017-12-26T00:15:01.76,SELL,7.08e-05,81.14563877
85934186,2017-12-26T00:15:01.76,SELL,7.08e-05,817.10523859
85934187,2017-12-26T00:15:01.76,SELL,7.08e-05,1000.0
85934188,2017-12-26T00:15:01.76,SELL,7.08e-05,11.97563559
85934189,2017-12-26T00:15:01.76,SELL,7.08e-05,1231.0634034
85934191,2017-12-26T00:15:02.057,BUY,7.097e-05,153.30284077
85934195,2017-12-26T00:15:02.46,BUY,7.097e-05,670.37208761
85934198,2017-12-26T00:15:04.04,BUY,7.088e-05,60.51062125
85934202,2017-12-26T00:15:04.26,BUY,7.088e-05,609.56373735
85934203,2017-12-26T00:15:04.26,BUY,7.099e-05,750.0
85934205,2017-12-26T00:15:04.273,SELL,7.08e-05,55.41649615
85934211,2017-12-26T00:15:05.18,SELL,7.08e-05,2713.52010045
85934213,2017-12-26T00:15:05.68,BUY,7.08e-05,179.07407781
85934215,2017-12-26T00:15:06.273,BUY,7.08e-05,57.71215612
85934220,2017-12-26T00:15:08.413,BUY,7.08e-05,38.23402339
85934222,2017-12-26T00:15:08.43,BUY,7.08e-05,1581.59288951
85934224,2017-12-26T00:15:08.557,SELL,7.079e-05,231.97414889
85934225,2017-12-26T00:15:08.557,SELL,7.079e-05,36.3254697
85934226,2017-12-26T00:15:08.557,SELL,7.079e-05,91.70038141
85934234,2017-12-26T00:15:10.587,BUY,7.097e-05,119.04379547
85934237,2017-12-26T00:15:11.07,BUY,7.097e-05,1e-07
85934243,2017-12-26T00:15:12.807,BUY,7.1e-05,1474.73792538
85934248,2017-12-26T00:15:14.103,BUY,7.1e-05,1568.61735128
85934255,2017-12-26T00:15:18.087,BUY,7.1e-05,71.62716942
85934277,2017-12-26T00:15:23.883,SELL,7.099e-05,140.19346698
85934282,2017-12-26T00:15:27.79,BUY,7.1e-05,42.25352112
85934284,2017-12-26T00:15:29.167,BUY,7.1e-05,20.32211268
85934285,2017-12-26T00:15:29.667,SELL,7.099e-05,1059.80653302
85934291,2017-12-26T00:15:32.743,BUY,7.099e-05,140.84507042
85934293,2017-12-26T00:15:32.743,BUY,7.099e-05,140.84507042
85934294,2017-12-26T00:15:34.323,SELL,7.085e-05,625.9236415
85934306,2017-12-26T00:15:36.383,SELL,7.08e-05,141.24343785
85934307,2017-12-26T00:15:36.383,SELL,7.08e-05,100.0
85934314,2017-12-26T00:15:40.573,BUY,7.08e-05,70.62146892
85934318,2017-12-26T00:15:42.76,BUY,7.08e-05,28.55713589
85934320,2017-12-26T00:15:43.933,BUY,7.08e-05,50.0
85934322,2017-12-26T00:15:43.98,BUY,7.08e-05,1900.0
85934325,2017-12-26T00:15:46.713,BUY,7.08e-05,21.07407537
85934329,2017-12-26T00:15:50.51,SELL,7.079e-05,107.0
85934331,2017-12-26T00:15:53.23,SELL,7.079e-05,200.0
85934332,2017-12-26T00:15:54.293,SELL,7.079e-05,469.01865447
85934334,2017-12-26T00:15:54.417,BUY,7.079e-05,13.81896359
85934336,2017-12-26T00:15:56.84,BUY,7.079e-05,148.08179121
85934347,2017-12-26T00:15:59.557,BUY,7.079e-05,14.12429378
85934349,2017-12-26T00:16:00.84,BUY,7.079e-05,29.64458257
85934355,2017-12-26T00:16:03.31,BUY,7.079e-05,44.65668524
85934357,2017-12-26T00:16:03.98,BUY,7.079e-05,119.65502914
85934363,2017-12-26T00:16:09.167,SELL,7.079e-05,51.10135806
85934364,2017-12-26T00:16:09.167,SELL,7.079e-05,706.31445119
85934365,2017-12-26T00:16:09.167,SELL,7.079e-05,100.0
85934369,2017-12-26T00:16:10.59,BUY,7.079e-05,36.76724279
85934375,2017-12-26T00:16:12.62,SELL,7.078e-05,200.0
85934376,2017-12-26T00:16:12.62,SELL,7.078e-05,140.92964114
85934377,2017-12-26T00:16:12.62,SELL,7.078e-05,23.73593388
85934378,2017-12-26T00:16:12.62,SELL,7.078e-05,5276.92466728
85934386,2017-12-26T00:16:15.433,SELL,7.077e-05,1352.089
85934390,2017-12-26T00:16:17.37,BUY,7.078e-05,21.56483966
85934391,2017-12-26T00:16:18.137,SELL,7.077e-05,140.4666913
85934395,2017-12-26T00:16:19.387,BUY,7.078e-05,33.73594924
85934403,2017-12-26T00:16:23.73,SELL,7.077e-05,251.80292587
85934404,2017-12-26T00:16:23.73,SELL,7.077e-05,400.0
85934405,2017-12-26T00:16:23.73,SELL,7.077e-05,50.0
85934406,2017-12-26T00:16:23.73,SELL,7.077e-05,361.87749046
85934407,2017-12-26T00:16:23.73,SELL,7.077e-05,8564.85735163
85934410,2017-12-26T00:16:24.717,BUY,7.077e-05,40.03654153
85934412,2017-12-26T00:16:26.03,BUY,7.077e-05,58.17980328
85934422,2017-12-26T00:16:31.327,SELL,7.076e-05,32.06783493
85934424,2017-12-26T00:16:32.327,BUY,7.076e-05,7.06414241
85934426,2017-12-26T00:16:33.433,BUY,7.076e-05,31.3713488
85934427,2017-12-26T00:16:33.433,BUY,7.077e-05,103.19550157
85934430,2017-12-26T00:16:37.607,BUY,7.077e-05,277.32674812
85934432,2017-12-26T00:16:39.263,BUY,7.077e-05,1442.72363754
85934433,2017-12-26T00:16:39.263,BUY,7.077e-05,500.0
85934434,2017-12-26T00:16:39.263,BUY,7.077e-05,700.0
85934435,2017-12-26T00:16:39.263,BUY,7.078e-05,4374.48734736
85934436,2017-12-26T00:16:39.263,BUY,7.078e-05,2.7480358
85934439,2017-12-26T00:16:40.687,SELL,7.076e-05,100.0
85934445,2017-12-26T00:16:42.233,BUY,7.077e-05,324.51329561
85934446,2017-12-26T00:16:42.233,BUY,7.077e-05,12.20363724
85934450,2017-12-26T00:16:43.793,SELL,7.077e-05,50.0
85934451,2017-12-26T00:16:44.873,SELL,7.077e-05,100.0
85934454,2017-12-26T00:16:47.983,SELL,7.077e-05,83.04331196
85934455,2017-12-26T00:16:47.983,SELL,7.076e-05,40.97035534
85934456,2017-12-26T00:16:47.983,SELL,7.076e-05,1075.9863327
85934457,2017-12-26T00:16:48.623,SELL,7.076e-05,280.58588678
85934459,2017-12-26T00:16:52.577,SELL,7.076e-05,4248.30828077
85934468,2017-12-26T00:16:55.153,BUY,7.077e-05,729.0
85934469,2017-12-26T00:16:55.153,BUY,7.077e-05,168.05874011
85934475,2017-12-26T00:16:57.28,SELL,7.076e-05,100.22206135
85934479,2017-12-26T00:16:57.733,BUY,7.077e-05,105.17461644
85934483,2017-12-26T00:16:59.14,SELL,7.076e-05,1478.14713279
85934484,2017-12-26T00:16:59.14,SELL,7.076e-05,3198.98165418
85934485,2017-12-26T00:16:59.14,SELL,7.075e-05,2972.75321555
85934488,2017-12-26T00:17:01.047,BUY,7.075e-05,37.99855928
85934496,2017-12-26T00:17:09.407,BUY,7.075e-05,2237.09628694
85934497,2017-12-26T00:17:09.407,BUY,7.075e-05,839.26595233
85934498,2017-12-26T00:17:13.077,SELL,7.073e-05,92.18563552
85934510,2017-12-26T00:17:19.313,BUY,7.075e-05,500.0
85934512,2017-12-26T00:17:20.437,BUY,7.075e-05,295.10735358
85934513,2017-12-26T00:17:20.437,BUY,7.075e-05,600.0
85934514,2017-12-26T00:17:20.437,BUY,7.077e-05,235.28876034
85934515,2017-12-26T00:17:20.437,BUY,7.077e-05,106.4348051
85934516,2017-12-26T00:17:20.437,BUY,7.078e-05,29.6498773
85934517,2017-12-26T00:17:20.437,BUY,7.08e-05,149.17010778
85934520,2017-12-26T00:17:22.327,BUY,7.075e-05,147.49018797
85934521,2017-12-26T00:17:22.343,SELL,7.071e-05,50.0
85934522,2017-12-26T00:17:22.343,SELL,7.071e-05,173.65106234
85934523,2017-12-26T00:17:22.343,SELL,7.07e-05,750.44986634
85934524,2017-12-26T00:17:22.343,SELL,7.07e-05,2.74907132
85934531,2017-12-26T00:17:23.437,BUY,7.075e-05,134.98627977
85934538,2017-12-26T00:17:25.297,BUY,7.075e-05,217.52353226
85934544,2017-12-26T00:17:27.14,SELL,7.07e-05,107.25092868
85934545,2017-12-26T00:17:27.14,SELL,7.07e-05,31.06165776
85934546,2017-12-26T00:17:27.157,SELL,7.07e-05,138.96609227
85934547,2017-12-26T00:17:27.61,SELL,7.07e-05,615.14963808
85934548,2017-12-26T00:17:27.953,SELL,7.07e-05,497.19563169
85934549,2017-12-26T00:17:27.953,SELL,7.07e-05,35.0
85934550,2017-12-26T00:17:27.953,SELL,7.07e-05,81.9141957
85934552,2017-12-26T00:17:28.22,SELL,7.07e-05,28.0
85934554,2017-12-26T00:17:28.64,SELL,7.07e-05,303.68147262
85934555,2017-12-26T00:17:28.64,SELL,7.07e-05,310.42835477
85934557,2017-12-26T00:17:30.14,SELL,7.07e-05,140.48890137
85934561,2017-12-26T00:17:31.39,SELL,7.07e-05,549.08274386
85934562,2017-12-26T00:17:31.39,SELL,7.07e-05,379.26753117
85934569,2017-12-26T00:17:35.173,SELL,7.07e-05,209.6463
85934571,2017-12-26T00:17:36.25,BUY,7.072e-05,141.34275618
85934572,2017-12-26T00:17:36.36,SELL,7.07e-05,583.25977574
85934574,2017-12-26T00:17:36.987,BUY,7.072e-05,473.8068819
85934575,2017-12-26T00:17:36.987,BUY,7.073e-05,30.15772205
85934576,2017-12-26T00:17:36.987,BUY,7.075e-05,202.74917696
85934594,2017-12-26T00:17:44.25,BUY,7.072e-05,120.80582994
85934596,2017-12-26T00:17:45.36,SELL,7.07e-05,907.9039723
85934597,2017-12-26T00:17:45.36,SELL,7.07e-05,136.59759547
85934598,2017-12-26T00:17:45.36,SELL,7.07e-05,460.78733223
85934601,2017-12-26T00:17:45.843,BUY,7.072e-05,706.71378091
85934612,2017-12-26T00:17:51.22,BUY,7.072e-05,706.71378091
85934617,2017-12-26T00:17:56.86,SELL,7.07e-05,4991.28975688
85934619,2017-12-26T00:17:57.127,BUY,7.07e-05,503.38699272
85934622,2017-12-26T00:17:57.313,BUY,7.07e-05,505.3232504
85934623,2017-12-26T00:17:57.313,BUY,7.072e-05,454.18623392
85934624,2017-12-26T00:17:57.313,BUY,7.072e-05,456.74169535
85934631,2017-12-26T00:18:00.877,BUY,7.07e-05,1105.81694796
85934633,2017-12-26T00:18:01.533,BUY,7.072e-05,425.70553344
85934634,2017-12-26T00:18:01.533,BUY,7.072e-05,774.29446656
85934639,2017-12-26T00:18:02.33,BUY,7.072e-05,501.2643541
85934641,2017-12-26T00:18:02.533,BUY,7.072e-05,52.036199
85934645,2017-12-26T00:18:02.877,SELL,7.07e-05,566.62427582
85934651,2017-12-26T00:18:04.47,BUY,7.072e-05,40.96623817
85934653,2017-12-26T00:18:05.253,SELL,7.07e-05,21.48758231
85934655,2017-12-26T00:18:06.017,SELL,7.069e-05,100.0
85934656,2017-12-26T00:18:06.017,SELL,7.069e-05,41.96342875
85934660,2017-12-26T00:18:07.143,BUY,7.069e-05,3886.03643418
85934661,2017-12-26T00:18:07.143,BUY,7.07e-05,4758.29710546
85934663,2017-12-26T00:18:08.127,SELL,7.067e-05,283.9057
85934664,2017-12-26T00:18:08.313,SELL,7.067e-05,16.0943
85934665,2017-12-26T00:18:08.313,SELL,7.067e-05,42.36389699
85934666,2017-12-26T00:18:08.313,SELL,7.067e-05,51.94962502
85934667,2017-12-26T00:18:08.313,SELL,7.066e-05,26.98597799
85934674,2017-12-26T00:18:10.69,SELL,7.066e-05,23.67197314
85934675,2017-12-26T00:18:10.69,SELL,7.066e-05,21.08742686
85934677,2017-12-26T00:18:12.19,BUY,7.07e-05,55.56322489
85934682,2017-12-26T00:18:14.253,BUY,7.07e-05,529.28978825
85934684,2017-12-26T00:18:14.33,BUY,7.07e-05,7.42050919
85934687,2017-12-26T00:18:15.817,SELL,7.069e-05,24.69292067
85934688,2017-12-26T00:18:15.817,SELL,7.066e-05,17.40648766
85934689,2017-12-26T00:18:15.817,SELL,7.065e-05,500.0
85934690,2017-12-26T00:18:15.817,SELL,7.065e-05,1357.92929406
85934691,2017-12-26T00:18:15.817,SELL,7.065e-05,178.57678698
85934692,2017-12-26T00:18:15.817,SELL,7.065e-05,149.25615896
85934693,2017-12-26T00:18:15.817,SELL,7.064e-05,500.0
85934694,2017-12-26T00:18:15.817,SELL,7.064e-05,54.15175538
85934695,2017-12-26T00:18:15.817,SELL,7.062e-05,70.62446899
85934696,2017-12-26T00:18:15.817,SELL,7.062e-05,21.13871543
85934697,2017-12-26T00:18:15.817,SELL,7.062e-05,39.64511954
85934699,2017-12-26T00:18:18.377,SELL,7.061e-05,144.1144
85934701,2017-12-26T00:18:20.69,BUY,7.062e-05,113.28235627
85934703,2017-12-26T00:18:22.253,SELL,7.061e-05,2126.05899293
85934704,2017-12-26T00:18:22.253,SELL,7.061e-05,236.83059116
85934705,2017-12-26T00:18:22.27,SELL,7.061e-05,135.35462912
85934706,2017-12-26T00:18:23.503,SELL,7.061e-05,27.81477972
85934707,2017-12-26T00:18:23.503,SELL,7.061e-05,32.18522028
85934710,2017-12-26T00:18:24.457,SELL,7.061e-05,33.49056962
85934711,2017-12-26T00:18:24.457,SELL,7.061e-05,23.90680994
85934713,2017-12-26T00:18:25.41,BUY,7.061e-05,635.18756433
85934714,2017-12-26T00:18:25.41,BUY,7.062e-05,71.52621658
85934718,2017-12-26T00:18:28.003,BUY,7.061e-05,165.2946565
85934723,2017-12-26T00:18:31.003,BUY,7.061e-05,287.94261706
85934729,2017-12-26T00:18:32.503,BUY,7.061e-05,100.0
85934733,2017-12-26T00:18:35.177,BUY,7.061e-05,14.16229995
85934738,2017-12-26T00:18:37.27,BUY,7.061e-05,1409.96476668
85934740,2017-12-26T00:18:37.74,SELL,7.06e-05,986.44116487
85934741,2017-12-26T00:18:37.74,SELL,7.06e-05,5000.0
85934742,2017-12-26T00:18:37.753,SELL,7.06e-05,922.60060729
85934743,2017-12-26T00:18:37.753,SELL,7.06e-05,15.0
85934744,2017-12-26T00:18:37.753,SELL,7.06e-05,50.0
85934745,2017-12-26T00:18:37.753,SELL,7.059e-05,114.62698012
85934747,2017-12-26T00:18:37.91,BUY,7.061e-05,706.71378091
85934751,2017-12-26T00:18:38.55,BUY,7.061e-05,7.04861468
85934757,2017-12-26T00:18:43.27,BUY,7.061e-05,160.23685298
85934759,2017-12-26T00:18:43.583,BUY,7.061e-05,25.6470939
85934761,2017-12-26T00:18:44.99,SELL,7.06e-05,359.49730453
85934762,2017-12-26T00:18:44.99,SELL,7.059e-05,40.74189547
85934768,2017-12-26T00:18:56.35,SELL,7.059e-05,102.31156919
85934769,2017-12-26T00:18:56.35,SELL,7.059e-05,55.60281768
85934770,2017-12-26T00:18:56.35,SELL,7.059e-05,355.85413237
85934772,2017-12-26T00:18:59.567,BUY,7.059e-05,7.43207253
85934773,2017-12-26T00:18:59.91,SELL,7.058e-05,425.0
85934774,2017-12-26T00:18:59.91,SELL,7.058e-05,640.5554
85934775,2017-12-26T00:19:01.66,SELL,7.058e-05,316.17875777
85934777,2017-12-26T00:19:02.77,SELL,7.058e-05,1843.26584223
85934778,2017-12-26T00:19:02.77,SELL,7.058e-05,89.38536137
85934779,2017-12-26T00:19:02.77,SELL,7.058e-05,404.0
85934780,2017-12-26T00:19:02.77,SELL,7.057e-05,27.93557412
85934781,2017-12-26T00:19:02.77,SELL,7.057e-05,34.41178971
85934782,2017-12-26T00:19:02.77,SELL,7.056e-05,50.0
85934783,2017-12-26T00:19:02.77,SELL,7.056e-05,1500.0
85934784,2017-12-26T00:19:02.77,SELL,7.055e-05,45.17565096
85934785,2017-12-26T00:19:02.77,SELL,7.055e-05,15.0
85934786,2017-12-26T00:19:02.77,SELL,7.053e-05,42.95218311
85934787,2017-12-26T00:19:02.77,SELL,7.053e-05,565.71671629
85934788,2017-12-26T00:19:02.77,SELL,7.053e-05,1083.47479796
85934789,2017-12-26T00:19:02.77,SELL,7.052e-05,1955.86000674
85934790,2017-12-26T00:19:02.77,SELL,7.052e-05,15.0
85934791,2017-12-26T00:19:02.77,SELL,7.052e-05,10.0
85934792,2017-12-26T00:19:02.77,SELL,7.052e-05,17.10796746
85934793,2017-12-26T00:19:02.77,SELL,7.052e-05,14.14492343
85934794,2017-12-26T00:19:02.77,SELL,7.052e-05,100.45738424
85934795,2017-12-26T00:19:02.77,SELL,7.052e-05,54.24078276
85934796,2017-12-26T00:19:02.77,SELL,7.051e-05,517.66755708
85934797,2017-12-26T00:19:02.77,SELL,7.051e-05,300.0
85934798,2017-12-26T00:19:02.77,SELL,7.051e-05,8.0
85934799,2017-12-26T00:19:02.77,SELL,7.051e-05,200.0
85934800,2017-12-26T00:19:02.77,SELL,7.051e-05,18689.5849655
85934803,2017-12-26T00:19:03.723,SELL,7.056e-05,700.0
85934804,2017-12-26T00:19:03.723,SELL,7.051e-05,3300.0
85934805,2017-12-26T00:19:03.74,SELL,7.051e-05,871.99799295
85934806,2017-12-26T00:19:03.74,SELL,7.051e-05,204.54616366
85934807,2017-12-26T00:19:03.74,SELL,7.05e-05,203.0
85934808,2017-12-26T00:19:03.74,SELL,7.05e-05,225.46725957
85934809,2017-12-26T00:19:03.74,SELL,7.05e-05,1705.48825248
85934810,2017-12-26T00:19:03.74,SELL,7.05e-05,1074.78723833
85934811,2017-12-26T00:19:04.303,SELL,7.05e-05,634.1122581
85934812,2017-12-26T00:19:04.317,SELL,7.05e-05,2000.0
85934815,2017-12-26T00:19:04.363,SELL,7.051e-05,142.75176628
85934816,2017-12-26T00:19:04.397,SELL,7.051e-05,500.0
85934817,2017-12-26T00:19:04.397,SELL,7.051e-05,9.06348404
85934818,2017-12-26T00:19:04.397,SELL,7.05e-05,593.46821255
85934819,2017-12-26T00:19:04.443,SELL,7.05e-05,140.0
85934820,2017-12-26T00:19:04.46,SELL,7.05e-05,325.39830822
85934821,2017-12-26T00:19:04.49,SELL,7.05e-05,256.21572689
85934824,2017-12-26T00:19:05.613,BUY,7.051e-05,1081.107558
85934826,2017-12-26T00:19:05.863,BUY,7.051e-05,100.0
85934828,2017-12-26T00:19:07.177,BUY,7.051e-05,355.0
85934830,2017-12-26T00:19:08.85,SELL,7.05e-05,526.01825591
85934831,2017-12-26T00:19:08.85,SELL,7.05e-05,100.0
85934832,2017-12-26T00:19:08.85,SELL,7.05e-05,100.0
85934833,2017-12-26T00:19:08.85,SELL,7.05e-05,500.0
85934834,2017-12-26T00:19:08.85,SELL,7.05e-05,10.0
85934835,2017-12-26T00:19:08.85,SELL,7.05e-05,19.96216809
85934836,2017-12-26T00:19:08.85,SELL,7.05e-05,99.99999999
85934837,2017-12-26T00:19:08.85,SELL,7.05e-05,31.27219331
85934839,2017-12-26T00:19:09.66,BUY,7.051e-05,609.76972665
85934842,2017-12-26T00:19:10.757,BUY,7.051e-05,50.0
85934843,2017-12-26T00:19:11.13,SELL,7.05e-05,15.6028369
85934845,2017-12-26T00:19:11.63,SELL,7.05e-05,23.86965064
85934846,2017-12-26T00:19:11.63,SELL,7.05e-05,49.0
85934847,2017-12-26T00:19:11.63,SELL,7.05e-05,2104.86673387
85934848,2017-12-26T00:19:11.63,SELL,7.05e-05,30.03055106
85934849,2017-12-26T00:19:11.63,SELL,7.05e-05,1101.96573694
85934851,2017-12-26T00:19:11.71,BUY,7.051e-05,572.37808001
85934852,2017-12-26T00:19:12.723,SELL,7.05e-05,1468.80520511
85934854,2017-12-26T00:19:13.833,BUY,7.051e-05,41.14347612
85934855,2017-12-26T00:19:14.6,SELL,7.05e-05,2429.22905795
85934856,2017-12-26T00:19:14.6,SELL,7.05e-05,1515.05153085
85934857,2017-12-26T00:19:14.6,SELL,7.05e-05,57.0
85934858,2017-12-26T00:19:14.6,SELL,7.05e-05,250.0
85934859,2017-12-26T00:19:14.6,SELL,7.05e-05,10.0
85934860,2017-12-26T00:19:14.6,SELL,7.05e-05,141.84397163
85934861,2017-12-26T00:19:14.6,SELL,7.05e-05,47.55315957
85934862,2017-12-26T00:19:14.6,SELL,7.05e-05,949.91802541
85934863,2017-12-26T00:19:14.63,SELL,7.05e-05,979.4709771
85934866,2017-12-26T00:19:15.973,SELL,7.05e-05,270.61099749
85934867,2017-12-26T00:19:15.973,SELL,7.05e-05,200.0
85934868,2017-12-26T00:19:15.973,SELL,7.05e-05,1177.76636064
85934869,2017-12-26T00:19:15.973,SELL,7.05e-05,1793.69292528
85934870,2017-12-26T00:19:16.007,SELL,7.05e-05,765.88890829
85934872,2017-12-26T00:19:16.397,BUY,7.051e-05,393.92012055
85934874,2017-12-26T00:19:16.757,BUY,7.051e-05,3579.57944543
85934877,2017-12-26T00:19:18.287,SELL,7.051e-05,47.96188478
85934888,2017-12-26T00:19:22.773,BUY,7.051e-05,796.16700696
85934891,2017-12-26T00:19:23.257,BUY,7.051e-05,2113.58169012
85934892,2017-12-26T00:19:23.257,BUY,7.051e-05,3073.69220683
85934895,2017-12-26T00:19:25.443,SELL,7.05e-05,200.0
85934898,2017-12-26T00:19:25.663,BUY,7.051e-05,32.08283116
85934900,2017-12-26T00:19:26.07,BUY,7.051e-05,353.67323784
85934901,2017-12-26T00:19:27.1,SELL,7.05e-05,500.0
85934902,2017-12-26T00:19:27.13,SELL,7.05e-05,300.0
85934906,2017-12-26T00:19:31.913,SELL,7.05e-05,2678.24483013
85934908,2017-12-26T00:19:32.71,BUY,7.051e-05,27.84919966
85934909,2017-12-26T00:19:34.647,SELL,7.05e-05,1455.31947758
85934910,2017-12-26T00:19:34.99,SELL,7.05e-05,13582.55158135
85934913,2017-12-26T00:19:35.943,BUY,7.051e-05,118.2876025
85934918,2017-12-26T00:19:36.867,BUY,7.051e-05,200.0
85934923,2017-12-26T00:19:38.523,BUY,7.051e-05,615.7370803
85934924,2017-12-26T00:19:38.523,BUY,7.051e-05,83.70584123
85934925,2017-12-26T00:19:38.523,BUY,7.051e-05,56.22092987
85934928,2017-12-26T00:19:39.523,SELL,7.051e-05,206.28717824
85934929,2017-12-26T00:19:39.523,SELL,7.05e-05,11.03512176
85934930,2017-12-26T00:19:39.803,SELL,7.05e-05,360.0
85934933,2017-12-26T00:19:41.35,SELL,7.05e-05,495.82209051
85934940,2017-12-26T00:19:43.4,SELL,7.05e-05,2321.1198987
85934941,2017-12-26T00:19:43.507,SELL,7.05e-05,329.8619544
85934942,2017-12-26T00:19:44.383,SELL,7.05e-05,318.01475907
85934943,2017-12-26T00:19:44.553,SELL,7.05e-05,200.0
85934944,2017-12-26T00:19:45.803,SELL,7.05e-05,5822.30099236
85934946,2017-12-26T00:19:46.68,BUY,7.059e-05,47.73903829
85934947,2017-12-26T00:19:46.68,BUY,7.059e-05,1371.32017176
85934950,2017-12-26T00:19:47.46,SELL,7.05e-05,239.69403883
85934952,2017-12-26T00:19:47.633,BUY,7.059e-05,74.46815092
85934953,2017-12-26T00:19:47.633,BUY,7.06e-05,395.93990903
85934954,2017-12-26T00:19:47.633,BUY,7.06e-05,32.84926904
85934959,2017-12-26T00:19:49.523,SELL,7.05e-05,2626.45342174
85934960,2017-12-26T00:19:49.523,SELL,7.05e-05,30.0
85934961,2017-12-26T00:19:49.523,SELL,7.05e-05,500.0
85934962,2017-12-26T00:19:49.523,SELL,7.05e-05,171.27923404
85934963,2017-12-26T00:19:49.523,SELL,7.05e-05,26.50189362
85934964,2017-12-26T00:19:49.523,SELL,7.05e-05,7.37074681
85934965,2017-12-26T00:19:49.523,SELL,7.05e-05,70.0
85934966,2017-12-26T00:19:49.523,SELL,7.05e-05,8.54765532
85934967,2017-12-26T00:19:49.523,SELL,7.05e-05,47.1630734
85934968,2017-12-26T00:19:49.523,SELL,7.05e-05,878.60238617
85934969,2017-12-26T00:19:49.523,SELL,7.05e-05,310.31277021
85934970,2017-12-26T00:19:49.523,SELL,7.05e-05,1414.89361702
85934971,2017-12-26T00:19:49.523,SELL,7.05e-05,4460.0
85934972,2017-12-26T00:19:49.523,SELL,7.05e-05,9448.87520167
85934974,2017-12-26T00:19:49.85,SELL,7.059e-05,292.52708457
85934975,2017-12-26T00:19:49.85,SELL,7.05e-05,34.70861543
85934976,2017-12-26T00:19:49.9,SELL,7.05e-05,1493.77451625
85934977,2017-12-26T00:19:51.617,SELL,7.05e-05,500.0
85934978,2017-12-26T00:19:51.68,SELL,7.05e-05,500.0
85934979,2017-12-26T00:19:52.07,SELL,7.05e-05,500.0
85934980,2017-12-26T00:19:52.32,SELL,7.05e-05,48.02864979
85934983,2017-12-26T00:19:52.96,SELL,7.05e-05,1280.03989847
85934992,2017-12-26T00:20:01.807,SELL,7.05e-05,251.239
85934993,2017-12-26T00:20:01.93,SELL,7.05e-05,943.33411839
85934994,2017-12-26T00:20:01.93,SELL,7.05e-05,37.0
85934995,2017-12-26T00:20:01.93,SELL,7.05e-05,500.0
85934996,2017-12-26T00:20:01.93,SELL,7.05e-05,15.0
85934997,2017-12-26T00:20:01.93,SELL,7.05e-05,76.21366915
85934998,2017-12-26T00:20:01.93,SELL,7.05e-05,50.0
85934999,2017-12-26T00:20:01.93,SELL,7.05e-05,7.62695035
85935000,2017-12-26T00:20:01.93,SELL,7.05e-05,613.34690319
85935001,2017-12-26T00:20:01.93,SELL,7.05e-05,3108.18712136
85935002,2017-12-26T00:20:03.71,SELL,7.05e-05,1669.25890417
85935003,2017-12-26T00:20:03.71,SELL,7.05e-05,300.0
85935004,2017-12-26T00:20:03.71,SELL,7.05e-05,285.13104371
85935006,2017-12-26T00:20:03.743,BUY,7.057e-05,14.1663125
85935007,2017-12-26T00:20:05.727,SELL,7.05e-05,124.16259033
85935008,2017-12-26T00:20:05.727,SELL,7.05e-05,30.0
85935009,2017-12-26T00:20:05.727,SELL,7.05e-05,98.25493005
85935010,2017-12-26T00:20:05.727,SELL,7.05e-05,50.0
85935011,2017-12-26T00:20:05.727,SELL,7.05e-05,500.0
85935012,2017-12-26T00:20:05.727,SELL,7.05e-05,199.68875967
85935013,2017-12-26T00:20:05.727,SELL,7.05e-05,79.6488212
85935014,2017-12-26T00:20:05.727,SELL,7.05e-05,43.75374574
85935015,2017-12-26T00:20:05.727,SELL,7.05e-05,776.54629559
85935016,2017-12-26T00:20:05.727,SELL,7.05e-05,1209.88677243
85935017,2017-12-26T00:20:05.727,SELL,7.05e-05,16.23855255
85935018,2017-12-26T00:20:05.727,SELL,7.05e-05,604.8946117
85935019,2017-12-26T00:20:05.727,SELL,7.05e-05,946.06915335
85935020,2017-12-26T00:20:05.727,SELL,7.05e-05,100.0
85935023,2017-12-26T00:20:08.227,SELL,7.05e-05,28.22520183
85935024,2017-12-26T00:20:08.727,SELL,7.05e-05,136.82391623
85935026,2017-12-26T00:20:09.51,BUY,7.057e-05,298.96202119
85935031,2017-12-26T00:20:12.01,SELL,7.052e-05,215.09460067
85935032,2017-12-26T00:20:12.12,SELL,7.052e-05,1505.747079
85935033,2017-12-26T00:20:12.12,SELL,7.05e-05,106.00671752
85935034,2017-12-26T00:20:12.12,SELL,7.05e-05,488.24620348
85935036,2017-12-26T00:20:13.29,SELL,7.05e-05,15.65358482
85935037,2017-12-26T00:20:13.29,SELL,7.048e-05,800.0
85935038,2017-12-26T00:20:13.29,SELL,7.048e-05,100.0
85935039,2017-12-26T00:20:13.29,SELL,7.047e-05,20.62762665
85935040,2017-12-26T00:20:13.29,SELL,7.047e-05,63.71878853
85935042,2017-12-26T00:20:13.76,SELL,7.047e-05,2653.28121147
85935043,2017-12-26T00:20:13.76,SELL,7.046e-05,2000.0
85935044,2017-12-26T00:20:13.76,SELL,7.046e-05,346.71878853
85935045,2017-12-26T00:20:13.807,SELL,7.046e-05,1574.55542754
85935047,2017-12-26T00:20:14.963,BUY,7.048e-05,400.0
85935049,2017-12-26T00:20:14.993,BUY,7.048e-05,140.0
85935054,2017-12-26T00:20:18.133,SELL,7.046e-05,6962.38334451
85935056,2017-12-26T00:20:18.15,BUY,7.048e-05,1889.37126257
85935058,2017-12-26T00:20:18.493,BUY,7.048e-05,60.29773331
85935077,2017-12-26T00:20:21.243,BUY,7.048e-05,723.32658404
85935080,2017-12-26T00:20:22.213,BUY,7.048e-05,5145.94296756
85935081,2017-12-26T00:20:22.213,BUY,7.057e-05,1238.3643252
85935083,2017-12-26T00:20:22.837,SELL,7.05e-05,9.98334787
85935084,2017-12-26T00:20:22.853,SELL,7.046e-05,117.92660352
85935085,2017-12-26T00:20:22.93,SELL,7.046e-05,1615.94962518
85935102,2017-12-26T00:20:25.633,BUY,7.057e-05,14.16831963
85935111,2017-12-26T00:20:29.683,BUY,7.057e-05,27.95975627
85935112,2017-12-26T00:20:30.4,SELL,7.046e-05,500.0
85935114,2017-12-26T00:20:32.12,BUY,7.057e-05,141.70327334
85935116,2017-12-26T00:20:33.09,BUY,7.057e-05,141.70327334
85935117,2017-12-26T00:20:33.167,SELL,7.046e-05,2545.08345044
85935118,2017-12-26T00:20:33.573,SELL,7.046e-05,356.0
85935122,2017-12-26T00:20:37.073,BUY,7.057e-05,141.70327334
85935124,2017-12-26T00:20:37.7,BUY,7.057e-05,14.16831963
85935126,2017-12-26T00:20:37.963,BUY,7.057e-05,1419.86355082
85935137,2017-12-26T00:20:41.01,SELL,7.05e-05,255.13018058
85935138,2017-12-26T00:20:41.603,SELL,7.05e-05,500.0
85935142,2017-12-26T00:20:42.073,BUY,7.057e-05,141.70327334
85935144,2017-12-26T00:20:42.073,BUY,7.057e-05,141.70327334
85935154,2017-12-26T00:20:43.387,BUY,7.057e-05,141.70327334
85935156,2017-12-26T00:20:43.4,BUY,7.057e-05,141.34901516
85935181,2017-12-26T00:20:51.107,SELL,7.05e-05,99.9
85935184,2017-12-26T00:20:52.073,BUY,7.057e-05,141.70327334
85935186,2017-12-26T00:20:52.09,BUY,7.057e-05,141.70327334
85935188,2017-12-26T00:20:53.12,SELL,7.05e-05,53.48952273
85935190,2017-12-26T00:20:53.34,SELL,7.05e-05,402.20746478
85935191,2017-12-26T00:20:53.34,SELL,7.05e-05,30.93319149
85935193,2017-12-26T00:20:53.403,BUY,7.05e-05,141.70327334
85935196,2017-12-26T00:20:58.107,BUY,7.05e-05,141.70327334
85935198,2017-12-26T00:20:59.98,BUY,7.05e-05,295.75708351
85935199,2017-12-26T00:20:59.98,BUY,7.05e-05,386.05813542
85935202,2017-12-26T00:21:01.793,SELL,7.048e-05,100.0
85935203,2017-12-26T00:21:01.793,SELL,7.046e-05,33.99437223
85935206,2017-12-26T00:21:02.48,BUY,7.048e-05,125.56027762
85935207,2017-12-26T00:21:02.48,BUY,7.05e-05,2513.94186458
85935208,2017-12-26T00:21:02.48,BUY,7.057e-05,1964.3759239
85935213,2017-12-26T00:21:06.137,BUY,7.057e-05,196.70630549
85935216,2017-12-26T00:21:07.17,BUY,7.057e-05,377.6785549
85935217,2017-12-26T00:21:07.17,BUY,7.057e-05,300.0
85935218,2017-12-26T00:21:07.17,BUY,7.057e-05,252.47144509
85935219,2017-12-26T00:21:07.17,BUY,7.057e-05,110.7939335
85935222,2017-12-26T00:21:08.12,BUY,7.057e-05,141.70327334
85935223,2017-12-26T00:21:08.62,SELL,7.046e-05,1500.0
85935229,2017-12-26T00:21:11.387,SELL,7.046e-05,200.0
85935230,2017-12-26T00:21:11.577,SELL,7.046e-05,132.69639065
85935232,2017-12-26T00:21:13.123,BUY,7.05e-05,116.22770704
85935233,2017-12-26T00:21:13.123,BUY,7.057e-05,25.4755663
85935235,2017-12-26T00:21:13.373,BUY,7.057e-05,22.02722686
85935236,2017-12-26T00:21:13.373,BUY,7.057e-05,119.67604648
85935238,2017-12-26T00:21:14.327,BUY,7.05e-05,37.29711183
85935240,2017-12-26T00:21:15.23,SELL,7.046e-05,625.9236415
85935241,2017-12-26T00:21:15.59,SELL,7.046e-05,69.92206852
85935244,2017-12-26T00:21:16.433,SELL,7.046e-05,20.0
85935246,2017-12-26T00:21:17.53,BUY,7.05e-05,100.0
85935249,2017-12-26T00:21:18.357,BUY,7.05e-05,229.1581684
85935251,2017-12-26T00:21:18.497,BUY,7.05e-05,18.42142553
85935253,2017-12-26T00:21:22.123,BUY,7.05e-05,141.70327334
85935255,2017-12-26T00:21:22.14,BUY,7.05e-05,141.70327334
85935256,2017-12-26T00:21:23.28,SELL,7.046e-05,67.29547559
85935258,2017-12-26T00:21:23.403,BUY,7.05e-05,141.70327334
85935260,2017-12-26T00:21:24.14,BUY,7.05e-05,454.94045495
85935265,2017-12-26T00:21:25.877,SELL,7.05e-05,2374.84677909
85935266,2017-12-26T00:21:25.877,SELL,7.05e-05,35.95793596
85935271,2017-12-26T00:21:26.877,SELL,7.05e-05,93.62414184
85935273,2017-12-26T00:21:28.127,BUY,7.057e-05,141.70327334
85935274,2017-12-26T00:21:30.64,SELL,7.05e-05,53.32658111
85935278,2017-12-26T00:21:31.063,SELL,7.05e-05,593.97405386
85935279,2017-12-26T00:21:31.063,SELL,7.046e-05,2923.91509828
85935282,2017-12-26T00:21:33.737,BUY,7.057e-05,59.66112632
85935283,2017-12-26T00:21:33.737,BUY,7.057e-05,4040.12120804
85935284,2017-12-26T00:21:33.737,BUY,7.058e-05,5900.21766564
85935286,2017-12-26T00:21:34.923,BUY,7.058e-05,651.59827289
85935288,2017-12-26T00:21:36.657,SELL,7.046e-05,407.63571351
85935289,2017-12-26T00:21:36.657,SELL,7.046e-05,18.77210978
85935290,2017-12-26T00:21:36.657,SELL,7.046e-05,174.01604102
85935291,2017-12-26T00:21:36.657,SELL,7.046e-05,2933.83977833
85935292,2017-12-26T00:21:37.487,SELL,7.046e-05,300.0
85935293,2017-12-26T00:21:37.94,SELL,7.046e-05,5143.83819963
85935294,2017-12-26T00:21:37.94,SELL,7.046e-05,283.13936986
85935295,2017-12-26T00:21:37.94,SELL,7.046e-05,19.98364218
85935296,2017-12-26T00:21:37.94,SELL,7.046e-05,141.56968493
85935297,2017-12-26T00:21:37.94,SELL,7.046e-05,576.70166619
85935298,2017-12-26T00:21:37.94,SELL,7.046e-05,50.03072665
85935299,2017-12-26T00:21:37.94,SELL,7.046e-05,185.62931303
85935300,2017-12-26T00:21:37.94,SELL,7.045e-05,80.0
85935301,2017-12-26T00:21:37.94,SELL,7.045e-05,50.0
85935302,2017-12-26T00:21:37.94,SELL,7.045e-05,141.58977999
85935303,2017-12-26T00:21:37.94,SELL,7.045e-05,100.0
85935304,2017-12-26T00:21:37.94,SELL,7.045e-05,259.58085623
85935305,2017-12-26T00:21:37.94,SELL,7.045e-05,7209.70980801
85935306,2017-12-26T00:21:39.033,SELL,7.045e-05,62.54658138
85935308,2017-12-26T00:21:39.703,BUY,7.058e-05,607.17079502
85935310,2017-12-26T00:21:40.737,BUY,7.058e-05,114.5456392
85935312,2017-12-26T00:21:42.14,BUY,7.058e-05,141.70327334
85935315,2017-12-26T00:21:44.173,BUY,7.058e-05,191.36708203
85935320,2017-12-26T00:21:47.127,BUY,7.055e-05,141.68319637
85935323,2017-12-26T00:21:48.94,BUY,7.055e-05,358.6252575
85935324,2017-12-26T00:21:48.94,BUY,7.058e-05,307.440239
85935328,2017-12-26T00:21:49.267,BUY,7.058e-05,56.67327854
85935333,2017-12-26T00:21:52.3,SELL,7.046e-05,423.59560921
85935334,2017-12-26T00:21:52.3,SELL,7.046e-05,703.14633633
85935335,2017-12-26T00:21:52.41,SELL,7.046e-05,1390.37151539
85935337,2017-12-26T00:21:53.41,BUY,7.058e-05,141.68319637
85935343,2017-12-26T00:22:00.33,SELL,7.046e-05,849.99776317
85935344,2017-12-26T00:22:00.33,SELL,7.046e-05,18.29140883
85935350,2017-12-26T00:22:05.673,BUY,7.058e-05,300.90100299
85935351,2017-12-26T00:22:05.817,SELL,7.046e-05,182.1990167
85935352,2017-12-26T00:22:05.817,SELL,7.046e-05,119.20578023
85935354,2017-12-26T00:22:06.597,BUY,7.046e-05,1209.94453986
85935356,2017-12-26T00:22:07.363,BUY,7.058e-05,141.68319637
85935360,2017-12-26T00:22:07.923,BUY,7.058e-05,141.68319637
85935362,2017-12-26T00:22:08.19,BUY,7.058e-05,141.68319637
85935365,2017-12-26T00:22:12.16,BUY,7.058e-05,141.68319637
85935367,2017-12-26T00:22:12.33,BUY,7.058e-05,141.68319637
85935369,2017-12-26T00:22:15.97,BUY,7.058e-05,160.14015951
85935370,2017-12-26T00:22:17.33,SELL,7.057e-05,241.67859074
85935371,2017-12-26T00:22:17.533,SELL,7.057e-05,41.72795595
85935373,2017-12-26T00:22:18.19,BUY,7.057e-05,86.6517613
85935374,2017-12-26T00:22:18.19,BUY,7.058e-05,55.03143507
85935376,2017-12-26T00:22:18.613,BUY,7.058e-05,141.68319637
85935379,2017-12-26T00:22:20.91,BUY,7.058e-05,14.1663125
85935385,2017-12-26T00:22:22.19,BUY,7.058e-05,141.68319637
85935389,2017-12-26T00:22:23.207,BUY,7.058e-05,141.68319637
85935391,2017-12-26T00:22:23.457,BUY,7.058e-05,141.68319637
85935393,2017-12-26T00:22:29.88,SELL,7.05e-05,204.94568142
85935394,2017-12-26T00:22:29.88,SELL,7.05e-05,1632.97973519
85935396,2017-12-26T00:22:31.973,BUY,7.057e-05,141.68319637
85935397,2017-12-26T00:22:34.083,SELL,7.05e-05,2093.29741899
85935402,2017-12-26T00:22:36.35,BUY,7.055e-05,39.15491357
85935406,2017-12-26T00:22:38.207,BUY,7.055e-05,141.68319637
85935408,2017-12-26T00:22:38.44,BUY,7.055e-05,141.68319637
85935415,2017-12-26T00:22:42.193,BUY,7.055e-05,141.68319637
85935421,2017-12-26T00:22:46.85,BUY,7.055e-05,1139.11233912
85935425,2017-12-26T00:22:47.567,BUY,7.054e-05,31.04923728
85935427,2017-12-26T00:22:48.21,BUY,7.054e-05,141.68319637
85935428,2017-12-26T00:22:49.05,SELL,7.051e-05,301.56061639
85935429,2017-12-26T00:22:50.007,SELL,7.051e-05,139.58950978
85935431,2017-12-26T00:22:52.21,BUY,7.054e-05,141.68319637
85935433,2017-12-26T00:22:52.27,BUY,7.054e-05,141.68319637
85935435,2017-12-26T00:22:53.223,BUY,7.054e-05,141.68319637
85935441,2017-12-26T00:22:56.96,SELL,7.051e-05,2934.6790429
85935443,2017-12-26T00:22:58.49,BUY,7.053e-05,9.90171772
85935444,2017-12-26T00:22:58.49,BUY,7.054e-05,131.86182069
85935446,2017-12-26T00:22:58.6,BUY,7.054e-05,112.15019184
85935447,2017-12-26T00:22:58.6,BUY,7.055e-05,29.61334657
85935454,2017-12-26T00:23:02.257,BUY,7.054e-05,141.76353841
85935456,2017-12-26T00:23:02.897,BUY,7.054e-05,381.56869218
85935459,2017-12-26T00:23:03.24,BUY,7.052e-05,80.83256628
85935460,2017-12-26T00:23:03.24,BUY,7.055e-05,60.93097213
85935462,2017-12-26T00:23:03.24,BUY,7.055e-05,141.76353841
85935467,2017-12-26T00:23:08.473,BUY,7.053e-05,141.76353841
85935468,2017-12-26T00:23:08.473,BUY,7.053e-05,141.76353841
85935470,2017-12-26T00:23:12.21,BUY,7.053e-05,141.76353841
85935475,2017-12-26T00:23:15.21,BUY,7.053e-05,74.70938477
85935476,2017-12-26T00:23:15.21,BUY,7.053e-05,172.7419571
85935478,2017-12-26T00:23:17.21,BUY,7.053e-05,141.76353841
85935485,2017-12-26T00:23:18.24,BUY,7.053e-05,141.76353841
85935489,2017-12-26T00:23:18.477,BUY,7.053e-05,141.76353841
85935502,2017-12-26T00:23:22.523,BUY,7.053e-05,200.0
85935505,2017-12-26T00:23:25.803,BUY,7.053e-05,321.57636234
85935508,2017-12-26T00:23:27.24,BUY,7.053e-05,141.76353841
85935511,2017-12-26T00:23:28.507,BUY,7.053e-05,119.10271767
85935512,2017-12-26T00:23:28.507,BUY,7.053e-05,22.66082074
85935513,2017-12-26T00:23:28.553,SELL,7.051e-05,1487.82734924
85935514,2017-12-26T00:23:29.07,SELL,7.051e-05,328.42463436
85935515,2017-12-26T00:23:29.07,SELL,7.05e-05,137.4538124
85935519,2017-12-26T00:23:32.24,BUY,7.053e-05,15.82986376
85935520,2017-12-26T00:23:32.24,BUY,7.053e-05,125.9537744
85935522,2017-12-26T00:23:32.257,BUY,7.053e-05,141.78363816
85935526,2017-12-26T00:23:33.523,BUY,7.053e-05,141.78363816
85935542,2017-12-26T00:23:37.29,BUY,7.053e-05,141.78363816
85935544,2017-12-26T00:23:38.367,BUY,7.051e-05,900.10511823
85935545,2017-12-26T00:23:38.367,BUY,7.053e-05,2457.94447662
85935547,2017-12-26T00:23:38.54,BUY,7.053e-05,141.78363816
85935557,2017-12-26T00:23:42.65,SELL,7.05e-05,2248.18764994
85935560,2017-12-26T00:23:43.51,BUY,7.053e-05,141.78363816
85935562,2017-12-26T00:23:45.743,SELL,7.05e-05,191.42584498
85935564,2017-12-26T00:23:47.023,BUY,7.053e-05,81.3784087
85935567,2017-12-26T00:23:48.523,BUY,7.053e-05,141.78363816
85935569,2017-12-26T00:23:48.71,SELL,7.05e-05,6000.0
85935571,2017-12-26T00:23:51.633,BUY,7.052e-05,594.75410676
85935573,2017-12-26T00:23:53.243,BUY,7.052e-05,141.78363816
85935575,2017-12-26T00:23:53.273,BUY,7.052e-05,1420.46740504
85935579,2017-12-26T00:23:53.43,BUY,7.052e-05,141.78363816
85935596,2017-12-26T00:23:57.37,BUY,7.052e-05,141.78363816
85935598,2017-12-26T00:23:57.79,BUY,7.052e-05,42.64020889
85935602,2017-12-26T00:23:59.057,BUY,7.052e-05,275.88460759
85935603,2017-12-26T00:23:59.057,BUY,7.052e-05,666.0654965
85935604,2017-12-26T00:23:59.103,SELL,7.052e-05,238.3729114
85935605,2017-12-26T00:23:59.103,SELL,7.05e-05,261.6270886
85935607,2017-12-26T00:24:02.12,SELL,7.05e-05,726.15683453
85935609,2017-12-26T00:24:02.243,BUY,7.053e-05,1073.03648096
85935610,2017-12-26T00:24:02.243,BUY,7.053e-05,1896.13431989
85935612,2017-12-26T00:24:02.29,BUY,7.053e-05,141.78363816
85935614,2017-12-26T00:24:02.54,BUY,7.053e-05,141.78363816
85935623,2017-12-26T00:24:05.243,SELL,7.051e-05,20.34242125
85935626,2017-12-26T00:24:07.26,BUY,7.053e-05,141.78363816
85935628,2017-12-26T00:24:07.963,SELL,7.051e-05,100.0
85935631,2017-12-26T00:24:08.277,BUY,7.053e-05,141.78363816
85935633,2017-12-26T00:24:08.713,BUY,7.053e-05,141.78363816
85935635,2017-12-26T00:24:08.993,SELL,7.051e-05,1639.01642857
85935640,2017-12-26T00:24:14.98,BUY,7.053e-05,1823.92883207
85935644,2017-12-26T00:24:18.353,BUY,7.053e-05,141.78363816
85935647,2017-12-26T00:24:18.573,BUY,7.053e-05,141.78363816
85935649,2017-12-26T00:24:19.073,BUY,7.053e-05,1874.52991812
85935652,2017-12-26T00:24:22.277,BUY,7.053e-05,141.78363816
85935655,2017-12-26T00:24:22.323,BUY,7.053e-05,141.78363816
85935657,2017-12-26T00:24:23.527,BUY,7.053e-05,141.78363816
85935659,2017-12-26T00:24:23.527,BUY,7.053e-05,141.78363816
85935661,2017-12-26T00:24:23.84,BUY,7.053e-05,70.89181908
85935662,2017-12-26T00:24:27.247,SELL,7.051e-05,57.20056999
85935663,2017-12-26T00:24:27.683,SELL,7.051e-05,174.0
85935665,2017-12-26T00:24:28.167,BUY,7.053e-05,55.03476074
85935667,2017-12-26T00:24:28.293,BUY,7.053e-05,141.78363816
85935668,2017-12-26T00:24:28.777,SELL,7.051e-05,5060.64203105
85935669,2017-12-26T00:24:28.777,SELL,7.051e-05,137.52500043
85935670,2017-12-26T00:24:28.777,SELL,7.05e-05,13224.23962233
85935673,2017-12-26T00:24:32.277,BUY,7.053e-05,141.78363816
85935675,2017-12-26T00:24:32.293,BUY,7.053e-05,141.78363816
85935676,2017-12-26T00:24:32.637,SELL,7.05e-05,150.0
85935678,2017-12-26T00:24:33.307,BUY,7.051e-05,141.78363816
85935682,2017-12-26T00:24:33.557,BUY,7.051e-05,141.78363816
85935691,2017-12-26T00:24:36.277,BUY,7.051e-05,16.84542013
85935692,2017-12-26T00:24:36.747,SELL,7.05e-05,263.0
85935694,2017-12-26T00:24:38.683,BUY,7.051e-05,31.97564008
85935698,2017-12-26T00:24:42.277,BUY,7.051e-05,141.82385477
85935700,2017-12-26T00:24:42.293,BUY,7.051e-05,141.82385477
85935701,2017-12-26T00:24:42.87,SELL,7.05e-05,4603.8780661
85935704,2017-12-26T00:24:43.293,BUY,7.051e-05,141.82385477
85935714,2017-12-26T00:24:44.23,BUY,7.051e-05,107.75249362
85935717,2017-12-26T00:24:47.12,BUY,7.051e-05,2034.38760554
85935718,2017-12-26T00:24:47.12,BUY,7.051e-05,30.2917157
85935719,2017-12-26T00:24:47.12,BUY,7.053e-05,1290.59221414
85935722,2017-12-26T00:24:48.34,BUY,7.053e-05,141.82385477
85935723,2017-12-26T00:24:48.387,SELL,7.05e-05,100.0
85935725,2017-12-26T00:24:48.933,BUY,7.053e-05,36.86374592
85935729,2017-12-26T00:24:51.263,SELL,7.05e-05,317.62659924
85935732,2017-12-26T00:24:52.433,SELL,7.05e-05,141.82385477
85935734,2017-12-26T00:24:53.323,BUY,7.053e-05,141.82385477
85935736,2017-12-26T00:24:53.34,BUY,7.053e-05,141.82385477
85935738,2017-12-26T00:24:53.37,BUY,7.053e-05,141.82385477
85935739,2017-12-26T00:24:53.497,SELL,7.05e-05,3269.73025942
85935741,2017-12-26T00:24:53.887,BUY,7.053e-05,42.43590187
85935743,2017-12-26T00:24:55.217,SELL,7.05e-05,11120.5676358
85935744,2017-12-26T00:24:55.217,SELL,7.05e-05,100.28825745
85935745,2017-12-26T00:24:55.217,SELL,7.05e-05,170.0
85935748,2017-12-26T00:24:57.62,SELL,7.049e-05,2248.18622717
85935751,2017-12-26T00:24:58.31,BUY,7.05e-05,141.82385477
85935753,2017-12-26T00:24:58.56,BUY,7.05e-05,141.82385477
85935755,2017-12-26T00:24:59.17,BUY,7.05e-05,124.29156797
85935759,2017-12-26T00:24:59.903,SELL,7.049e-05,1963.92569483
85935760,2017-12-26T00:25:00.357,SELL,7.049e-05,354.67088967
85935763,2017-12-26T00:25:00.59,BUY,7.05e-05,202.58233848
85935767,2017-12-26T00:25:02.683,SELL,7.049e-05,5043.33202846
85935772,2017-12-26T00:25:06.28,BUY,7.05e-05,1967.19991187
85935773,2017-12-26T00:25:06.28,BUY,7.05e-05,25.72962824
85935774,2017-12-26T00:25:06.28,BUY,7.05e-05,300.0
85935775,2017-12-26T00:25:06.28,BUY,7.05e-05,724.39294408
85935776,2017-12-26T00:25:06.28,BUY,7.05e-05,1353.01963233
85935777,2017-12-26T00:25:06.28,BUY,7.052e-05,400.0
85935778,2017-12-26T00:25:06.28,BUY,7.053e-05,4705.20614835
85935779,2017-12-26T00:25:06.28,BUY,7.053e-05,5000.0
85935780,2017-12-26T00:25:06.28,BUY,7.053e-05,124.33824656
85935781,2017-12-26T00:25:06.28,BUY,7.053e-05,848.19872811
85935782,2017-12-26T00:25:06.28,BUY,7.053e-05,4610.05670008
85935783,2017-12-26T00:25:06.28,BUY,7.053e-05,700.0
85935784,2017-12-26T00:25:06.28,BUY,7.054e-05,200.0
85935785,2017-12-26T00:25:06.28,BUY,7.055e-05,646.28884536
85935786,2017-12-26T00:25:06.28,BUY,7.057e-05,151.55
85935787,2017-12-26T00:25:06.28,BUY,7.057e-05,900.0
85935788,2017-12-26T00:25:06.28,BUY,7.057e-05,1209.24812441
85935789,2017-12-26T00:25:07.013,SELL,7.049e-05,100.0
85935794,2017-12-26T00:25:08.263,SELL,7.05e-05,9.48955
85935795,2017-12-26T00:25:08.263,SELL,7.049e-05,65.74692624
85935802,2017-12-26T00:25:12.17,SELL,7.049e-05,5505.1732808
85935803,2017-12-26T00:25:12.17,SELL,7.045e-05,4478.66648945
85935813,2017-12-26T00:25:13.31,BUY,7.056e-05,141.82385477
85935819,2017-12-26T00:25:16.81,BUY,7.056e-05,1619.0
85935828,2017-12-26T00:25:17.857,BUY,7.056e-05,14.1663125
85935835,2017-12-26T00:25:20.623,BUY,7.056e-05,803.31060104
85935839,2017-12-26T00:25:22.31,BUY,7.056e-05,14.1723356
85935841,2017-12-26T00:25:22.5,BUY,7.056e-05,201.226277
85935849,2017-12-26T00:25:24.75,BUY,7.056e-05,1421.0717731
85935854,2017-12-26T00:25:27.327,BUY,7.05e-05,130.89376865
85935855,2017-12-26T00:25:27.327,BUY,7.056e-05,10.82958735
85935859,2017-12-26T00:25:28.56,BUY,7.056e-05,141.723356
85935861,2017-12-26T00:25:29.28,SELL,7.046e-05,111.99648559
85935862,2017-12-26T00:25:29.28,SELL,7.045e-05,88.00351441
85935867,2017-12-26T00:25:32.81,BUY,7.056e-05,424.10714286
85935869,2017-12-26T00:25:33.31,BUY,7.056e-05,141.723356
85935871,2017-12-26T00:25:33.577,BUY,7.056e-05,141.723356
85935878,2017-12-26T00:25:37.343,BUY,7.056e-05,141.723356
85935880,2017-12-26T00:25:37.953,BUY,7.056e-05,42.5170068
85935882,2017-12-26T00:25:38.61,BUY,7.056e-05,141.723356
85935885,2017-12-26T00:25:42.327,SELL,7.05e-05,100.47294098
85935886,2017-12-26T00:25:42.843,SELL,7.05e-05,49.52705902
85935887,2017-12-26T00:25:42.843,SELL,7.049e-05,50.0
85935888,2017-12-26T00:25:42.843,SELL,7.045e-05,200.47294098
85935890,2017-12-26T00:25:44.5,BUY,7.05e-05,141.723356
85935895,2017-12-26T00:25:46.157,BUY,7.05e-05,380.49038085
85935896,2017-12-26T00:25:46.157,BUY,7.056e-05,328.12689919
85935902,2017-12-26T00:25:53.17,SELL,7.045e-05,237.0
85935904,2017-12-26T00:25:55.673,SELL,7.045e-05,9.40177135
85935906,2017-12-26T00:25:57.313,SELL,7.045e-05,100.0
85935908,2017-12-26T00:25:58.157,BUY,7.056e-05,79.54212106
85935909,2017-12-26T00:25:58.157,BUY,7.056e-05,54.51425857
85935910,2017-12-26T00:25:58.343,SELL,7.045e-05,1906.36292859
85935912,2017-12-26T00:25:58.58,BUY,7.056e-05,101.04731392
85935913,2017-12-26T00:25:58.58,BUY,7.056e-05,40.67604208
85935914,2017-12-26T00:25:59.39,SELL,7.045e-05,11660.42833385
85935917,2017-12-26T00:26:03.61,BUY,7.056e-05,141.723356
85935921,2017-12-26T00:26:08.423,BUY,7.056e-05,141.723356
85935923,2017-12-26T00:26:12.627,BUY,7.056e-05,141.723356
85935925,2017-12-26T00:26:13.61,BUY,7.056e-05,141.723356
85935928,2017-12-26T00:26:14.61,BUY,7.056e-05,224.93243243
85935929,2017-12-26T00:26:14.61,BUY,7.056e-05,309.7607893
85935930,2017-12-26T00:26:15.203,SELL,7.049e-05,72.95363208
85935931,2017-12-26T00:26:15.203,SELL,7.045e-05,294.18909267
85935933,2017-12-26T00:26:17.75,SELL,7.049e-05,92.0
85935934,2017-12-26T00:26:17.86,SELL,7.049e-05,220.0
85935935,2017-12-26T00:26:19.22,SELL,7.049e-05,561.61429245
85935938,2017-12-26T00:26:20.813,SELL,7.045e-05,98.33866254
85935943,2017-12-26T00:26:22.36,BUY,7.056e-05,141.723356
85935946,2017-12-26T00:26:22.673,BUY,7.056e-05,141.723356
85935949,2017-12-26T00:26:27.05,SELL,7.045e-05,444.32889537
85935951,2017-12-26T00:26:28.36,BUY,7.056e-05,141.723356
85935955,2017-12-26T00:26:31.097,SELL,7.046e-05,4000.0
85935956,2017-12-26T00:26:31.097,SELL,7.045e-05,2545.02673315
85935960,2017-12-26T00:26:32.393,BUY,7.056e-05,141.723356
85935964,2017-12-26T00:26:33.533,BUY,7.056e-05,829.84957543
85935965,2017-12-26T00:26:33.533,BUY,7.056e-05,75.0
85935966,2017-12-26T00:26:33.533,BUY,7.056e-05,26.49512502
85935967,2017-12-26T00:26:33.533,BUY,7.057e-05,413.56458872
85935969,2017-12-26T00:26:36.283,BUY,7.056e-05,14.16831963
85935971,2017-12-26T00:26:37.393,BUY,7.056e-05,141.723356
85935973,2017-12-26T00:26:37.393,BUY,7.056e-05,141.723356
85935975,2017-12-26T00:26:38.363,BUY,7.056e-05,141.723356
85935977,2017-12-26T00:26:38.613,BUY,7.056e-05,73.62518099
85935978,2017-12-26T00:26:38.613,BUY,7.057e-05,68.09817501
85935983,2017-12-26T00:26:45.397,BUY,7.056e-05,137.81583644
85935984,2017-12-26T00:26:45.397,BUY,7.056e-05,7.3942082
85935986,2017-12-26T00:26:48.613,BUY,7.056e-05,141.723356
85935988,2017-12-26T00:26:48.613,BUY,7.056e-05,141.723356
85935990,2017-12-26T00:26:48.613,BUY,7.056e-05,141.723356
85935992,2017-12-26T00:26:49.6,BUY,7.056e-05,2408.98901178
85935995,2017-12-26T00:26:51.8,BUY,7.057e-05,22.33187366
85936000,2017-12-26T00:26:52.41,BUY,7.057e-05,141.723356
85936002,2017-12-26T00:26:52.427,BUY,7.057e-05,141.723356
85936007,2017-12-26T00:26:58.63,BUY,7.057e-05,141.723356
85936009,2017-12-26T00:26:58.693,BUY,7.057e-05,19.01214928
85936022,2017-12-26T00:27:03.63,BUY,7.057e-05,141.70327334
85936029,2017-12-26T00:27:09.193,SELL,7.052e-05,500.0
85936031,2017-12-26T00:27:10.07,BUY,7.057e-05,141.70327334
85936036,2017-12-26T00:27:12.117,BUY,7.057e-05,8.7358651
85936038,2017-12-26T00:27:12.413,BUY,7.057e-05,141.70327334
85936040,2017-12-26T00:27:12.413,BUY,7.057e-05,141.70327334
85936042,2017-12-26T00:27:12.477,BUY,7.057e-05,141.70327334
85936047,2017-12-26T00:27:15.04,SELL,7.056e-05,425.17006802
85936048,2017-12-26T00:27:15.04,SELL,7.052e-05,574.82993198
85936050,2017-12-26T00:27:15.523,BUY,7.057e-05,40.0
85936052,2017-12-26T00:27:16.147,BUY,7.056e-05,19.86764914
85936054,2017-12-26T00:27:16.96,BUY,7.056e-05,25.93736715
85936059,2017-12-26T00:27:18.32,SELL,7.052e-05,2027.64034099
85936061,2017-12-26T00:27:18.507,BUY,7.052e-05,972.35965901
85936062,2017-12-26T00:27:18.507,BUY,7.056e-05,395.94050572
85936065,2017-12-26T00:27:18.663,BUY,7.056e-05,141.70327334
85936072,2017-12-26T00:27:21.227,BUY,7.056e-05,196.33220238
85936075,2017-12-26T00:27:23.413,BUY,7.056e-05,141.70327334
85936077,2017-12-26T00:27:23.413,BUY,7.056e-05,141.70327334
85936081,2017-12-26T00:27:23.65,BUY,7.056e-05,141.70327334
85936099,2017-12-26T00:27:28.023,BUY,7.056e-05,512.17133569
85936100,2017-12-26T00:27:28.023,BUY,7.056e-05,609.76972665
85936102,2017-12-26T00:27:29.507,SELL,7.056e-05,141.70327334
85936111,2017-12-26T00:27:33.15,SELL,7.056e-05,2000.0
85936113,2017-12-26T00:27:34.587,SELL,7.056e-05,6696.987045
85936119,2017-12-26T00:27:35.993,BUY,7.057e-05,1294.57091353
85936120,2017-12-26T00:27:35.993,BUY,7.057e-05,44.97821117
85936121,2017-12-26T00:27:35.993,BUY,7.057e-05,80.31442612
85936123,2017-12-26T00:27:36.273,BUY,7.057e-05,60.25053139
85936133,2017-12-26T00:27:38.663,BUY,7.057e-05,141.70327334
85936146,2017-12-26T00:27:46.227,BUY,7.057e-05,221.75074123
85936147,2017-12-26T00:27:46.227,BUY,7.057e-05,408.73157642
85936148,2017-12-26T00:27:47.273,SELL,7.056e-05,9.85334901
85936149,2017-12-26T00:27:48.493,SELL,7.056e-05,15281.03504717
85936151,2017-12-26T00:27:49.633,BUY,7.057e-05,355.0
85936153,2017-12-26T00:27:49.76,BUY,7.057e-05,757.0
85936155,2017-12-26T00:27:50.93,BUY,7.057e-05,355.0
85936157,2017-12-26T00:27:51.273,BUY,7.057e-05,357.57526817
85936161,2017-12-26T00:27:51.587,BUY,7.057e-05,703.0
85936163,2017-12-26T00:27:51.667,BUY,7.057e-05,757.0
85936171,2017-12-26T00:27:53.353,SELL,7.056e-05,10875.67428447
85936172,2017-12-26T00:27:53.353,SELL,7.056e-05,1000.0
85936173,2017-12-26T00:27:53.353,SELL,7.056e-05,2752.1355099
85936175,2017-12-26T00:27:53.43,BUY,7.057e-05,141.70327334
85936177,2017-12-26T00:27:54.027,BUY,7.057e-05,424.24111768
85936178,2017-12-26T00:27:54.29,SELL,7.056e-05,34.0
85936180,2017-12-26T00:27:56.4,BUY,7.057e-05,1017.67343167
85936181,2017-12-26T00:27:56.4,BUY,7.057e-05,305.91634338
85936185,2017-12-26T00:28:00.073,SELL,7.056e-05,2000.0
85936189,2017-12-26T00:28:01.463,BUY,7.057e-05,103.97222616
85936191,2017-12-26T00:28:05.557,BUY,7.057e-05,30.21695479
85936193,2017-12-26T00:28:06.557,BUY,7.057e-05,200.0
85936201,2017-12-26T00:28:10.527,BUY,7.057e-05,30.0
85936207,2017-12-26T00:28:13.433,BUY,7.057e-05,141.70327334
85936209,2017-12-26T00:28:13.45,BUY,7.057e-05,141.70327334
85936211,2017-12-26T00:28:15.497,BUY,7.057e-05,89.28720455
85936219,2017-12-26T00:28:18.073,SELL,7.056e-05,140.62719729
85936222,2017-12-26T00:28:18.45,BUY,7.057e-05,141.70327334
85936224,2017-12-26T00:28:18.45,BUY,7.057e-05,141.70327334
85936226,2017-12-26T00:28:19.167,BUY,7.057e-05,506.58681643
85936227,2017-12-26T00:28:19.167,BUY,7.057e-05,10.00779957
85936228,2017-12-26T00:28:19.167,BUY,7.057e-05,675.27989792
85936229,2017-12-26T00:28:19.167,BUY,7.057e-05,796.16700696
85936230,2017-12-26T00:28:19.167,BUY,7.057e-05,90.5216298
85936231,2017-12-26T00:28:19.167,BUY,7.057e-05,219.66490982
85936232,2017-12-26T00:28:19.167,BUY,7.057e-05,427.34622687
85936233,2017-12-26T00:28:19.167,BUY,7.057e-05,210.33074556
85936234,2017-12-26T00:28:19.167,BUY,7.058e-05,28080.70354607
85936244,2017-12-26T00:28:22.15,BUY,7.057e-05,14.16831963
85936245,2017-12-26T00:28:22.213,SELL,7.056e-05,420.64133506
85936248,2017-12-26T00:28:23.45,BUY,7.057e-05,141.70327334
85936251,2017-12-26T00:28:26.793,SELL,7.056e-05,422.87389349
85936253,2017-12-26T00:28:27.747,BUY,7.057e-05,8.7358651
85936255,2017-12-26T00:28:27.747,BUY,7.057e-05,179.11754977
85936256,2017-12-26T00:28:27.747,BUY,7.057e-05,155.69939156
85936257,2017-12-26T00:28:27.747,BUY,7.058e-05,1015.68305867
85936265,2017-12-26T00:28:30.247,BUY,7.058e-05,1760.16394866
85936277,2017-12-26T00:28:32.45,SELL,7.057e-05,250.0
85936278,2017-12-26T00:28:32.45,SELL,7.057e-05,81.47577775
85936279,2017-12-26T00:28:32.463,SELL,7.057e-05,130.42245359
85936280,2017-12-26T00:28:32.463,SELL,7.057e-05,19.86764914
85936284,2017-12-26T00:28:33.45,BUY,7.058e-05,141.70327334
85936293,2017-12-26T00:28:38.34,SELL,7.057e-05,25.93736715
85936294,2017-12-26T00:28:38.34,SELL,7.056e-05,973.58164015
85936295,2017-12-26T00:28:38.34,SELL,7.056e-05,31.92465202
85936296,2017-12-26T00:28:38.34,SELL,7.056e-05,468.55634068
85936313,2017-12-26T00:28:43.497,BUY,7.058e-05,141.70327334
85936315,2017-12-26T00:28:43.497,BUY,7.058e-05,141.70327334
85936332,2017-12-26T00:28:54.06,BUY,7.058e-05,1587.02634176
85936334,2017-12-26T00:28:55.123,BUY,7.058e-05,4794.983268
85936335,2017-12-26T00:28:55.607,SELL,7.057e-05,24.37987814
85936336,2017-12-26T00:28:55.607,SELL,7.057e-05,226.39115379
85936339,2017-12-26T00:28:58.497,BUY,7.058e-05,141.68319637
85936345,2017-12-26T00:29:03.81,BUY,7.058e-05,60.2419949
85936347,2017-12-26T00:29:06.093,SELL,7.057e-05,1773.60884621
85936348,2017-12-26T00:29:06.11,SELL,7.057e-05,198.80484554
85936349,2017-12-26T00:29:06.11,SELL,7.057e-05,333.88785886
85936351,2017-12-26T00:29:08.5,BUY,7.058e-05,141.68319637
85936353,2017-12-26T00:29:08.5,BUY,7.058e-05,141.68319637
85936355,2017-12-26T00:29:09.94,BUY,7.058e-05,1835.60761228
85936358,2017-12-26T00:29:10.033,BUY,7.058e-05,1411.034288
85936361,2017-12-26T00:29:11.283,BUY,7.058e-05,22.50225951
85936363,2017-12-26T00:29:13.063,BUY,7.058e-05,1500.0
85936373,2017-12-26T00:29:13.61,BUY,7.058e-05,2776.99265479
85936375,2017-12-26T00:29:14.203,BUY,7.058e-05,28.6459929
85936381,2017-12-26T00:29:17.05,BUY,7.057e-05,823.26678946
85936386,2017-12-26T00:29:25.173,BUY,7.057e-05,4466.150688
85936388,2017-12-26T00:29:25.347,BUY,7.057e-05,2032.13408247
85936392,2017-12-26T00:29:27.83,SELL,7.056e-05,74.54565337
85936393,2017-12-26T00:29:27.83,SELL,7.056e-05,158.1950744
85936394,2017-12-26T00:29:27.83,SELL,7.052e-05,70.68452381
85936395,2017-12-26T00:29:27.83,SELL,7.051e-05,96.57474842
85936397,2017-12-26T00:29:29.033,BUY,7.057e-05,1791.06701219
85936398,2017-12-26T00:29:29.143,SELL,7.051e-05,140.88475626
85936401,2017-12-26T00:29:30.503,SELL,7.051e-05,850.0
85936403,2017-12-26T00:29:32.33,BUY,7.057e-05,105.37905626
85936405,2017-12-26T00:29:32.783,BUY,7.057e-05,542.54310378
85936407,2017-12-26T00:29:33.94,SELL,7.053e-05,22.73146593
85936409,2017-12-26T00:29:36.003,SELL,7.053e-05,1930.64988669
85936410,2017-12-26T00:29:36.003,SELL,7.051e-05,5739.16749532
85936411,2017-12-26T00:29:36.003,SELL,7.05e-05,209.34553191
85936412,2017-12-26T00:29:36.003,SELL,7.05e-05,296.07582766
85936413,2017-12-26T00:29:36.003,SELL,7.05e-05,424.46440638
85936414,2017-12-26T00:29:36.003,SELL,7.05e-05,59.5268383
85936415,2017-12-26T00:29:36.003,SELL,7.05e-05,21.30422171
85936416,2017-12-26T00:29:36.003,SELL,7.049e-05,250.0
85936417,2017-12-26T00:29:36.003,SELL,7.047e-05,19521.28926301
85936420,2017-12-26T00:29:38.69,SELL,7.05e-05,136.83634373
85936426,2017-12-26T00:29:40.94,BUY,7.053e-05,15.80517868
85936427,2017-12-26T00:29:40.94,BUY,7.055e-05,23.05685569
85936430,2017-12-26T00:29:43.723,SELL,7.05e-05,63.16365627
85936431,2017-12-26T00:29:43.723,SELL,7.05e-05,704.98279124
85936432,2017-12-26T00:29:43.723,SELL,7.047e-05,731.85355249
85936436,2017-12-26T00:29:46.19,SELL,7.05e-05,741.38091096
85936439,2017-12-26T00:29:46.847,SELL,7.05e-05,1399.41486373
85936442,2017-12-26T00:29:47.41,BUY,7.055e-05,172.13079768
85936449,2017-12-26T00:29:50.44,BUY,7.055e-05,400.0
85936452,2017-12-26T00:29:51.207,BUY,7.055e-05,1057.97717285
85936454,2017-12-26T00:29:51.66,BUY,7.055e-05,713.7699602
85936456,2017-12-26T00:29:51.77,BUY,7.055e-05,713.769961
85936458,2017-12-26T00:29:52.753,BUY,7.055e-05,340.2314783
85936461,2017-12-26T00:29:53.973,SELL,7.051e-05,3770.16018355
85936466,2017-12-26T00:29:54.503,BUY,7.053e-05,881.991582
85936468,2017-12-26T00:29:55.287,BUY,7.053e-05,4.6e-07
85936474,2017-12-26T00:29:58.223,BUY,7.055e-05,353.92120057
85936482,2017-12-26T00:30:01.52,BUY,7.055e-05,1025.14257371
85936489,2017-12-26T00:30:07.35,BUY,7.055e-05,29.67866706
85936490,2017-12-26T00:30:07.35,BUY,7.057e-05,799.55517378
85936491,2017-12-26T00:30:07.35,BUY,7.057e-05,13.99865955
85936492,2017-12-26T00:30:07.35,BUY,7.057e-05,427.34622686
85936493,2017-12-26T00:30:07.35,BUY,7.058e-05,1884.36478043
85936496,2017-12-26T00:30:10.02,SELL,7.055e-05,20.0
85936498,2017-12-26T00:30:11.32,BUY,7.054e-05,64.97525716
85936499,2017-12-26T00:30:11.32,BUY,7.055e-05,11.0
85936500,2017-12-26T00:30:11.32,BUY,7.055e-05,383.236115
85936501,2017-12-26T00:30:11.32,BUY,7.058e-05,960.451008
85936508,2017-12-26T00:30:13.27,BUY,7.058e-05,757.621238
85936514,2017-12-26T00:30:15.647,BUY,7.058e-05,100.0
85936516,2017-12-26T00:30:15.943,BUY,7.058e-05,400.4204214
85936527,2017-12-26T00:30:22.943,BUY,7.058e-05,269.31254429
85936528,2017-12-26T00:30:24.523,SELL,7.055e-05,39.313
85936539,2017-12-26T00:30:28.757,BUY,7.058e-05,90.270791
85936541,2017-12-26T00:30:29.587,BUY,7.058e-05,9.93241712
85936543,2017-12-26T00:30:30.38,BUY,7.058e-05,12.96670445
85936544,2017-12-26T00:30:31.883,SELL,7.055e-05,44.367
85936550,2017-12-26T00:30:38.197,SELL,7.055e-05,100.0
85936551,2017-12-26T00:30:38.507,SELL,7.055e-05,286.70042133
85936552,2017-12-26T00:30:38.507,SELL,7.055e-05,216.1258012
85936553,2017-12-26T00:30:38.507,SELL,7.055e-05,54.74784119
85936555,2017-12-26T00:30:39.07,BUY,7.058e-05,157.91592145
85936557,2017-12-26T00:30:39.477,BUY,7.058e-05,117.62013928
85936563,2017-12-26T00:30:41.15,BUY,7.058e-05,268.0737641
85936565,2017-12-26T00:30:42.93,SELL,7.055e-05,95.25215881
85936566,2017-12-26T00:30:42.93,SELL,7.055e-05,1719.86045743
85936568,2017-12-26T00:30:44.07,BUY,7.058e-05,50.07950305
85936570,2017-12-26T00:30:45.477,BUY,7.058e-05,240.89306876
85936575,2017-12-26T00:30:48.477,BUY,7.058e-05,131.90039671
85936577,2017-12-26T00:30:48.617,BUY,7.058e-05,141.68319637
85936580,2017-12-26T00:30:51.337,BUY,7.058e-05,30.12099745
85936582,2017-12-26T00:30:51.853,SELL,7.055e-05,2500.0
85936588,2017-12-26T00:30:54.617,BUY,7.058e-05,282.65797676
85936590,2017-12-26T00:30:56.977,SELL,7.055e-05,3371.93261982
85936591,2017-12-26T00:30:56.977,SELL,7.055e-05,338.97326364
85936592,2017-12-26T00:30:56.977,SELL,7.055e-05,7289.09411654
85936594,2017-12-26T00:30:58.837,BUY,7.058e-05,141.68319637
85936602,2017-12-26T00:31:05.133,BUY,7.058e-05,1419.66238016
85936604,2017-12-26T00:31:06.04,BUY,7.058e-05,3170.235649
85936609,2017-12-26T00:31:07.51,SELL,7.055e-05,49.56993909
85936610,2017-12-26T00:31:07.51,SELL,7.055e-05,605.43006091
85936612,2017-12-26T00:31:07.743,BUY,7.058e-05,13.31822046
85936613,2017-12-26T00:31:08.87,SELL,7.055e-05,1392.19744464
85936614,2017-12-26T00:31:08.87,SELL,7.054e-05,68.65154618
85936615,2017-12-26T00:31:08.87,SELL,7.053e-05,100.0
85936616,2017-12-26T00:31:08.87,SELL,7.051e-05,1715.9346814
85936622,2017-12-26T00:31:12.18,BUY,7.058e-05,85.9456629
85936628,2017-12-26T00:31:12.853,BUY,7.058e-05,18255.00869532
85936631,2017-12-26T00:31:16.057,BUY,7.058e-05,9.93241712
85936633,2017-12-26T00:31:16.917,BUY,7.058e-05,12.96670445
85936636,2017-12-26T00:31:17.637,BUY,7.058e-05,141.68319637
85936638,2017-12-26T00:31:17.713,BUY,7.058e-05,1304.47196647
85936641,2017-12-26T00:31:18.637,BUY,7.058e-05,141.68319637
85936644,2017-12-26T00:31:22.79,SELL,7.051e-05,135.40961408
85936645,2017-12-26T00:31:22.807,SELL,7.051e-05,134.21017313
85936647,2017-12-26T00:31:23.37,BUY,7.058e-05,462.50921294
85936649,2017-12-26T00:31:23.65,BUY,7.058e-05,141.68319637
85936651,2017-12-26T00:31:25.057,BUY,7.058e-05,100.0
85936660,2017-12-26T00:31:29.027,BUY,7.058e-05,102.91005272
85936663,2017-12-26T00:31:29.103,BUY,7.058e-05,141.68319637
85936664,2017-12-26T00:31:30.9,SELL,7.051e-05,50.0
85936665,2017-12-26T00:31:32.4,SELL,7.051e-05,341.36358167
