30353125,2017-12-20T07:53:21.293,SELL,3.149e-05,57.05787445
30353131,2017-12-20T07:53:31.06,SELL,3.15e-05,349.7591177
30353134,2017-12-20T07:53:53.203,SELL,3.15e-05,600.24681983
30353141,2017-12-20T07:54:03.61,SELL,3.149e-05,97.43650346
30353147,2017-12-20T07:54:20.767,BUY,3.15e-05,3000.0
30353164,2017-12-20T07:54:45.22,SELL,3.149e-05,483.0
30353168,2017-12-20T07:54:48.453,SELL,3.149e-05,483.0
30353170,2017-12-20T07:54:48.517,BUY,3.15e-05,365.08088333
30353180,2017-12-20T07:55:11.133,BUY,3.15e-05,2817.67229684
30353181,2017-12-20T07:55:11.133,BUY,3.15e-05,223.37970316
30353186,2017-12-20T07:55:15.117,BUY,3.15e-05,27.61779684
30353187,2017-12-20T07:55:15.117,BUY,3.15e-05,114.9437
30353193,2017-12-20T07:55:22.79,SELL,3.15e-05,22.73465411
30353208,2017-12-20T07:55:50.59,SELL,3.151e-05,1523.87485744
30353209,2017-12-20T07:55:50.59,SELL,3.151e-05,376.97839099
30353210,2017-12-20T07:55:50.59,SELL,3.15e-05,2000.95307147
30353213,2017-12-20T07:56:06.417,BUY,3.15e-05,135.4019746
30353215,2017-12-20T07:56:12.747,BUY,3.15e-05,42.5349325
30353216,2017-12-20T07:56:24.847,SELL,3.149e-05,49.274308
30353220,2017-12-20T07:56:32.893,SELL,3.149e-05,21.87629012
30353221,2017-12-20T07:56:34.207,SELL,3.149e-05,332.77597351
30353224,2017-12-20T07:56:37.47,SELL,3.149e-05,6622.87349026
30353225,2017-12-20T07:56:40.05,SELL,3.149e-05,235.71272834
30353228,2017-12-20T07:56:54.523,BUY,3.15e-05,131.10829276
30353231,2017-12-20T07:56:57.773,BUY,3.15e-05,294.99370621
30353233,2017-12-20T07:57:03.1,BUY,3.15e-05,88.49811977
30353235,2017-12-20T07:57:06.57,BUY,3.15e-05,199.1207695
30353239,2017-12-20T07:57:19.9,BUY,3.15e-05,13.00476113
30353240,2017-12-20T07:57:19.9,BUY,3.15e-05,584.35738905
30353248,2017-12-20T07:57:40.26,BUY,3.161e-05,162.5655106
30353257,2017-12-20T07:57:55.353,BUY,3.171e-05,200.0
30353260,2017-12-20T07:58:10.84,SELL,3.161e-05,37.24731695
30353273,2017-12-20T07:58:43.637,SELL,3.161e-05,0.18717245
30353276,2017-12-20T07:58:52.777,SELL,3.15e-05,76.99597307
30353282,2017-12-20T07:59:13.62,SELL,3.15e-05,160.85286638
30353291,2017-12-20T07:59:54.06,SELL,3.151e-05,1971.18219454
30353292,2017-12-20T07:59:54.06,SELL,3.15e-05,2153.84141254
30353295,2017-12-20T07:59:56.53,SELL,3.151e-05,72.30416023
30353303,2017-12-20T08:00:08.81,BUY,3.151e-05,269.7584499
30353306,2017-12-20T08:00:09.313,BUY,3.151e-05,1226.15624637
30353307,2017-12-20T08:00:10.297,SELL,3.151e-05,79.87497651
30353338,2017-12-20T08:01:27.377,BUY,3.171e-05,30.0
30353348,2017-12-20T08:01:47.127,BUY,3.171e-05,58.26568502
30353349,2017-12-20T08:01:47.127,BUY,3.171e-05,99.4132806
30353350,2017-12-20T08:01:47.33,SELL,3.161e-05,1252.99762374
30353351,2017-12-20T08:01:47.33,SELL,3.153e-05,3500.0
30353357,2017-12-20T08:01:57.66,BUY,3.153e-05,125.746621
30353363,2017-12-20T08:02:06.957,BUY,3.153e-05,1426.92074453
30353365,2017-12-20T08:02:07.63,BUY,3.153e-05,943.73501073
30353369,2017-12-20T08:02:35.927,SELL,3.153e-05,542.49633085
30353373,2017-12-20T08:02:45.847,SELL,3.154e-05,89.40807721
30353374,2017-12-20T08:02:55.893,SELL,3.152e-05,7382.55914781
30353377,2017-12-20T08:03:08.643,BUY,3.17e-05,50.0
30353378,2017-12-20T08:03:08.643,BUY,3.171e-05,50.301003
30353380,2017-12-20T08:03:13.46,SELL,3.151e-05,6083.5611454
30353381,2017-12-20T08:03:13.46,SELL,3.151e-05,1063.48342368
30353388,2017-12-20T08:03:41.96,SELL,3.151e-05,136.51657632
30353389,2017-12-20T08:03:41.96,SELL,3.151e-05,50.0
30353390,2017-12-20T08:03:41.96,SELL,3.151e-05,853.67254896
30353392,2017-12-20T08:03:47.197,SELL,3.151e-05,768.78859427
30353395,2017-12-20T08:03:48.053,BUY,3.151e-05,25138.53461075
30353396,2017-12-20T08:03:48.053,BUY,3.171e-05,2712.86340132
30353401,2017-12-20T08:03:57.07,SELL,3.171e-05,272.89427079
30353402,2017-12-20T08:03:58.727,SELL,3.171e-05,517.0
30353403,2017-12-20T08:04:01.337,SELL,3.171e-05,517.0
30353406,2017-12-20T08:04:07.79,BUY,3.176e-05,225.93722105
30353408,2017-12-20T08:04:07.9,BUY,3.176e-05,30.9943554
30353410,2017-12-20T08:04:08.133,SELL,3.171e-05,254.0
30353417,2017-12-20T08:04:16.633,BUY,3.176e-05,23.30875592
30353429,2017-12-20T08:04:27.197,BUY,3.175e-05,152.85792952
30353460,2017-12-20T08:05:07.933,SELL,3.171e-05,217.78426291
30353478,2017-12-20T08:05:38.373,SELL,3.171e-05,777.02863635
30353479,2017-12-20T08:05:38.373,SELL,3.171e-05,1285.48316719
30353490,2017-12-20T08:06:07.407,BUY,3.174e-05,1972.43604237
30353502,2017-12-20T08:06:38.457,BUY,3.175e-05,447.31512165
30353503,2017-12-20T08:06:38.457,BUY,3.175e-05,2500.0
30353516,2017-12-20T08:06:48.52,BUY,3.175e-05,366.10615731
30353517,2017-12-20T08:06:48.52,BUY,3.176e-05,1987.77116401
30353520,2017-12-20T08:06:55.427,SELL,3.171e-05,115.5598991
30353526,2017-12-20T08:07:07.383,SELL,3.171e-05,486.0
30353531,2017-12-20T08:07:15.947,BUY,3.176e-05,245.82643129
30353538,2017-12-20T08:07:28.243,BUY,3.176e-05,313.02380069
30353540,2017-12-20T08:07:30.04,BUY,3.176e-05,157.03840995
30353550,2017-12-20T08:07:55.14,SELL,3.171e-05,0.36628801
30353582,2017-12-20T08:09:09.67,SELL,3.161e-05,21.0
30353597,2017-12-20T08:09:35.61,BUY,3.17e-05,418.64358401
30353606,2017-12-20T08:10:09.27,SELL,3.161e-05,230.9685
30353607,2017-12-20T08:10:09.27,SELL,3.161e-05,200.0
30353608,2017-12-20T08:10:09.27,SELL,3.161e-05,22.09015976
30353609,2017-12-20T08:10:09.27,SELL,3.149e-05,22.0
30353610,2017-12-20T08:10:09.27,SELL,3.149e-05,314.4794958
30353624,2017-12-20T08:10:51.24,SELL,3.149e-05,73.5205042
30353625,2017-12-20T08:10:51.24,SELL,3.149e-05,90.80157656
30353627,2017-12-20T08:10:51.883,BUY,3.149e-05,6742.58084539
30353628,2017-12-20T08:10:51.883,BUY,3.17e-05,4713.52809361
30353644,2017-12-20T08:11:31.6,BUY,3.17e-05,118.96902445
30353653,2017-12-20T08:11:49.26,BUY,3.17e-05,44.33805077
30353662,2017-12-20T08:11:58.713,BUY,3.169e-05,150.0
30353679,2017-12-20T08:12:42.183,BUY,3.169e-05,127.47001253
30353683,2017-12-20T08:12:56.077,BUY,3.169e-05,29.20637425
30353699,2017-12-20T08:13:31.577,BUY,3.169e-05,31.47680656
30353700,2017-12-20T08:13:34.81,SELL,3.15e-05,45.0
30353704,2017-12-20T08:13:44.53,SELL,3.15e-05,21.01699421
30353705,2017-12-20T08:13:44.53,SELL,3.15e-05,200.0
30353706,2017-12-20T08:13:44.53,SELL,3.149e-05,647.99300579
30353708,2017-12-20T08:13:45.03,SELL,3.149e-05,953.0
30353714,2017-12-20T08:13:53.593,SELL,3.149e-05,5000.0
30353718,2017-12-20T08:13:58.89,SELL,3.149e-05,368.11344213
30353721,2017-12-20T08:14:24.063,BUY,3.155e-05,110.65768621
30353725,2017-12-20T08:14:47.74,BUY,3.155e-05,127.6511348
30353727,2017-12-20T08:14:57.837,SELL,3.149e-05,67.64249149
30353729,2017-12-20T08:15:19.4,SELL,3.149e-05,963.25106059
30353730,2017-12-20T08:15:19.4,SELL,3.149e-05,200.0
30353731,2017-12-20T08:15:19.417,SELL,3.149e-05,366.2773837
30353736,2017-12-20T08:15:31.04,BUY,3.149e-05,413.23433706
30353742,2017-12-20T08:15:41.777,BUY,3.155e-05,22.0
30353746,2017-12-20T08:15:48.103,BUY,3.155e-05,46.658025
30353753,2017-12-20T08:15:59.45,SELL,3.149e-05,400.0
30353760,2017-12-20T08:16:17.737,BUY,3.15e-05,270.10860169
30353765,2017-12-20T08:16:30.49,BUY,3.15e-05,43.64232276
30353769,2017-12-20T08:16:59.167,BUY,3.15e-05,1319.0
30353770,2017-12-20T08:17:18.887,SELL,3.149e-05,48.34609375
30353773,2017-12-20T08:17:50.64,BUY,3.15e-05,46.4915331
30353776,2017-12-20T08:17:52.61,SELL,3.149e-05,88.72125226
30353778,2017-12-20T08:17:59.437,BUY,3.149e-05,95.26833915
30353791,2017-12-20T08:18:51.74,BUY,3.149e-05,338.90583157
30353792,2017-12-20T08:18:55.397,SELL,3.148e-05,404.50528627
30353793,2017-12-20T08:18:55.397,SELL,3.148e-05,208.89471373
30353795,2017-12-20T08:19:05.1,SELL,3.148e-05,441.52543986
30353796,2017-12-20T08:19:21.103,SELL,3.148e-05,547.66094168
30353797,2017-12-20T08:19:25.683,SELL,3.148e-05,1834.56809474
30353799,2017-12-20T08:19:51.01,SELL,3.148e-05,293.03315399
30353806,2017-12-20T08:20:46.157,BUY,3.149e-05,583.17319671
30353807,2017-12-20T08:20:46.157,BUY,3.149e-05,150.0
30353808,2017-12-20T08:20:46.157,BUY,3.149e-05,356.49072812
30353809,2017-12-20T08:20:46.157,BUY,3.149e-05,400.0
30353813,2017-12-20T08:20:58.063,SELL,3.149e-05,27.26899945
30353820,2017-12-20T08:21:13.83,BUY,3.15e-05,5450.29468281
30353822,2017-12-20T08:21:14.207,BUY,3.15e-05,2870.46285964
30353823,2017-12-20T08:21:14.207,BUY,3.15e-05,10179.8367621
30353824,2017-12-20T08:21:14.207,BUY,3.155e-05,1842.13318263
30353826,2017-12-20T08:21:14.58,BUY,3.155e-05,1266.27580931
30353840,2017-12-20T08:21:17.347,BUY,3.169e-05,966.72856584
30353865,2017-12-20T08:21:26.783,BUY,3.17e-05,982.70356747
30353870,2017-12-20T08:21:29.427,SELL,3.161e-05,951.0
30353887,2017-12-20T08:21:35.24,BUY,3.17e-05,1455.95729338
30353907,2017-12-20T08:21:46.817,BUY,3.17e-05,390.77456947
30353924,2017-12-20T08:22:01.71,SELL,3.161e-05,80.46701237
30353990,2017-12-20T08:22:50.84,SELL,3.162e-05,46.9041541
30353992,2017-12-20T08:22:51.887,BUY,3.162e-05,247.97516769
30354003,2017-12-20T08:22:57.87,BUY,3.17e-05,33.48214285
30354007,2017-12-20T08:22:59.323,BUY,3.17e-05,4000.0
30354011,2017-12-20T08:23:04.293,BUY,3.17e-05,14581.92122218
30354019,2017-12-20T08:23:13.357,BUY,3.17e-05,1074.73062408
30354031,2017-12-20T08:23:27.53,BUY,3.17e-05,75.70977917
30354045,2017-12-20T08:24:01.783,BUY,3.169e-05,89.68687021
30354077,2017-12-20T08:25:27.26,BUY,3.169e-05,140.42100299
30354079,2017-12-20T08:25:30.823,BUY,3.169e-05,244.26757337
30354081,2017-12-20T08:25:43.09,BUY,3.169e-05,170.97779338
30354083,2017-12-20T08:25:45.37,BUY,3.169e-05,300.39788261
30354084,2017-12-20T08:25:53.527,SELL,3.168e-05,350.0
30354086,2017-12-20T08:25:55.887,BUY,3.169e-05,35.6040028
30354087,2017-12-20T08:25:55.903,BUY,3.169e-05,7.56675217
30354090,2017-12-20T08:26:02.153,BUY,3.169e-05,94.6670874
30354093,2017-12-20T08:26:17.733,BUY,3.169e-05,1205.72443911
30354094,2017-12-20T08:26:17.733,BUY,3.169e-05,236.68227327
30354095,2017-12-20T08:26:17.733,BUY,3.169e-05,500.0
30354096,2017-12-20T08:26:17.733,BUY,3.17e-05,2433.15760922
30354097,2017-12-20T08:26:28.767,SELL,3.161e-05,53.59575497
30354102,2017-12-20T08:26:46.397,BUY,3.17e-05,134.20314916
30354106,2017-12-20T08:27:44.323,BUY,3.17e-05,25.0
30354122,2017-12-20T08:28:17.17,BUY,3.17e-05,202.12248243
30354127,2017-12-20T08:28:59.843,SELL,3.161e-05,46.40424503
30354128,2017-12-20T08:28:59.843,SELL,3.161e-05,100.0
30354129,2017-12-20T08:28:59.843,SELL,3.161e-05,29.27691842
30354130,2017-12-20T08:28:59.843,SELL,3.161e-05,5545.92666994
30354132,2017-12-20T08:29:04.407,BUY,3.17e-05,1150.15013286
30354133,2017-12-20T08:29:04.407,BUY,3.17e-05,290.82566109
30354137,2017-12-20T08:29:23.99,BUY,3.17e-05,83.38892642
30354138,2017-12-20T08:29:23.99,BUY,3.17e-05,105.88552152
30354144,2017-12-20T08:30:39.297,BUY,3.17e-05,380.545013
30354147,2017-12-20T08:30:40.53,BUY,3.17e-05,4558.600812
30354156,2017-12-20T08:31:02.72,BUY,3.17e-05,260.19714121
30354184,2017-12-20T08:32:00.647,SELL,3.161e-05,220.59661566
30354185,2017-12-20T08:32:07.68,SELL,3.161e-05,6799.25528447
30354186,2017-12-20T08:32:07.68,SELL,3.154e-05,724.22043436
30354187,2017-12-20T08:32:07.68,SELL,3.152e-05,265.05488579
30354188,2017-12-20T08:32:07.68,SELL,3.15e-05,15833.33333333
30354189,2017-12-20T08:32:07.68,SELL,3.149e-05,4716.50729563
30354190,2017-12-20T08:32:07.68,SELL,3.149e-05,193.73256547
30354191,2017-12-20T08:32:07.68,SELL,3.148e-05,2032.40829344
30354192,2017-12-20T08:32:07.68,SELL,3.139e-05,193.6135712
30354193,2017-12-20T08:32:07.68,SELL,3.135e-05,150.0
30354194,2017-12-20T08:32:07.68,SELL,3.134e-05,105.35123077
30354195,2017-12-20T08:32:07.68,SELL,3.132e-05,1000.0
30354196,2017-12-20T08:32:07.68,SELL,3.131e-05,31.30810788
30354197,2017-12-20T08:32:07.68,SELL,3.131e-05,1407.60737886
30354198,2017-12-20T08:32:07.68,SELL,3.127e-05,150.0
30354199,2017-12-20T08:32:07.68,SELL,3.126e-05,855.20021113
30354200,2017-12-20T08:32:07.68,SELL,3.125e-05,22.344
30354201,2017-12-20T08:32:07.68,SELL,3.123e-05,1000.875
30354202,2017-12-20T08:32:07.68,SELL,3.122e-05,990.47085202
30354204,2017-12-20T08:32:08.07,BUY,3.122e-05,707.76245355
30354206,2017-12-20T08:32:08.303,BUY,3.122e-05,16363.9644305
30354217,2017-12-20T08:32:09.257,BUY,3.17e-05,1873.62929909
30354218,2017-12-20T08:32:09.257,BUY,3.17e-05,100.0
30354219,2017-12-20T08:32:09.257,BUY,3.17e-05,145.84830582
30354220,2017-12-20T08:32:09.257,BUY,3.17e-05,1000.0
30354221,2017-12-20T08:32:09.257,BUY,3.17e-05,455.60370842
30354222,2017-12-20T08:32:09.257,BUY,3.176e-05,1875.21336948
30354240,2017-12-20T08:32:15.587,SELL,3.125e-05,456.84635001
30354282,2017-12-20T08:32:32.807,BUY,3.148e-05,21.78482992
30354283,2017-12-20T08:32:32.807,BUY,3.161e-05,1200.0
30354284,2017-12-20T08:32:32.82,BUY,3.174e-05,950.00593753
30354285,2017-12-20T08:32:32.82,BUY,3.175e-05,3697.29551437
30354358,2017-12-20T08:33:28.423,BUY,3.176e-05,67.13324481
30354374,2017-12-20T08:33:54.41,SELL,3.156e-05,168.56495564
30354375,2017-12-20T08:33:54.41,SELL,3.156e-05,97.85296264
30354377,2017-12-20T08:33:55.397,BUY,3.176e-05,353.99357977
30354378,2017-12-20T08:33:55.397,BUY,3.176e-05,35.0
30354394,2017-12-20T08:34:15.587,SELL,3.176e-05,430.0
30354401,2017-12-20T08:34:28.867,SELL,3.176e-05,56.8068436
30354405,2017-12-20T08:34:37.29,BUY,3.176e-05,270.78984257
30354419,2017-12-20T08:34:49.823,BUY,3.176e-05,21.04297859
30354421,2017-12-20T08:34:49.93,BUY,3.176e-05,154.47809946
30354444,2017-12-20T08:35:36,BUY,3.175e-05,549.87347364
30354445,2017-12-20T08:35:36,BUY,3.176e-05,1718.32598991
30354446,2017-12-20T08:35:37.59,SELL,3.156e-05,2.14703736
30354450,2017-12-20T08:35:39.653,BUY,3.148e-05,190.54993
30354457,2017-12-20T08:35:41.89,BUY,3.148e-05,2.5e-07
30354468,2017-12-20T08:35:57.58,BUY,3.174e-05,487.3530878
30354504,2017-12-20T08:36:36.037,BUY,3.174e-05,280.0
30354505,2017-12-20T08:36:36.037,BUY,3.176e-05,534.94544425
30354509,2017-12-20T08:36:38.13,SELL,3.176e-05,2325.7976288
30354511,2017-12-20T08:36:39.803,BUY,3.174e-05,110.71697216
30354525,2017-12-20T08:36:53.45,BUY,3.177e-05,338.60045144
30354527,2017-12-20T08:36:53.857,BUY,3.177e-05,37.77148253
30354536,2017-12-20T08:37:02.653,SELL,3.174e-05,89.28302784
30354574,2017-12-20T08:37:43.287,BUY,3.176e-05,94.22323441
30354584,2017-12-20T08:37:49.38,BUY,3.176e-05,91.59341524
30354601,2017-12-20T08:38:04.803,SELL,3.148e-05,89.41761437
30354638,2017-12-20T08:38:53.92,BUY,3.174e-05,24.68513853
30354643,2017-12-20T08:38:59.857,BUY,3.174e-05,185.54814191
30354644,2017-12-20T08:38:59.857,BUY,3.176e-05,857.8379675
30354645,2017-12-20T08:38:59.857,BUY,3.176e-05,341.61397601
30354646,2017-12-20T08:38:59.857,BUY,3.176e-05,477.84466978
30354651,2017-12-20T08:39:07.06,BUY,3.175e-05,190.0
30354657,2017-12-20T08:39:16.47,BUY,3.175e-05,286.12766137
30354674,2017-12-20T08:39:36.627,BUY,3.175e-05,24.68513853
30354680,2017-12-20T08:39:43.423,SELL,3.149e-05,158.4339263
30354683,2017-12-20T08:39:44.797,BUY,3.149e-05,141.5660737
30354684,2017-12-20T08:39:44.797,BUY,3.175e-05,1750.17762907
30354707,2017-12-20T08:40:12.317,BUY,3.149e-05,100.0
30354711,2017-12-20T08:40:12.583,BUY,3.149e-05,100.0
30354722,2017-12-20T08:40:17.85,SELL,3.148e-05,101.13231563
30354723,2017-12-20T08:40:17.85,SELL,3.148e-05,79.21696315
30354760,2017-12-20T08:41:13.993,BUY,3.148e-05,127.06480304
30354763,2017-12-20T08:41:25.01,BUY,3.148e-05,503.07381212
30354764,2017-12-20T08:41:25.01,BUY,3.148e-05,295.30918788
30354767,2017-12-20T08:41:26.54,BUY,3.148e-05,2.40223477
30354768,2017-12-20T08:41:26.54,BUY,3.175e-05,746.33176523
30354784,2017-12-20T08:41:38.587,BUY,3.175e-05,9830.66941001
30354785,2017-12-20T08:41:38.587,BUY,3.175e-05,3494.19009477
30354789,2017-12-20T08:41:42.527,BUY,3.175e-05,3217.80900227
30354790,2017-12-20T08:41:42.527,BUY,3.176e-05,3519.15241145
30354810,2017-12-20T08:41:52.79,SELL,3.175e-05,500.24203704
30354813,2017-12-20T08:41:53.7,SELL,3.175e-05,2606.095091
30354830,2017-12-20T08:42:08.887,BUY,3.176e-05,456.353643
30354831,2017-12-20T08:42:08.887,BUY,3.176e-05,887.70700094
30354832,2017-12-20T08:42:10.527,SELL,3.175e-05,2500.0
30354833,2017-12-20T08:42:12.323,SELL,3.175e-05,393.66287196
30354840,2017-12-20T08:42:18.793,SELL,3.17e-05,954.0
30354842,2017-12-20T08:42:27.357,SELL,3.17e-05,61.33004284
30354852,2017-12-20T08:42:48.717,SELL,3.17e-05,2850.52431678
30354859,2017-12-20T08:42:50.937,BUY,3.17e-05,56.90329902
30354871,2017-12-20T08:42:58.123,SELL,3.148e-05,250.0
30354872,2017-12-20T08:42:58.123,SELL,3.14e-05,689.4582628
30354877,2017-12-20T08:42:59.827,SELL,3.14e-05,2487.29332956
30354878,2017-12-20T08:42:59.827,SELL,3.14e-05,392.71898992
30354879,2017-12-20T08:42:59.827,SELL,3.136e-05,5716.21514013
30354887,2017-12-20T08:43:05.903,BUY,3.17e-05,167.31734522
30354891,2017-12-20T08:43:07,BUY,3.17e-05,2933.540651
30354904,2017-12-20T08:43:16.42,BUY,3.17e-05,190.0
30354935,2017-12-20T08:43:36.94,BUY,3.17e-05,946.37223974
30354963,2017-12-20T08:43:55.41,SELL,3.138e-05,953.63884742
30354964,2017-12-20T08:43:55.41,SELL,3.137e-05,0.36115258
30354977,2017-12-20T08:44:16.393,BUY,3.17e-05,157.72870662
30354985,2017-12-20T08:44:26.177,SELL,3.138e-05,350.0
30354987,2017-12-20T08:44:26.71,BUY,3.17e-05,195.23183281
30354990,2017-12-20T08:44:28.79,BUY,3.17e-05,30.10247319
30355004,2017-12-20T08:44:54.277,SELL,3.138e-05,195.0
30355032,2017-12-20T08:45:34.267,SELL,3.139e-05,195.16961743
30355033,2017-12-20T08:45:34.267,SELL,3.138e-05,31.77282266
30355042,2017-12-20T08:45:45.19,BUY,3.138e-05,38.24091778
30355045,2017-12-20T08:45:46.723,BUY,3.138e-05,0.75354626
30355046,2017-12-20T08:45:46.723,BUY,3.138e-05,101.83684645
30355047,2017-12-20T08:45:46.723,BUY,3.138e-05,5797.1386404
30355048,2017-12-20T08:45:46.723,BUY,3.138e-05,38.24091778
30355055,2017-12-20T08:45:49.143,SELL,3.137e-05,3176.39043978
30355056,2017-12-20T08:45:49.143,SELL,3.136e-05,2024.91160094
30355057,2017-12-20T08:45:49.143,SELL,3.135e-05,233.48803828
30355058,2017-12-20T08:45:49.143,SELL,3.132e-05,600.17305117
30355059,2017-12-20T08:45:49.143,SELL,3.13e-05,1594.46930946
30355067,2017-12-20T08:45:51.74,BUY,3.129e-05,50.53695514
30355072,2017-12-20T08:45:52.473,BUY,3.129e-05,540.662467
30355079,2017-12-20T08:45:55.757,BUY,3.129e-05,95.87727709
30355081,2017-12-20T08:45:56.223,BUY,3.129e-05,6265.41208332
30355088,2017-12-20T08:45:57.63,SELL,3.137e-05,390.16961743
30355104,2017-12-20T08:46:07.1,BUY,3.138e-05,12.44156259
30355107,2017-12-20T08:46:07.43,SELL,3.137e-05,1790.0111575
30355158,2017-12-20T08:46:49.543,SELL,3.141e-05,50.0
30355159,2017-12-20T08:46:49.543,SELL,3.14e-05,384.53039376
30355160,2017-12-20T08:46:49.56,SELL,3.14e-05,656.8
30355161,2017-12-20T08:46:49.56,SELL,3.14e-05,1594.46930946
30355162,2017-12-20T08:46:49.56,SELL,3.138e-05,1626.99497453
30355174,2017-12-20T08:47:02.67,BUY,3.168e-05,448.25404922
30355236,2017-12-20T08:47:51.967,BUY,3.168e-05,310.04851057
30355237,2017-12-20T08:47:51.967,BUY,3.169e-05,406.42312899
30355247,2017-12-20T08:48:07.67,BUY,3.172e-05,158.00850962
30355256,2017-12-20T08:48:51.917,BUY,3.172e-05,201.99149038
30355257,2017-12-20T08:48:51.917,BUY,3.175e-05,624.09621663
30355258,2017-12-20T08:48:51.917,BUY,3.175e-05,101.83684644
30355259,2017-12-20T08:48:51.917,BUY,3.175e-05,83.92828731
30355264,2017-12-20T08:48:56.12,SELL,3.175e-05,505.3847982
30355265,2017-12-20T08:48:57.62,SELL,3.175e-05,951.0
30355273,2017-12-20T08:49:06.417,SELL,3.175e-05,951.0
30355305,2017-12-20T08:49:30.717,SELL,3.169e-05,12.52836044
30355306,2017-12-20T08:49:30.717,SELL,3.147e-05,138.07132752
30355325,2017-12-20T08:50:00.797,SELL,3.148e-05,994.01513229
30355334,2017-12-20T08:50:18.047,BUY,3.175e-05,34.58763636
30355335,2017-12-20T08:50:18.047,BUY,3.177e-05,549.43044245
30355343,2017-12-20T08:50:31.327,SELL,3.15e-05,316.0581087
30355344,2017-12-20T08:50:31.327,SELL,3.149e-05,1571.9418913
30355348,2017-12-20T08:50:38.36,SELL,3.149e-05,73.02788204
30355351,2017-12-20T08:50:38.953,BUY,3.176e-05,445.94611126
30355352,2017-12-20T08:50:38.953,BUY,3.177e-05,11784.78412481
30355354,2017-12-20T08:50:40.03,SELL,3.149e-05,362.84928304
30355380,2017-12-20T08:51:01.063,BUY,3.177e-05,62.95247088
30355410,2017-12-20T08:51:26.08,BUY,3.177e-05,300.0
30355418,2017-12-20T08:51:37.72,BUY,3.177e-05,1683.72693815
30355420,2017-12-20T08:51:38.987,BUY,3.177e-05,3658.90514818
30355421,2017-12-20T08:51:38.987,BUY,3.177e-05,265.32761
30355422,2017-12-20T08:51:38.987,BUY,3.177e-05,2700.0
30355423,2017-12-20T08:51:38.987,BUY,3.177e-05,237.1527402
30355424,2017-12-20T08:51:39.003,BUY,3.178e-05,2000.0
30355466,2017-12-20T08:52:43.12,BUY,3.186e-05,199.89869789
30355467,2017-12-20T08:52:43.12,BUY,3.19e-05,471.66458111
30355522,2017-12-20T08:53:53.593,BUY,3.188e-05,498.75
30355528,2017-12-20T08:53:57.393,SELL,3.186e-05,31.30885122
30355529,2017-12-20T08:53:57.393,SELL,3.186e-05,30.60033192
30355530,2017-12-20T08:53:57.393,SELL,3.179e-05,1216.30243359
30355531,2017-12-20T08:53:57.393,SELL,3.177e-05,666.73360527
30355552,2017-12-20T08:54:10.55,BUY,3.186e-05,849.76323682
30355553,2017-12-20T08:54:10.72,SELL,3.177e-05,38.4850125
30355554,2017-12-20T08:54:10.72,SELL,3.163e-05,32.39162378
30355559,2017-12-20T08:54:15.987,BUY,3.163e-05,32.57059793
30355564,2017-12-20T08:54:22.02,SELL,3.153e-05,380.54847024
30355565,2017-12-20T08:54:22.02,SELL,3.152e-05,367.89721011
30355575,2017-12-20T08:54:30.627,SELL,3.154e-05,166.19090308
30355582,2017-12-20T08:54:41.363,SELL,3.154e-05,775.76917489
30355606,2017-12-20T08:55:02.537,SELL,3.153e-05,25.0
30355607,2017-12-20T08:55:02.537,SELL,3.152e-05,222.25274725
30355608,2017-12-20T08:55:03.803,SELL,3.152e-05,1777.74725275
30355615,2017-12-20T08:55:12.24,BUY,3.152e-05,32.42110459
30355631,2017-12-20T08:55:24.303,SELL,3.151e-05,683.00322358
30355632,2017-12-20T08:55:24.303,SELL,3.151e-05,3190.0
30355639,2017-12-20T08:55:36.07,SELL,3.15e-05,1462.20224166
30355659,2017-12-20T08:56:30.41,SELL,3.15e-05,2711.81854058
30355661,2017-12-20T08:56:35.067,BUY,3.151e-05,30.0
30355674,2017-12-20T08:57:34.757,BUY,3.183e-05,38.47292098
30355698,2017-12-20T08:58:20.853,BUY,3.182e-05,24.23159819
30355706,2017-12-20T08:58:28.743,BUY,3.182e-05,100.0
30355709,2017-12-20T08:58:32.103,BUY,3.182e-05,69.26709832
30355720,2017-12-20T08:58:58.23,SELL,3.182e-05,463.62066968
30355744,2017-12-20T08:59:55.27,BUY,3.182e-05,166.41948931
30355753,2017-12-20T09:00:05.83,SELL,3.16e-05,625.87232886
30355766,2017-12-20T09:00:30.723,BUY,3.182e-05,614.57910209
30355767,2017-12-20T09:00:31.317,SELL,3.182e-05,1544.66970363
30355780,2017-12-20T09:01:02.07,BUY,3.185e-05,309.39292614
30355786,2017-12-20T09:01:10.32,BUY,3.185e-05,632.56715183
30355797,2017-12-20T09:01:27.57,BUY,3.186e-05,1422.54821569
30355798,2017-12-20T09:01:27.57,BUY,3.186e-05,107.89616009
30355799,2017-12-20T09:01:27.57,BUY,3.187e-05,128.62692011
30355807,2017-12-20T09:02:04.07,BUY,3.187e-05,64.98665109
30355808,2017-12-20T09:02:04.07,BUY,3.187e-05,342.51297197
30355810,2017-12-20T09:02:04.727,BUY,3.187e-05,1000.0
30355812,2017-12-20T09:02:05.617,BUY,3.187e-05,483.74743725
30355815,2017-12-20T09:02:09.523,BUY,3.186e-05,941.32412927
30355816,2017-12-20T09:02:10.21,SELL,3.185e-05,656.8
30355823,2017-12-20T09:02:19.43,BUY,3.186e-05,58.67587073
30355824,2017-12-20T09:02:19.43,BUY,3.186e-05,131.11976293
30355825,2017-12-20T09:02:19.43,BUY,3.187e-05,1872.78240917
30355849,2017-12-20T09:03:01.087,BUY,3.187e-05,318.28214215
30355852,2017-12-20T09:03:10.197,BUY,3.187e-05,61.78348449
30355854,2017-12-20T09:03:14.353,BUY,3.187e-05,600.0
30355857,2017-12-20T09:03:17.09,BUY,3.187e-05,36.91970662
30355869,2017-12-20T09:03:22.527,BUY,3.187e-05,100.0
30355871,2017-12-20T09:03:24.7,BUY,3.187e-05,31.37747097
30355874,2017-12-20T09:03:35.713,SELL,3.185e-05,63.37135614
30355878,2017-12-20T09:03:46.527,BUY,3.187e-05,3144.01418153
30355882,2017-12-20T09:03:50.653,BUY,3.187e-05,176.05812891
30355890,2017-12-20T09:04:28.42,SELL,3.185e-05,357.0
30355894,2017-12-20T09:04:33.39,SELL,3.185e-05,1145.56270979
30355895,2017-12-20T09:04:33.39,SELL,3.185e-05,4925.42261538
30355897,2017-12-20T09:04:34.327,BUY,3.185e-05,31.30885122
30355899,2017-12-20T09:04:35.31,BUY,3.185e-05,36.69397363
30355901,2017-12-20T09:04:35.61,BUY,3.185e-05,258.49558145
30355911,2017-12-20T09:04:56.813,BUY,3.184e-05,39.75444206
30355918,2017-12-20T09:05:07.503,BUY,3.185e-05,1564.95136492
30355927,2017-12-20T09:05:20.507,BUY,3.185e-05,538.14306377
30355931,2017-12-20T09:05:24.85,BUY,3.185e-05,78.2967033
30355934,2017-12-20T09:05:32.43,BUY,3.185e-05,2084.90873077
30355938,2017-12-20T09:05:39.02,SELL,3.184e-05,31.37747097
30355960,2017-12-20T09:05:58.303,BUY,3.185e-05,50.0
30355963,2017-12-20T09:06:05.507,BUY,3.185e-05,313.18681319
30355975,2017-12-20T09:06:36.87,BUY,3.185e-05,2036.19648169
30355976,2017-12-20T09:06:36.87,BUY,3.185e-05,166.13184192
30355983,2017-12-20T09:06:48.963,BUY,3.185e-05,62.97717033
30355994,2017-12-20T09:07:06.093,BUY,3.185e-05,58.93862637
30355999,2017-12-20T09:07:09.563,SELL,3.184e-05,1811.08554332
30356000,2017-12-20T09:07:09.563,SELL,3.183e-05,50.0
30356001,2017-12-20T09:07:09.563,SELL,3.182e-05,4533.95362357
30356002,2017-12-20T09:07:09.563,SELL,3.163e-05,160.82674676
30356003,2017-12-20T09:07:09.563,SELL,3.16e-05,1905.517
30356004,2017-12-20T09:07:09.58,SELL,3.159e-05,388.66639184
30356005,2017-12-20T09:07:09.58,SELL,3.159e-05,226.8214238
30356006,2017-12-20T09:07:09.58,SELL,3.158e-05,2000.0
30356007,2017-12-20T09:07:09.58,SELL,3.158e-05,172.71342622
30356008,2017-12-20T09:07:09.58,SELL,3.155e-05,948.50038138
30356009,2017-12-20T09:07:09.58,SELL,3.154e-05,684.611
30356010,2017-12-20T09:07:09.58,SELL,3.152e-05,3000.0
30356011,2017-12-20T09:07:09.58,SELL,3.151e-05,50.0
30356012,2017-12-20T09:07:09.58,SELL,3.151e-05,38.69222532
30356013,2017-12-20T09:07:09.58,SELL,3.15e-05,5642.62783443
30356014,2017-12-20T09:07:09.58,SELL,3.145e-05,243.47408585
30356015,2017-12-20T09:07:09.58,SELL,3.143e-05,1594.46930946
30356016,2017-12-20T09:07:09.58,SELL,3.137e-05,826.36279805
30356035,2017-12-20T09:07:19.47,SELL,3.147e-05,45.0405331
30356045,2017-12-20T09:07:22.3,BUY,3.184e-05,380.0
30356055,2017-12-20T09:07:26.58,BUY,3.183e-05,948.50038138
30356056,2017-12-20T09:07:26.58,BUY,3.185e-05,4825.38374999
30356057,2017-12-20T09:07:26.58,BUY,3.185e-05,484.41698141
30356058,2017-12-20T09:07:26.58,BUY,3.185e-05,82.81340931
30356059,2017-12-20T09:07:26.58,BUY,3.185e-05,300.0
30356060,2017-12-20T09:07:27.923,SELL,3.185e-05,6248.49851219
30356084,2017-12-20T09:07:47.943,BUY,3.186e-05,31.38731952
30356099,2017-12-20T09:07:58.4,SELL,3.185e-05,2624.52967046
30356100,2017-12-20T09:07:59.04,SELL,3.185e-05,2500.0
30356136,2017-12-20T09:08:29.17,BUY,3.186e-05,131.99552844
30356150,2017-12-20T09:08:48.877,SELL,3.185e-05,185.36393222
30356163,2017-12-20T09:09:06.64,BUY,3.186e-05,31.38731952
30356165,2017-12-20T09:09:09.017,BUY,3.186e-05,805.22983252
30356166,2017-12-20T09:09:09.017,BUY,3.186e-05,1600.0
30356167,2017-12-20T09:09:09.017,BUY,3.186e-05,362.34534162
30356180,2017-12-20T09:09:24.94,BUY,3.186e-05,75.0
30356184,2017-12-20T09:09:27.28,BUY,3.186e-05,31.38731952
30356186,2017-12-20T09:09:31.517,SELL,3.185e-05,600.17305117
30356189,2017-12-20T09:09:35.703,SELL,3.185e-05,2062.57804283
30356206,2017-12-20T09:10:01.38,BUY,3.186e-05,478.39945988
30356214,2017-12-20T09:10:29.553,BUY,3.187e-05,167.0
30356215,2017-12-20T09:10:29.553,BUY,3.187e-05,233.48803828
30356242,2017-12-20T09:10:49.663,BUY,3.19e-05,2076.50720953
30356243,2017-12-20T09:10:49.837,SELL,3.19e-05,2169.70770113
30356244,2017-12-20T09:10:49.837,SELL,3.187e-05,538.48278067
30356245,2017-12-20T09:10:49.837,SELL,3.187e-05,500.0
30356246,2017-12-20T09:10:49.837,SELL,3.187e-05,185.58508103
30356247,2017-12-20T09:10:49.837,SELL,3.186e-05,65.69013993
30356248,2017-12-20T09:10:49.837,SELL,3.186e-05,185.58508103
30356249,2017-12-20T09:10:49.837,SELL,3.186e-05,31.30885122
30356250,2017-12-20T09:10:49.837,SELL,3.185e-05,6324.16435246
30356279,2017-12-20T09:11:16.18,SELL,3.186e-05,138.14800299
30356315,2017-12-20T09:11:41.01,BUY,3.199e-05,68.34788524
30356316,2017-12-20T09:11:41.01,BUY,3.199e-05,192.91621707
30356317,2017-12-20T09:11:41.01,BUY,3.199e-05,2590.1322106
30356320,2017-12-20T09:11:42.557,SELL,3.19e-05,100.0
30356321,2017-12-20T09:11:42.557,SELL,3.19e-05,918.0
30356355,2017-12-20T09:12:18.65,SELL,3.19e-05,100.0
30356359,2017-12-20T09:12:23.463,BUY,3.199e-05,500.0
30356373,2017-12-20T09:12:35.527,SELL,3.19e-05,94.16195856
30356380,2017-12-20T09:12:39.81,BUY,3.199e-05,370.9338221
30356403,2017-12-20T09:13:20.543,BUY,3.199e-05,1137.487
30356404,2017-12-20T09:13:20.543,BUY,3.199e-05,34.80033192
30356405,2017-12-20T09:13:20.543,BUY,3.2e-05,265.05488579
30356406,2017-12-20T09:13:20.543,BUY,3.201e-05,225.92356486
30356407,2017-12-20T09:13:20.543,BUY,3.201e-05,7606.36987523
30356441,2017-12-20T09:13:43.62,BUY,3.201e-05,430.83917821
30356451,2017-12-20T09:13:53.527,BUY,3.201e-05,77.95404814
30356454,2017-12-20T09:13:57.497,SELL,3.192e-05,339.1503125
30356466,2017-12-20T09:14:12.653,BUY,3.192e-05,62.5
30356491,2017-12-20T09:14:28.12,SELL,3.19e-05,287.83804144
30356492,2017-12-20T09:14:28.12,SELL,3.19e-05,61.88596808
30356497,2017-12-20T09:14:30.013,BUY,3.192e-05,104.77120631
30356504,2017-12-20T09:14:37.967,BUY,3.192e-05,1876.0
30356524,2017-12-20T09:14:45.03,BUY,3.192e-05,40.81957031
30356528,2017-12-20T09:14:49.687,BUY,3.192e-05,47.50743558
30356543,2017-12-20T09:15:19.267,BUY,3.192e-05,225.184
30356545,2017-12-20T09:15:19.813,BUY,3.192e-05,1400.842
30356565,2017-12-20T09:15:34.067,BUY,3.192e-05,281.027
30356569,2017-12-20T09:15:35.44,BUY,3.192e-05,200.0
30356573,2017-12-20T09:15:36.377,BUY,3.192e-05,7886.13377192
30356581,2017-12-20T09:15:40.627,BUY,3.192e-05,393.9978125
30356590,2017-12-20T09:15:49.207,BUY,3.192e-05,100.0
30356599,2017-12-20T09:15:54.35,BUY,3.192e-05,661.8121882
30356640,2017-12-20T09:16:24.18,BUY,3.192e-05,105.7065625
30356648,2017-12-20T09:16:34.807,BUY,3.192e-05,165.625
30356651,2017-12-20T09:16:38.133,BUY,3.192e-05,607.60415731
30356652,2017-12-20T09:16:38.133,BUY,3.192e-05,17.39584269
30356662,2017-12-20T09:17:00.4,SELL,3.19e-05,28.93862637
30356690,2017-12-20T09:17:35.013,SELL,3.19e-05,159.17540555
30356691,2017-12-20T09:17:35.013,SELL,3.19e-05,781.73981191
30356694,2017-12-20T09:17:35.87,BUY,3.19e-05,647.55977096
30356697,2017-12-20T09:17:35.997,BUY,3.19e-05,355.75242842
30356703,2017-12-20T09:17:38.95,BUY,3.19e-05,529.11623663
30356705,2017-12-20T09:17:38.98,BUY,3.19e-05,1212.75234887
30356716,2017-12-20T09:17:44.607,SELL,3.186e-05,41.27134347
30356722,2017-12-20T09:17:52.373,BUY,3.19e-05,1000.0
30356724,2017-12-20T09:17:57.42,BUY,3.19e-05,100.0
30356728,2017-12-20T09:18:00.107,BUY,3.19e-05,327.33538628
30356733,2017-12-20T09:18:09.217,SELL,3.19e-05,183.76523208
30356737,2017-12-20T09:18:11.687,SELL,3.188e-05,2231.00568556
30356741,2017-12-20T09:18:12.92,BUY,3.19e-05,40.0
30356745,2017-12-20T09:18:13.28,BUY,3.19e-05,279.32044994
30356761,2017-12-20T09:18:23.717,BUY,3.192e-05,295.20184408
30356779,2017-12-20T09:18:40.427,SELL,3.192e-05,36.10108303
30356784,2017-12-20T09:18:43.6,BUY,3.196e-05,28.74085889
30356808,2017-12-20T09:19:10.04,BUY,3.196e-05,286.52462784
30356809,2017-12-20T09:19:10.04,BUY,3.2e-05,50.0
30356810,2017-12-20T09:19:10.04,BUY,3.204e-05,168.56495564
30356811,2017-12-20T09:19:10.04,BUY,3.205e-05,815.28586349
30356813,2017-12-20T09:19:10.213,BUY,3.205e-05,25.0
30356852,2017-12-20T09:19:37.37,BUY,3.205e-05,3156.71413651
30356853,2017-12-20T09:19:37.37,BUY,3.205e-05,965.0444722
30356867,2017-12-20T09:19:55.28,SELL,3.205e-05,62.93355934
