42166176,2017-12-19T05:12:28.247,BUY,4.944e-05,440.0
42166182,2017-12-19T05:12:29.23,BUY,4.944e-05,24.0
42166186,2017-12-19T05:12:30.7,BUY,4.944e-05,58.0
42166187,2017-12-19T05:12:30.76,SELL,4.94e-05,16.30518844
42166188,2017-12-19T05:12:30.76,SELL,4.94e-05,467.31592545
42166189,2017-12-19T05:12:31.26,SELL,4.94e-05,609.7241867
42166192,2017-12-19T05:12:32.433,BUY,4.944e-05,24.0
42166194,2017-12-19T05:12:33.637,BUY,4.944e-05,58.0
42166199,2017-12-19T05:12:35.353,BUY,4.944e-05,24.0
42166202,2017-12-19T05:12:36.09,SELL,4.94e-05,591.11111111
42166206,2017-12-19T05:12:37.277,BUY,4.944e-05,58.0
42166208,2017-12-19T05:12:37.48,BUY,4.944e-05,238.38857858
42166212,2017-12-19T05:12:38.26,BUY,4.944e-05,24.0
42166215,2017-12-19T05:12:39.683,BUY,4.944e-05,58.0
42166219,2017-12-19T05:12:41.667,BUY,4.944e-05,24.0
42166223,2017-12-19T05:12:43.293,BUY,4.944e-05,24.0
42166226,2017-12-19T05:12:44.793,BUY,4.944e-05,24.0
42166229,2017-12-19T05:12:45.323,BUY,4.944e-05,58.0
42166232,2017-12-19T05:12:46.73,BUY,4.944e-05,24.0
42166237,2017-12-19T05:12:48.247,BUY,4.944e-05,24.0
42166239,2017-12-19T05:12:48.73,BUY,4.944e-05,58.0
42166241,2017-12-19T05:12:48.747,BUY,4.944e-05,600.0
42166244,2017-12-19T05:12:49.823,BUY,4.944e-05,24.0
42166247,2017-12-19T05:12:51.48,BUY,4.944e-05,150.0
42166249,2017-12-19T05:12:51.933,BUY,4.944e-05,58.0
42166255,2017-12-19T05:12:54.37,BUY,4.944e-05,24.0
42166257,2017-12-19T05:12:54.48,BUY,4.944e-05,58.0
42166259,2017-12-19T05:12:54.497,BUY,4.944e-05,24.0
42166264,2017-12-19T05:12:55.98,BUY,4.944e-05,24.0
42166270,2017-12-19T05:12:57.42,BUY,4.944e-05,58.0
42166274,2017-12-19T05:12:59.59,BUY,4.944e-05,24.0
42166276,2017-12-19T05:13:00.637,BUY,4.944e-05,24.0
42166279,2017-12-19T05:13:01.12,BUY,4.944e-05,58.0
42166281,2017-12-19T05:13:01.42,SELL,4.942e-05,50.0
42166283,2017-12-19T05:13:01.433,BUY,4.944e-05,24.0
42166287,2017-12-19T05:13:02.823,BUY,4.944e-05,1602.575037
42166288,2017-12-19T05:13:02.823,BUY,4.944e-05,48.32879432
42166289,2017-12-19T05:13:02.823,BUY,4.944e-05,184.77688932
42166290,2017-12-19T05:13:02.823,BUY,4.944e-05,42.591565
42166291,2017-12-19T05:13:02.823,BUY,4.944e-05,135.95353295
42166293,2017-12-19T05:13:03.48,BUY,4.948e-05,24.0
42166297,2017-12-19T05:13:04.013,SELL,4.944e-05,106.0
42166298,2017-12-19T05:13:04.013,SELL,4.944e-05,58.0
42166299,2017-12-19T05:13:04.013,SELL,4.944e-05,49.67718244
42166300,2017-12-19T05:13:04.013,SELL,4.942e-05,40.3682339
42166301,2017-12-19T05:13:04.013,SELL,4.941e-05,48.70687049
42166302,2017-12-19T05:13:04.013,SELL,4.94e-05,62.02888315
42166303,2017-12-19T05:13:04.013,SELL,4.94e-05,269.0
42166304,2017-12-19T05:13:04.013,SELL,4.939e-05,1399.46335553
42166312,2017-12-19T05:13:05.92,BUY,4.939e-05,24.0
42166314,2017-12-19T05:13:06.37,BUY,4.939e-05,58.0
42166317,2017-12-19T05:13:08.293,BUY,4.939e-05,24.0
42166319,2017-12-19T05:13:08.763,BUY,4.939e-05,226.40619325
42166322,2017-12-19T05:13:09.403,BUY,4.939e-05,58.0
42166328,2017-12-19T05:13:10.607,BUY,4.939e-05,24.0
42166331,2017-12-19T05:13:11.747,SELL,4.934e-05,1731.99676736
42166333,2017-12-19T05:13:12.263,BUY,4.934e-05,24.0
42166337,2017-12-19T05:13:12.81,BUY,4.934e-05,58.0
42166341,2017-12-19T05:13:13.827,BUY,4.934e-05,24.0
42166343,2017-12-19T05:13:14.2,BUY,4.934e-05,250.0
42166345,2017-12-19T05:13:14.763,BUY,4.934e-05,1749.22507088
42166346,2017-12-19T05:13:14.763,BUY,4.939e-05,29135.56118899
42166351,2017-12-19T05:13:15.497,BUY,4.939e-05,24.0
42166353,2017-12-19T05:13:15.717,BUY,4.939e-05,39.35853462
42166357,2017-12-19T05:13:17.577,BUY,4.939e-05,14282.71824661
42166360,2017-12-19T05:13:18.153,BUY,4.948e-05,8.4245792
42166361,2017-12-19T05:13:18.153,BUY,4.949e-05,15.5754208
42166367,2017-12-19T05:13:21.077,BUY,4.949e-05,24.0
42166371,2017-12-19T05:13:21.59,BUY,4.949e-05,57.0
42166377,2017-12-19T05:13:24.06,BUY,4.949e-05,24.0
42166379,2017-12-19T05:13:24.763,BUY,4.948e-05,57.0
42166381,2017-12-19T05:13:25.23,BUY,4.948e-05,220.39671912
42166382,2017-12-19T05:13:25.247,BUY,4.949e-05,2294.76617277
42166383,2017-12-19T05:13:25.247,BUY,4.949e-05,13519.25979906
42166388,2017-12-19T05:13:26.543,BUY,4.949e-05,24.0
42166390,2017-12-19T05:13:27.217,BUY,4.949e-05,19.58637738
42166392,2017-12-19T05:13:27.497,BUY,4.949e-05,57.0
42166394,2017-12-19T05:13:29.763,BUY,4.945e-05,20.0
42166397,2017-12-19T05:13:30.827,BUY,4.949e-05,57.0
42166400,2017-12-19T05:13:31.653,BUY,4.949e-05,24.0
42166403,2017-12-19T05:13:34.39,BUY,4.949e-05,54.99688063
42166404,2017-12-19T05:13:34.39,BUY,4.959e-05,2.00311937
42166406,2017-12-19T05:13:34.53,BUY,4.959e-05,24.0
42166408,2017-12-19T05:13:35.123,SELL,4.948e-05,30.0
42166413,2017-12-19T05:13:36.64,BUY,4.959e-05,57.0
42166416,2017-12-19T05:13:37.84,BUY,4.959e-05,24.0
42166419,2017-12-19T05:13:39.467,BUY,4.959e-05,57.0
42166424,2017-12-19T05:13:42.42,BUY,4.959e-05,24.0
42166427,2017-12-19T05:13:42.95,BUY,4.959e-05,58.0
42166429,2017-12-19T05:13:44.577,BUY,4.959e-05,24.74072934
42166431,2017-12-19T05:13:45.75,BUY,4.959e-05,29.25615129
42166432,2017-12-19T05:13:45.75,BUY,4.959e-05,28.74384871
42166439,2017-12-19T05:13:48.187,BUY,4.959e-05,24.0
42166441,2017-12-19T05:13:48.653,BUY,4.959e-05,147.25615129
42166442,2017-12-19T05:13:48.653,BUY,4.959e-05,467.68021191
42166445,2017-12-19T05:13:48.78,BUY,4.959e-05,58.0
42166448,2017-12-19T05:13:49.5,BUY,4.959e-05,160.61595356
42166453,2017-12-19T05:13:50.093,BUY,4.959e-05,24.0
42166455,2017-12-19T05:13:51.077,BUY,4.959e-05,799.42541818
42166461,2017-12-19T05:13:51.513,BUY,4.96e-05,24.0
42166465,2017-12-19T05:13:52.437,BUY,4.96e-05,2948.1197977
42166471,2017-12-19T05:13:54.517,BUY,4.975e-05,20.0
42166472,2017-12-19T05:13:54.517,BUY,4.976e-05,38.0
42166478,2017-12-19T05:13:56.657,BUY,4.976e-05,24.0
42166481,2017-12-19T05:13:57.483,BUY,4.976e-05,58.0
42166485,2017-12-19T05:13:58.5,BUY,4.976e-05,24.0
42166489,2017-12-19T05:14:00.56,BUY,4.976e-05,24.0
42166491,2017-12-19T05:14:00.623,BUY,4.976e-05,182.17268324
42166495,2017-12-19T05:14:00.86,BUY,4.976e-05,78.43573834
42166498,2017-12-19T05:14:01.453,SELL,4.96e-05,150.0
42166500,2017-12-19T05:14:02.217,BUY,4.976e-05,58.0
42166503,2017-12-19T05:14:02.78,BUY,4.976e-05,24.0
42166506,2017-12-19T05:14:03.64,BUY,4.976e-05,25.12658059
42166507,2017-12-19T05:14:03.64,BUY,4.976e-05,32.87341941
42166510,2017-12-19T05:14:04.873,BUY,4.976e-05,167.12658059
42166511,2017-12-19T05:14:04.873,BUY,4.976e-05,15.0
42166515,2017-12-19T05:14:05.437,BUY,4.978e-05,125.0
42166519,2017-12-19T05:14:06.157,BUY,4.978e-05,24.0
42166524,2017-12-19T05:14:07.14,BUY,4.978e-05,58.0
42166528,2017-12-19T05:14:07.67,BUY,4.978e-05,24.0
42166530,2017-12-19T05:14:08.343,BUY,4.978e-05,24.0
42166536,2017-12-19T05:14:09.453,BUY,4.978e-05,58.0
42166538,2017-12-19T05:14:09.907,SELL,4.976e-05,221.93495041
42166540,2017-12-19T05:14:10.593,BUY,4.978e-05,24.0
42166544,2017-12-19T05:14:12.077,BUY,4.978e-05,24.0
42166547,2017-12-19T05:14:12.89,BUY,4.978e-05,58.0
42166550,2017-12-19T05:14:14.233,BUY,4.978e-05,871.11160349
42166551,2017-12-19T05:14:14.233,BUY,4.978e-05,702.86736021
42166552,2017-12-19T05:14:14.233,BUY,4.978e-05,437.49599273
42166559,2017-12-19T05:14:15.017,SELL,4.978e-05,1772.86210464
42166562,2017-12-19T05:14:15.593,BUY,4.977e-05,58.0
42166564,2017-12-19T05:14:15.64,BUY,4.977e-05,24.0
42166567,2017-12-19T05:14:17.297,BUY,4.977e-05,24.0
42166568,2017-12-19T05:14:17.517,SELL,4.976e-05,53.54465624
42166569,2017-12-19T05:14:18.157,SELL,4.976e-05,146.97008351
42166570,2017-12-19T05:14:18.157,SELL,4.976e-05,63.0
42166574,2017-12-19T05:14:18.78,BUY,4.976e-05,58.0
42166579,2017-12-19T05:14:20.907,BUY,4.976e-05,24.0
42166581,2017-12-19T05:14:20.937,BUY,4.976e-05,100.0
42166585,2017-12-19T05:14:21.733,BUY,4.976e-05,58.0
42166587,2017-12-19T05:14:22.25,BUY,4.976e-05,24.0
42166591,2017-12-19T05:14:23.733,BUY,4.976e-05,179.28999847
42166593,2017-12-19T05:14:23.78,BUY,4.976e-05,24.0
42166596,2017-12-19T05:14:24.28,BUY,4.976e-05,24.0
42166598,2017-12-19T05:14:24.483,BUY,4.976e-05,298.73991802
42166599,2017-12-19T05:14:24.483,BUY,4.976e-05,1377.02136349
42166602,2017-12-19T05:14:24.92,BUY,4.976e-05,58.0
42166608,2017-12-19T05:14:25.983,BUY,4.976e-05,24.0
42166610,2017-12-19T05:14:26.017,BUY,4.976e-05,737.426446
42166613,2017-12-19T05:14:26.36,BUY,4.976e-05,263.24836827
42166615,2017-12-19T05:14:26.627,BUY,4.976e-05,750.63526364
42166616,2017-12-19T05:14:26.627,BUY,4.977e-05,12855.36473636
42166619,2017-12-19T05:14:27.767,BUY,4.977e-05,58.0
42166624,2017-12-19T05:14:30.953,BUY,4.977e-05,153.3546
42166626,2017-12-19T05:14:32.953,BUY,4.977e-05,58.0
42166631,2017-12-19T05:14:33.937,BUY,4.977e-05,20.0
42166639,2017-12-19T05:14:36.593,BUY,4.977e-05,58.0
42166644,2017-12-19T05:14:37.657,BUY,4.972e-05,351.44387373
42166647,2017-12-19T05:14:39.563,BUY,4.972e-05,58.0
42166656,2017-12-19T05:14:43.203,BUY,4.972e-05,40.55612627
42166657,2017-12-19T05:14:43.203,BUY,4.977e-05,17.44387373
42166659,2017-12-19T05:14:45.25,BUY,4.977e-05,19.15914495
42166661,2017-12-19T05:14:46.063,BUY,4.977e-05,58.0
42166663,2017-12-19T05:14:46.563,SELL,4.965e-05,150.0
42166667,2017-12-19T05:14:48.58,BUY,4.977e-05,58.0
42166669,2017-12-19T05:14:51.75,BUY,4.977e-05,58.0
42166671,2017-12-19T05:14:52.25,SELL,4.965e-05,318.16913913
42166672,2017-12-19T05:14:52.25,SELL,4.964e-05,1863.18611207
42166673,2017-12-19T05:14:52.25,SELL,4.962e-05,1389.63409613
42166674,2017-12-19T05:14:52.25,SELL,4.961e-05,2995.68109522
42166684,2017-12-19T05:14:55,BUY,4.976e-05,58.0
42166687,2017-12-19T05:14:55.5,BUY,4.976e-05,222.0
42166688,2017-12-19T05:14:55.61,SELL,4.961e-05,3000.0
42166698,2017-12-19T05:14:57.877,BUY,4.976e-05,129.4107908
42166700,2017-12-19T05:14:57.97,BUY,4.976e-05,58.0
42166701,2017-12-19T05:14:58.55,SELL,4.961e-05,15933.2003641
42166705,2017-12-19T05:15:00.83,BUY,4.965e-05,58.0
42166708,2017-12-19T05:15:00.923,BUY,4.965e-05,27.115656
42166709,2017-12-19T05:15:00.923,BUY,4.976e-05,98.884344
42166712,2017-12-19T05:15:01.563,BUY,4.976e-05,1000.0
42166714,2017-12-19T05:15:03.987,SELL,4.961e-05,1422.33920879
42166717,2017-12-19T05:15:04.347,BUY,4.976e-05,58.0
42166722,2017-12-19T05:15:07.05,BUY,4.976e-05,58.0
42166725,2017-12-19T05:15:08.97,BUY,4.976e-05,5906.98693973
42166726,2017-12-19T05:15:08.97,BUY,4.976e-05,71.46905006
42166727,2017-12-19T05:15:08.97,BUY,4.976e-05,923.54401021
42166731,2017-12-19T05:15:09.83,BUY,4.976e-05,352.69082117
42166733,2017-12-19T05:15:09.907,BUY,4.976e-05,58.0
42166737,2017-12-19T05:15:12.627,BUY,4.975e-05,58.0
42166741,2017-12-19T05:15:16.11,BUY,4.975e-05,58.0
42166744,2017-12-19T05:15:19.237,BUY,4.974e-05,58.0
42166749,2017-12-19T05:15:21.8,BUY,4.974e-05,58.0
42166755,2017-12-19T05:15:24.987,BUY,4.974e-05,58.0
42166762,2017-12-19T05:15:27.72,BUY,4.974e-05,161.50477387
42166764,2017-12-19T05:15:27.753,BUY,4.974e-05,148.84023317
42166771,2017-12-19T05:15:29.27,BUY,4.973e-05,58.0
42166775,2017-12-19T05:15:30.097,BUY,4.973e-05,3991.30806383
42166776,2017-12-19T05:15:30.097,BUY,4.974e-05,6081.78437271
42166778,2017-12-19T05:15:30.58,SELL,4.974e-05,93.32955792
42166794,2017-12-19T05:15:37.33,BUY,4.975e-05,58.0
42166796,2017-12-19T05:15:40.05,BUY,4.975e-05,58.0
42166798,2017-12-19T05:15:42.127,BUY,4.975e-05,24.0
42166800,2017-12-19T05:15:43.393,BUY,4.975e-05,58.0
42166804,2017-12-19T05:15:46.037,BUY,4.975e-05,200.92425156
42166807,2017-12-19T05:15:46.16,BUY,4.975e-05,58.0
42166808,2017-12-19T05:15:46.16,BUY,4.975e-05,24.0
42166811,2017-12-19T05:15:46.317,BUY,4.975e-05,24.0
42166814,2017-12-19T05:15:48.33,BUY,4.975e-05,24.0
42166817,2017-12-19T05:15:49.08,BUY,4.975e-05,58.0
42166819,2017-12-19T05:15:49.987,BUY,4.975e-05,24.0
42166824,2017-12-19T05:15:51.643,BUY,4.975e-05,24.0
42166826,2017-12-19T05:15:51.83,BUY,4.975e-05,58.0
42166830,2017-12-19T05:15:54.16,BUY,4.975e-05,24.0
42166831,2017-12-19T05:15:54.427,SELL,4.974e-05,786.02953901
42166833,2017-12-19T05:15:54.487,BUY,4.974e-05,500.0
42166835,2017-12-19T05:15:54.91,BUY,4.974e-05,58.0
42166836,2017-12-19T05:15:55.503,SELL,4.973e-05,58.0
42166837,2017-12-19T05:15:55.503,SELL,4.972e-05,30.0
42166838,2017-12-19T05:15:55.503,SELL,4.968e-05,90.3682339
42166839,2017-12-19T05:15:55.503,SELL,4.965e-05,400.0
42166840,2017-12-19T05:15:55.503,SELL,4.962e-05,38.78369256
42166841,2017-12-19T05:15:55.503,SELL,4.959e-05,347.24584645
42166843,2017-12-19T05:15:55.847,BUY,4.974e-05,183.6647561
42166846,2017-12-19T05:15:56.8,BUY,4.974e-05,24.0
42166851,2017-12-19T05:15:58.02,BUY,4.974e-05,58.0
42166853,2017-12-19T05:15:58.393,BUY,4.974e-05,24.0
42166858,2017-12-19T05:16:00.207,BUY,4.974e-05,24.0
42166860,2017-12-19T05:16:00.8,BUY,4.974e-05,58.0
42166862,2017-12-19T05:16:01.927,BUY,4.974e-05,24.0
42166865,2017-12-19T05:16:03.613,BUY,4.972e-05,24.0
42166867,2017-12-19T05:16:03.817,BUY,4.974e-05,58.0
42166870,2017-12-19T05:16:05.287,BUY,4.972e-05,24.0
42166875,2017-12-19T05:16:06.66,BUY,4.974e-05,100.0
42166877,2017-12-19T05:16:06.863,SELL,4.972e-05,3784.33706107
42166879,2017-12-19T05:16:07.097,BUY,4.974e-05,24.0
42166881,2017-12-19T05:16:07.287,BUY,4.974e-05,58.0
42166882,2017-12-19T05:16:07.38,SELL,4.972e-05,234.64335727
42166884,2017-12-19T05:16:08.253,BUY,4.974e-05,21.86993312
42166885,2017-12-19T05:16:08.38,SELL,4.972e-05,525.27728681
42166886,2017-12-19T05:16:08.38,SELL,4.959e-05,4018.98041834
42166888,2017-12-19T05:16:09.99,BUY,4.974e-05,58.0
42166891,2017-12-19T05:16:11.567,BUY,4.974e-05,24.0
42166893,2017-12-19T05:16:12.817,BUY,4.974e-05,24.0
42166895,2017-12-19T05:16:12.847,BUY,4.974e-05,58.0
42166897,2017-12-19T05:16:13.427,BUY,4.974e-05,11.39556337
42166898,2017-12-19T05:16:13.44,BUY,4.974e-05,2016.37355973
42166899,2017-12-19T05:16:13.44,BUY,4.974e-05,116.24313077
42166900,2017-12-19T05:16:13.44,BUY,4.974e-05,150.0
42166901,2017-12-19T05:16:13.44,BUY,4.975e-05,1205.98774613
42166904,2017-12-19T05:16:16.427,BUY,4.975e-05,24.0
42166907,2017-12-19T05:16:17.973,BUY,4.975e-05,24.0
42166908,2017-12-19T05:16:18.223,SELL,4.974e-05,28.80015531
42166910,2017-12-19T05:16:18.787,BUY,4.975e-05,58.0
42166914,2017-12-19T05:16:20.427,BUY,4.975e-05,24.0
42166916,2017-12-19T05:16:20.723,BUY,4.975e-05,24.0
42166918,2017-12-19T05:16:21.943,BUY,4.975e-05,58.0
42166920,2017-12-19T05:16:21.973,BUY,4.975e-05,24.0
42166924,2017-12-19T05:16:24.943,BUY,4.974e-05,58.0
42166926,2017-12-19T05:16:27.193,SELL,4.972e-05,1647.0731859
42166928,2017-12-19T05:16:27.927,BUY,4.974e-05,58.0
42166934,2017-12-19T05:16:31.13,BUY,4.974e-05,58.0
42166936,2017-12-19T05:16:31.55,BUY,4.974e-05,24.0
42166938,2017-12-19T05:16:31.63,BUY,4.974e-05,24.0
42166943,2017-12-19T05:16:34.037,BUY,4.974e-05,19.51539155
42166944,2017-12-19T05:16:34.037,BUY,4.975e-05,38.48460845
42166946,2017-12-19T05:16:34.443,BUY,4.975e-05,24.0
42166950,2017-12-19T05:16:36.91,BUY,4.975e-05,58.0
42166952,2017-12-19T05:16:37.757,BUY,4.975e-05,24.0
42166954,2017-12-19T05:16:37.897,BUY,4.975e-05,24.0
42166958,2017-12-19T05:16:39.41,BUY,4.975e-05,24.0
42166961,2017-12-19T05:16:39.85,BUY,4.975e-05,58.0
42166966,2017-12-19T05:16:40.943,BUY,4.975e-05,24.0
42166968,2017-12-19T05:16:42.88,BUY,4.975e-05,58.0
42166970,2017-12-19T05:16:42.99,BUY,4.975e-05,15.22520325
42166972,2017-12-19T05:16:43.46,BUY,4.975e-05,506.51256281
42166979,2017-12-19T05:16:49.38,BUY,4.972e-05,58.0
42166982,2017-12-19T05:16:49.927,BUY,4.972e-05,373.10673864
42166983,2017-12-19T05:16:49.927,BUY,4.975e-05,26.89326136
42166987,2017-12-19T05:16:50.57,BUY,4.975e-05,10025.12562814
42166999,2017-12-19T05:16:54.833,BUY,4.975e-05,58.0
42167004,2017-12-19T05:16:57.973,BUY,4.975e-05,58.0
42167008,2017-12-19T05:16:59.57,BUY,4.975e-05,3967.10865624
42167009,2017-12-19T05:16:59.57,BUY,4.975e-05,774.2
42167010,2017-12-19T05:16:59.57,BUY,4.975e-05,53.32666306
42167011,2017-12-19T05:16:59.57,BUY,4.975e-05,90.0
42167012,2017-12-19T05:16:59.57,BUY,4.975e-05,316.76178273
42167013,2017-12-19T05:16:59.57,BUY,4.975e-05,211.62840909
42167014,2017-12-19T05:16:59.57,BUY,4.975e-05,55.71069213
42167015,2017-12-19T05:16:59.57,BUY,4.975e-05,380.92443458
42167016,2017-12-19T05:16:59.57,BUY,4.975e-05,300.0
42167017,2017-12-19T05:17:00.287,SELL,4.975e-05,2652.97037257
42167018,2017-12-19T05:17:00.287,SELL,4.972e-05,58.0
42167019,2017-12-19T05:17:00.287,SELL,4.972e-05,2835.71075115
42167027,2017-12-19T05:17:05.18,SELL,4.975e-05,58.0
42167028,2017-12-19T05:17:05.18,SELL,4.972e-05,222.0
42167031,2017-12-19T05:17:06.18,BUY,4.979e-05,58.0
42167036,2017-12-19T05:17:10.07,BUY,4.979e-05,58.0
42167037,2017-12-19T05:17:11.413,SELL,4.972e-05,36.97775935
42167039,2017-12-19T05:17:12.943,BUY,4.978e-05,58.0
42167041,2017-12-19T05:17:16.07,SELL,4.972e-05,671.53083081
42167042,2017-12-19T05:17:16.07,SELL,4.972e-05,835.83603803
42167046,2017-12-19T05:17:16.523,BUY,4.978e-05,58.0
42167053,2017-12-19T05:17:19.193,BUY,4.976e-05,58.0
42167054,2017-12-19T05:17:21.43,SELL,4.971e-05,90.0
42167055,2017-12-19T05:17:21.43,SELL,4.959e-05,655.08624836
42167056,2017-12-19T05:17:21.43,SELL,4.959e-05,58.0
42167057,2017-12-19T05:17:21.43,SELL,4.959e-05,443.0
42167058,2017-12-19T05:17:21.43,SELL,4.959e-05,1005.74712644
42167059,2017-12-19T05:17:21.43,SELL,4.955e-05,94.64942888
42167061,2017-12-19T05:17:21.913,BUY,4.972e-05,60.3705916
42167063,2017-12-19T05:17:21.977,BUY,4.972e-05,58.0
42167065,2017-12-19T05:17:24.99,BUY,4.972e-05,58.0
42167069,2017-12-19T05:17:28.383,BUY,4.972e-05,58.0
42167073,2017-12-19T05:17:31.117,BUY,4.972e-05,58.0
42167075,2017-12-19T05:17:31.727,BUY,4.972e-05,7.6294084
42167079,2017-12-19T05:17:34.07,BUY,4.976e-05,58.0
42167081,2017-12-19T05:17:40.163,BUY,4.976e-05,31.57865511
42167082,2017-12-19T05:17:40.163,BUY,4.976e-05,26.42134489
42167086,2017-12-19T05:17:43.023,BUY,4.976e-05,58.0
42167088,2017-12-19T05:17:43.337,BUY,4.976e-05,20.061003
42167090,2017-12-19T05:17:45.303,BUY,4.976e-05,25.0
42167093,2017-12-19T05:17:45.837,BUY,4.976e-05,128.26870902
42167097,2017-12-19T05:17:49.303,BUY,4.977e-05,58.0
42167099,2017-12-19T05:17:50.43,SELL,4.976e-05,832.9396046
42167100,2017-12-19T05:17:50.43,SELL,4.976e-05,44.9744867
42167102,2017-12-19T05:17:52.743,BUY,4.977e-05,58.0
42167103,2017-12-19T05:17:53.96,SELL,4.976e-05,13.0255133
42167104,2017-12-19T05:17:53.96,SELL,4.972e-05,1789.68332311
42167106,2017-12-19T05:17:55.07,BUY,4.971e-05,58.0
42167108,2017-12-19T05:17:55.76,BUY,4.971e-05,345.00069633
42167113,2017-12-19T05:18:01.32,BUY,4.971e-05,58.0
42167118,2017-12-19T05:18:06.883,BUY,4.971e-05,58.0
42167123,2017-12-19T05:18:10.76,BUY,4.971e-05,684.88366173
42167126,2017-12-19T05:18:11.353,BUY,4.971e-05,58.0
42167128,2017-12-19T05:18:12.103,BUY,4.971e-05,684.88366173
42167129,2017-12-19T05:18:13.29,SELL,4.959e-05,100.17605713
42167130,2017-12-19T05:18:13.29,SELL,4.959e-05,13.97646552
42167131,2017-12-19T05:18:13.29,SELL,4.95e-05,169.96916364
42167133,2017-12-19T05:18:13.447,BUY,4.95e-05,58.0
42167135,2017-12-19T05:18:13.9,BUY,4.95e-05,1511.13479657
42167136,2017-12-19T05:18:13.9,BUY,4.971e-05,1823.34923075
42167137,2017-12-19T05:18:13.9,BUY,4.971e-05,100.0
42167138,2017-12-19T05:18:13.9,BUY,4.971e-05,40.0
42167139,2017-12-19T05:18:13.9,BUY,4.976e-05,4489.85243182
42167140,2017-12-19T05:18:13.9,BUY,4.976e-05,124.5437447
42167141,2017-12-19T05:18:13.9,BUY,4.977e-05,5300.0741058
42167142,2017-12-19T05:18:13.9,BUY,4.977e-05,1707.84030207
42167143,2017-12-19T05:18:15.057,SELL,4.977e-05,54.02704053
42167145,2017-12-19T05:18:16.383,BUY,4.978e-05,58.0
42167146,2017-12-19T05:18:16.947,SELL,4.977e-05,630.52787007
42167148,2017-12-19T05:18:18.51,SELL,4.977e-05,628.73952703
42167150,2017-12-19T05:18:19.32,BUY,4.978e-05,58.0
42167154,2017-12-19T05:18:20.993,SELL,4.977e-05,1882.59356137
42167155,2017-12-19T05:18:21.01,SELL,4.977e-05,633.16082194
42167156,2017-12-19T05:18:21.023,SELL,4.977e-05,1076.15656735
42167157,2017-12-19T05:18:21.023,SELL,4.949e-05,20.32020373
42167158,2017-12-19T05:18:21.023,SELL,4.937e-05,99.13344547
42167159,2017-12-19T05:18:21.023,SELL,4.934e-05,57.0
42167160,2017-12-19T05:18:21.023,SELL,4.933e-05,500.0
42167161,2017-12-19T05:18:21.023,SELL,4.933e-05,500.0
42167163,2017-12-19T05:18:21.26,BUY,4.933e-05,99.66395781
42167166,2017-12-19T05:18:22.32,BUY,4.933e-05,58.0
42167169,2017-12-19T05:18:24.48,BUY,4.933e-05,747.18353113
42167173,2017-12-19T05:18:25.307,BUY,4.933e-05,58.0
42167178,2017-12-19T05:18:27.777,SELL,4.931e-05,40.55816141
42167179,2017-12-19T05:18:27.777,SELL,4.931e-05,21.66116115
42167182,2017-12-19T05:18:28.447,SELL,4.931e-05,2464.48779094
42167184,2017-12-19T05:18:28.51,BUY,4.95e-05,58.0
42167185,2017-12-19T05:18:29.79,SELL,4.931e-05,213.9896846
42167186,2017-12-19T05:18:29.79,SELL,4.93e-05,2000.0
42167188,2017-12-19T05:18:30.463,SELL,4.928e-05,54.02704053
42167192,2017-12-19T05:18:31.337,BUY,4.93e-05,58.0
42167198,2017-12-19T05:18:34.963,BUY,4.93e-05,8386.93253706
42167199,2017-12-19T05:18:34.963,BUY,4.93e-05,1750.27801414
42167200,2017-12-19T05:18:34.963,BUY,4.95e-05,1078.16531109
42167201,2017-12-19T05:18:34.963,BUY,4.956e-05,476.05553407
42167202,2017-12-19T05:18:34.963,BUY,4.956e-05,493.5053338
42167203,2017-12-19T05:18:34.98,BUY,4.956e-05,450.10435134
42167204,2017-12-19T05:18:34.98,BUY,4.956e-05,452.8725172
42167205,2017-12-19T05:18:34.98,BUY,4.959e-05,7188.31665248
42167206,2017-12-19T05:18:35.29,SELL,4.975e-05,471.42830387
42167211,2017-12-19T05:18:36.197,SELL,4.975e-05,162.42772778
42167215,2017-12-19T05:18:37.51,SELL,4.975e-05,408.08279466
42167219,2017-12-19T05:18:39.087,SELL,4.975e-05,1161.43542578
42167222,2017-12-19T05:18:39.337,BUY,4.978e-05,49.06196075
42167225,2017-12-19T05:18:40.197,BUY,4.978e-05,58.0
42167228,2017-12-19T05:18:40.993,SELL,4.975e-05,6460.80340583
42167229,2017-12-19T05:18:41.04,SELL,4.975e-05,1134.96897532
42167239,2017-12-19T05:18:44.01,BUY,4.959e-05,58.0
42167244,2017-12-19T05:18:46.853,BUY,4.959e-05,58.0
42167246,2017-12-19T05:18:49.417,BUY,4.959e-05,58.0
42167253,2017-12-19T05:18:52.277,BUY,4.971e-05,58.0
42167254,2017-12-19T05:18:53.027,SELL,4.959e-05,130.75880574
42167255,2017-12-19T05:18:55.01,SELL,4.933e-05,12.99376299
42167256,2017-12-19T05:18:55.01,SELL,4.93e-05,698.82238482
42167258,2017-12-19T05:18:55.103,BUY,4.934e-05,530.0
42167260,2017-12-19T05:18:55.4,BUY,4.934e-05,58.0
42167269,2017-12-19T05:18:58.933,BUY,4.934e-05,58.0
42167273,2017-12-19T05:19:01.353,BUY,4.934e-05,58.0
42167279,2017-12-19T05:19:04.353,BUY,4.959e-05,58.0
42167285,2017-12-19T05:19:06.307,BUY,4.958e-05,66.1696502
42167286,2017-12-19T05:19:07.09,SELL,4.933e-05,54.02704053
42167288,2017-12-19T05:19:07.137,BUY,4.958e-05,58.0
42167290,2017-12-19T05:19:07.73,SELL,4.933e-05,40.86636697
42167298,2017-12-19T05:19:10.4,BUY,4.958e-05,58.0
42167299,2017-12-19T05:19:10.603,SELL,4.933e-05,17.82934995
42167300,2017-12-19T05:19:10.603,SELL,4.93e-05,272.51317081
42167301,2017-12-19T05:19:10.603,SELL,4.93e-05,58.0
42167302,2017-12-19T05:19:10.603,SELL,4.93e-05,53.75253549
42167303,2017-12-19T05:19:10.603,SELL,4.928e-05,1766.61032621
42167306,2017-12-19T05:19:13.683,BUY,4.924e-05,7790.98962345
42167313,2017-12-19T05:19:15.81,BUY,4.924e-05,2977.73762306
42167314,2017-12-19T05:19:15.81,BUY,4.933e-05,37.41498943
42167315,2017-12-19T05:19:15.81,BUY,4.95e-05,1984.84738751
42167328,2017-12-19T05:19:19.713,BUY,4.95e-05,39.93554534
42167329,2017-12-19T05:19:19.713,BUY,4.959e-05,18.06445466
42167332,2017-12-19T05:19:22.247,SELL,4.924e-05,54.02704053
42167335,2017-12-19T05:19:23.027,BUY,4.928e-05,58.0
42167337,2017-12-19T05:19:24.497,BUY,4.928e-05,42.0
42167338,2017-12-19T05:19:25.247,SELL,4.934e-05,384.15266163
42167339,2017-12-19T05:19:25.247,SELL,4.924e-05,3.97295947
42167340,2017-12-19T05:19:25.247,SELL,4.924e-05,202.20960876
42167341,2017-12-19T05:19:25.247,SELL,4.924e-05,857.27204153
42167342,2017-12-19T05:19:25.247,SELL,4.923e-05,590.69555029
42167344,2017-12-19T05:19:25.607,BUY,4.958e-05,58.0
42167347,2017-12-19T05:19:27.95,SELL,4.923e-05,1130.87420253
42167351,2017-12-19T05:19:28.45,BUY,4.958e-05,58.0
42167360,2017-12-19T05:19:32.34,BUY,4.95e-05,58.0
42167364,2017-12-19T05:19:34.653,BUY,4.95e-05,58.0
42167365,2017-12-19T05:19:35.17,SELL,4.934e-05,45.00859901
42167367,2017-12-19T05:19:36.37,BUY,4.925e-05,76.91896005
42167368,2017-12-19T05:19:36.37,BUY,4.949e-05,417.08103995
42167370,2017-12-19T05:19:36.683,BUY,4.949e-05,1000.0
42167373,2017-12-19T05:19:37.37,BUY,4.949e-05,58.0
42167376,2017-12-19T05:19:40.823,BUY,4.949e-05,58.0
42167379,2017-12-19T05:19:42.217,SELL,4.923e-05,192.33861777
42167380,2017-12-19T05:19:42.217,SELL,4.923e-05,27.70833324
42167381,2017-12-19T05:19:42.217,SELL,4.923e-05,442.90606816
42167382,2017-12-19T05:19:42.217,SELL,4.923e-05,46.15448507
42167383,2017-12-19T05:19:43.357,SELL,4.922e-05,30.4729688
42167384,2017-12-19T05:19:43.357,SELL,4.922e-05,1419.46900323
42167385,2017-12-19T05:19:43.357,SELL,4.921e-05,220.0
42167386,2017-12-19T05:19:43.357,SELL,4.92e-05,197.08057051
42167388,2017-12-19T05:19:43.857,BUY,4.923e-05,240.0
42167395,2017-12-19T05:19:45.53,BUY,4.923e-05,90.94411944
42167398,2017-12-19T05:19:46.013,BUY,4.923e-05,1846.37310786
42167399,2017-12-19T05:19:46.34,SELL,4.92e-05,27.70972943
42167401,2017-12-19T05:19:46.903,BUY,4.923e-05,58.0
42167404,2017-12-19T05:19:47.137,BUY,4.923e-05,80.00746394
42167405,2017-12-19T05:19:48.013,SELL,4.92e-05,125.20970006
42167406,2017-12-19T05:19:48.013,SELL,4.917e-05,1926.94620396
42167408,2017-12-19T05:19:49.39,BUY,4.923e-05,58.0
42167410,2017-12-19T05:19:51.653,BUY,4.923e-05,977.3645087
42167412,2017-12-19T05:19:52.31,BUY,4.923e-05,30.07320532
42167414,2017-12-19T05:19:52.577,BUY,4.923e-05,58.0
42167420,2017-12-19T05:19:54.077,SELL,4.92e-05,44.35607284
42167421,2017-12-19T05:19:54.077,SELL,4.917e-05,85.11909173
42167427,2017-12-19T05:19:55.45,BUY,4.917e-05,58.0
42167429,2017-12-19T05:19:55.53,BUY,4.917e-05,10001.0
42167439,2017-12-19T05:19:58.653,BUY,4.917e-05,58.0
42167445,2017-12-19T05:19:59.717,SELL,4.913e-05,30.44
42167446,2017-12-19T05:19:59.717,SELL,4.913e-05,1279.56
42167453,2017-12-19T05:20:01.48,BUY,4.917e-05,2556.32182508
42167465,2017-12-19T05:20:03.153,BUY,4.917e-05,58.0
42167469,2017-12-19T05:20:04.763,BUY,4.917e-05,58.0
42167473,2017-12-19T05:20:06.92,SELL,4.913e-05,6135.4267585
42167477,2017-12-19T05:20:07.827,BUY,4.917e-05,58.0
42167480,2017-12-19T05:20:08.45,BUY,4.917e-05,60.0
42167486,2017-12-19T05:20:10.34,BUY,4.917e-05,203.3760423
42167161,2017-12-19T05:18:21.023,SELL,4.933e-05,500.0
42167163,2017-12-19T05:18:21.26,BUY,4.933e-05,99.66395781
42167166,2017-12-19T05:18:22.32,BUY,4.933e-05,58.0
42167169,2017-12-19T05:18:24.48,BUY,4.933e-05,747.18353113
42167173,2017-12-19T05:18:25.307,BUY,4.933e-05,58.0
42167178,2017-12-19T05:18:27.777,SELL,4.931e-05,40.55816141
42167179,2017-12-19T05:18:27.777,SELL,4.931e-05,21.66116115
42167182,2017-12-19T05:18:28.447,SELL,4.931e-05,2464.48779094
42167184,2017-12-19T05:18:28.51,BUY,4.95e-05,58.0
42167185,2017-12-19T05:18:29.79,SELL,4.931e-05,213.9896846
42167186,2017-12-19T05:18:29.79,SELL,4.93e-05,2000.0
42167188,2017-12-19T05:18:30.463,SELL,4.928e-05,54.02704053
42167192,2017-12-19T05:18:31.337,BUY,4.93e-05,58.0
42167198,2017-12-19T05:18:34.963,BUY,4.93e-05,8386.93253706
42167199,2017-12-19T05:18:34.963,BUY,4.93e-05,1750.27801414
42167200,2017-12-19T05:18:34.963,BUY,4.95e-05,1078.16531109
42167201,2017-12-19T05:18:34.963,BUY,4.956e-05,476.05553407
42167202,2017-12-19T05:18:34.963,BUY,4.956e-05,493.5053338
42167203,2017-12-19T05:18:34.98,BUY,4.956e-05,450.10435134
42167204,2017-12-19T05:18:34.98,BUY,4.956e-05,452.8725172
42167205,2017-12-19T05:18:34.98,BUY,4.959e-05,7188.31665248
42167206,2017-12-19T05:18:35.29,SELL,4.975e-05,471.42830387
42167211,2017-12-19T05:18:36.197,SELL,4.975e-05,162.42772778
42167215,2017-12-19T05:18:37.51,SELL,4.975e-05,408.08279466
42167219,2017-12-19T05:18:39.087,SELL,4.975e-05,1161.43542578
42167222,2017-12-19T05:18:39.337,BUY,4.978e-05,49.06196075
42167225,2017-12-19T05:18:40.197,BUY,4.978e-05,58.0
42167228,2017-12-19T05:18:40.993,SELL,4.975e-05,6460.80340583
42167229,2017-12-19T05:18:41.04,SELL,4.975e-05,1134.96897532
42167239,2017-12-19T05:18:44.01,BUY,4.959e-05,58.0
42167244,2017-12-19T05:18:46.853,BUY,4.959e-05,58.0
42167246,2017-12-19T05:18:49.417,BUY,4.959e-05,58.0
42167253,2017-12-19T05:18:52.277,BUY,4.971e-05,58.0
42167254,2017-12-19T05:18:53.027,SELL,4.959e-05,130.75880574
42167255,2017-12-19T05:18:55.01,SELL,4.933e-05,12.99376299
42167256,2017-12-19T05:18:55.01,SELL,4.93e-05,698.82238482
42167258,2017-12-19T05:18:55.103,BUY,4.934e-05,530.0
42167260,2017-12-19T05:18:55.4,BUY,4.934e-05,58.0
42167269,2017-12-19T05:18:58.933,BUY,4.934e-05,58.0
42167273,2017-12-19T05:19:01.353,BUY,4.934e-05,58.0
42167279,2017-12-19T05:19:04.353,BUY,4.959e-05,58.0
42167285,2017-12-19T05:19:06.307,BUY,4.958e-05,66.1696502
42167286,2017-12-19T05:19:07.09,SELL,4.933e-05,54.02704053
42167288,2017-12-19T05:19:07.137,BUY,4.958e-05,58.0
42167290,2017-12-19T05:19:07.73,SELL,4.933e-05,40.86636697
42167298,2017-12-19T05:19:10.4,BUY,4.958e-05,58.0
42167299,2017-12-19T05:19:10.603,SELL,4.933e-05,17.82934995
42167300,2017-12-19T05:19:10.603,SELL,4.93e-05,272.51317081
42167301,2017-12-19T05:19:10.603,SELL,4.93e-05,58.0
42167302,2017-12-19T05:19:10.603,SELL,4.93e-05,53.75253549
42167303,2017-12-19T05:19:10.603,SELL,4.928e-05,1766.61032621
42167306,2017-12-19T05:19:13.683,BUY,4.924e-05,7790.98962345
42167313,2017-12-19T05:19:15.81,BUY,4.924e-05,2977.73762306
42167314,2017-12-19T05:19:15.81,BUY,4.933e-05,37.41498943
42167315,2017-12-19T05:19:15.81,BUY,4.95e-05,1984.84738751
42167328,2017-12-19T05:19:19.713,BUY,4.95e-05,39.93554534
42167329,2017-12-19T05:19:19.713,BUY,4.959e-05,18.06445466
42167332,2017-12-19T05:19:22.247,SELL,4.924e-05,54.02704053
42167335,2017-12-19T05:19:23.027,BUY,4.928e-05,58.0
42167337,2017-12-19T05:19:24.497,BUY,4.928e-05,42.0
42167338,2017-12-19T05:19:25.247,SELL,4.934e-05,384.15266163
42167339,2017-12-19T05:19:25.247,SELL,4.924e-05,3.97295947
42167340,2017-12-19T05:19:25.247,SELL,4.924e-05,202.20960876
42167341,2017-12-19T05:19:25.247,SELL,4.924e-05,857.27204153
42167342,2017-12-19T05:19:25.247,SELL,4.923e-05,590.69555029
42167344,2017-12-19T05:19:25.607,BUY,4.958e-05,58.0
42167347,2017-12-19T05:19:27.95,SELL,4.923e-05,1130.87420253
42167351,2017-12-19T05:19:28.45,BUY,4.958e-05,58.0
42167360,2017-12-19T05:19:32.34,BUY,4.95e-05,58.0
42167364,2017-12-19T05:19:34.653,BUY,4.95e-05,58.0
42167365,2017-12-19T05:19:35.17,SELL,4.934e-05,45.00859901
42167367,2017-12-19T05:19:36.37,BUY,4.925e-05,76.91896005
42167368,2017-12-19T05:19:36.37,BUY,4.949e-05,417.08103995
42167370,2017-12-19T05:19:36.683,BUY,4.949e-05,1000.0
42167373,2017-12-19T05:19:37.37,BUY,4.949e-05,58.0
42167376,2017-12-19T05:19:40.823,BUY,4.949e-05,58.0
42167379,2017-12-19T05:19:42.217,SELL,4.923e-05,192.33861777
42167380,2017-12-19T05:19:42.217,SELL,4.923e-05,27.70833324
42167381,2017-12-19T05:19:42.217,SELL,4.923e-05,442.90606816
42167382,2017-12-19T05:19:42.217,SELL,4.923e-05,46.15448507
42167383,2017-12-19T05:19:43.357,SELL,4.922e-05,30.4729688
42167384,2017-12-19T05:19:43.357,SELL,4.922e-05,1419.46900323
42167385,2017-12-19T05:19:43.357,SELL,4.921e-05,220.0
42167386,2017-12-19T05:19:43.357,SELL,4.92e-05,197.08057051
42167388,2017-12-19T05:19:43.857,BUY,4.923e-05,240.0
42167395,2017-12-19T05:19:45.53,BUY,4.923e-05,90.94411944
42167398,2017-12-19T05:19:46.013,BUY,4.923e-05,1846.37310786
42167399,2017-12-19T05:19:46.34,SELL,4.92e-05,27.70972943
42167401,2017-12-19T05:19:46.903,BUY,4.923e-05,58.0
42167404,2017-12-19T05:19:47.137,BUY,4.923e-05,80.00746394
42167405,2017-12-19T05:19:48.013,SELL,4.92e-05,125.20970006
42167406,2017-12-19T05:19:48.013,SELL,4.917e-05,1926.94620396
42167408,2017-12-19T05:19:49.39,BUY,4.923e-05,58.0
42167410,2017-12-19T05:19:51.653,BUY,4.923e-05,977.3645087
42167412,2017-12-19T05:19:52.31,BUY,4.923e-05,30.07320532
42167414,2017-12-19T05:19:52.577,BUY,4.923e-05,58.0
42167420,2017-12-19T05:19:54.077,SELL,4.92e-05,44.35607284
42167421,2017-12-19T05:19:54.077,SELL,4.917e-05,85.11909173
42167427,2017-12-19T05:19:55.45,BUY,4.917e-05,58.0
42167429,2017-12-19T05:19:55.53,BUY,4.917e-05,10001.0
42167439,2017-12-19T05:19:58.653,BUY,4.917e-05,58.0
42167445,2017-12-19T05:19:59.717,SELL,4.913e-05,30.44
42167446,2017-12-19T05:19:59.717,SELL,4.913e-05,1279.56
42167453,2017-12-19T05:20:01.48,BUY,4.917e-05,2556.32182508
42167465,2017-12-19T05:20:03.153,BUY,4.917e-05,58.0
42167469,2017-12-19T05:20:04.763,BUY,4.917e-05,58.0
42167473,2017-12-19T05:20:06.92,SELL,4.913e-05,6135.4267585
42167477,2017-12-19T05:20:07.827,BUY,4.917e-05,58.0
42167480,2017-12-19T05:20:08.45,BUY,4.917e-05,60.0
42167486,2017-12-19T05:20:10.34,BUY,4.917e-05,203.3760423
42167489,2017-12-19T05:20:10.793,BUY,4.917e-05,58.0
42167491,2017-12-19T05:20:11.403,BUY,4.917e-05,202.20960876
42167492,2017-12-19T05:20:12.467,SELL,4.913e-05,2874.80174547
42167493,2017-12-19T05:20:12.467,SELL,4.912e-05,103.82989235
42167495,2017-12-19T05:20:13.06,BUY,4.912e-05,1000.0
42167497,2017-12-19T05:20:13.373,BUY,4.912e-05,58.0
42167498,2017-12-19T05:20:13.437,SELL,4.91e-05,2115.3801869
42167499,2017-12-19T05:20:13.437,SELL,4.905e-05,500.0
42167500,2017-12-19T05:20:13.437,SELL,4.905e-05,101.93729918
42167501,2017-12-19T05:20:13.437,SELL,4.904e-05,2224.14320911
42167502,2017-12-19T05:20:13.437,SELL,4.903e-05,20.58909519
42167503,2017-12-19T05:20:13.437,SELL,4.902e-05,13.63381184
42167504,2017-12-19T05:20:13.437,SELL,4.901e-05,81.44920271
42167505,2017-12-19T05:20:13.437,SELL,4.9e-05,298.18514937
42167506,2017-12-19T05:20:13.437,SELL,4.9e-05,85.0
42167507,2017-12-19T05:20:13.437,SELL,4.9e-05,11272.50260357
42167512,2017-12-19T05:20:15.293,BUY,4.9e-05,1016.88071151
42167516,2017-12-19T05:20:18.043,BUY,4.9e-05,58.0
42167519,2017-12-19T05:20:19.403,BUY,4.9e-05,58.0
42167522,2017-12-19T05:20:22.39,BUY,4.9e-05,58.0
42167526,2017-12-19T05:20:23.03,BUY,4.9e-05,1056.27380528
42167530,2017-12-19T05:20:25.297,SELL,4.897e-05,100.66438494
42167532,2017-12-19T05:20:25.343,BUY,4.9e-05,58.0
42167538,2017-12-19T05:20:26.873,BUY,4.9e-05,138.88668655
42167542,2017-12-19T05:20:28.327,BUY,4.899e-05,58.0
42167544,2017-12-19T05:20:28.92,BUY,4.899e-05,42.0
42167545,2017-12-19T05:20:28.92,BUY,4.9e-05,754.94491828
42167547,2017-12-19T05:20:31.467,BUY,4.9e-05,58.0
42167550,2017-12-19T05:20:31.86,BUY,4.9e-05,204.08163265
42167551,2017-12-19T05:20:31.86,BUY,4.9e-05,15000.0
42167552,2017-12-19T05:20:31.967,SELL,4.897e-05,2238.00013471
42167554,2017-12-19T05:20:32.013,BUY,4.897e-05,280.0
42167556,2017-12-19T05:20:34.407,BUY,4.897e-05,58.0
42167560,2017-12-19T05:20:37.437,BUY,4.897e-05,58.0
42167564,2017-12-19T05:20:39.437,BUY,4.897e-05,39.77821522
42167567,2017-12-19T05:20:40.373,BUY,4.897e-05,58.0
42167569,2017-12-19T05:20:40.657,BUY,4.897e-05,102.51511071
42167571,2017-12-19T05:20:41.077,BUY,4.897e-05,40.81632653
42167573,2017-12-19T05:20:43.373,BUY,4.897e-05,792.19838905
42167575,2017-12-19T05:20:44.03,BUY,4.897e-05,20.42066571
42167577,2017-12-19T05:20:45,BUY,4.897e-05,58.0
42167579,2017-12-19T05:20:46.123,BUY,4.897e-05,34.3200266
42167581,2017-12-19T05:20:46.577,SELL,4.896e-05,59.0
42167582,2017-12-19T05:20:46.577,SELL,4.896e-05,59.86285509
42167584,2017-12-19T05:20:46.75,BUY,4.897e-05,58.0
42167586,2017-12-19T05:20:47.467,BUY,4.897e-05,101.84807025
42167589,2017-12-19T05:20:48.78,BUY,4.897e-05,100.0
42167591,2017-12-19T05:20:48.92,BUY,4.897e-05,61.22448979
42167597,2017-12-19T05:20:50.42,BUY,4.897e-05,58.0
42167603,2017-12-19T05:20:52.64,BUY,4.897e-05,15000.0
42167605,2017-12-19T05:20:52.81,BUY,4.897e-05,58.0
42167607,2017-12-19T05:20:53.03,BUY,4.897e-05,6966.0
42167608,2017-12-19T05:20:53.17,SELL,4.896e-05,440.13714491
42167609,2017-12-19T05:20:53.17,SELL,4.896e-05,21.02444053
42167611,2017-12-19T05:20:55.797,BUY,4.896e-05,58.0
42167613,2017-12-19T05:20:56.577,BUY,4.896e-05,208.53841456
42167614,2017-12-19T05:20:56.577,BUY,4.896e-05,5601.35908697
42167616,2017-12-19T05:20:57.437,BUY,4.896e-05,27.05145855
42167618,2017-12-19T05:20:58.437,BUY,4.896e-05,37.25797768
42167619,2017-12-19T05:20:58.437,BUY,4.897e-05,20.74202232
42167620,2017-12-19T05:21:00.733,SELL,4.892e-05,30.65691026
42167621,2017-12-19T05:21:00.733,SELL,4.89e-05,921.25965533
42167622,2017-12-19T05:21:02.86,SELL,4.89e-05,1143.41556494
42167625,2017-12-19T05:21:05.093,BUY,4.892e-05,58.0
42167627,2017-12-19T05:21:05.67,BUY,4.892e-05,285.5333056
42167629,2017-12-19T05:21:07.047,BUY,4.892e-05,204.24836601
42167633,2017-12-19T05:21:07.733,BUY,4.892e-05,58.0
42167636,2017-12-19T05:21:09.14,BUY,4.892e-05,88.36581058
42167637,2017-12-19T05:21:09.14,BUY,4.896e-05,19.09020552
42167638,2017-12-19T05:21:09.14,BUY,4.897e-05,93.1449869
42167640,2017-12-19T05:21:10.797,BUY,4.897e-05,58.0
42167643,2017-12-19T05:21:11.86,SELL,4.89e-05,700.0
42167646,2017-12-19T05:21:12.33,BUY,4.897e-05,29.40086987
42167647,2017-12-19T05:21:12.593,SELL,4.89e-05,586.95401157
42167650,2017-12-19T05:21:13.89,BUY,4.897e-05,59.0
42167655,2017-12-19T05:21:16.517,BUY,4.897e-05,59.0
42167659,2017-12-19T05:21:17.5,BUY,4.897e-05,101.84807025
42167662,2017-12-19T05:21:20.22,BUY,4.897e-05,61.26199714
42167665,2017-12-19T05:21:20.89,BUY,4.897e-05,285.2099891
42167667,2017-12-19T05:21:21.093,BUY,4.897e-05,59.0
42167672,2017-12-19T05:21:22.86,BUY,4.897e-05,59.0
42167673,2017-12-19T05:21:22.907,SELL,4.892e-05,113.49498722
42167674,2017-12-19T05:21:22.907,SELL,4.892e-05,812.42429302
42167681,2017-12-19T05:21:26.61,SELL,4.892e-05,187.57570698
42167682,2017-12-19T05:21:26.61,SELL,4.89e-05,226.39870445
42167683,2017-12-19T05:21:26.61,SELL,4.889e-05,20.45152885
42167684,2017-12-19T05:21:26.61,SELL,4.889e-05,2331.79095127
42167686,2017-12-19T05:21:27.423,BUY,4.897e-05,59.0
42167690,2017-12-19T05:21:28.157,BUY,4.892e-05,89.73910436
42167691,2017-12-19T05:21:28.157,BUY,4.897e-05,138.97235163
42167699,2017-12-19T05:21:29.063,BUY,4.897e-05,59.0
42167703,2017-12-19T05:21:29.563,BUY,4.897e-05,204.20665713
42167708,2017-12-19T05:21:31.533,BUY,4.892e-05,59.0
42167710,2017-12-19T05:21:32.33,BUY,4.892e-05,42.93729918
42167711,2017-12-19T05:21:32.33,BUY,4.897e-05,323.14682939
42167713,2017-12-19T05:21:35.64,BUY,4.897e-05,59.0
42167717,2017-12-19T05:21:37.89,BUY,4.897e-05,59.0
42167718,2017-12-19T05:21:39.173,SELL,4.889e-05,127.48555002
42167719,2017-12-19T05:21:39.173,SELL,4.882e-05,467.96672384
42167722,2017-12-19T05:21:39.563,BUY,4.897e-05,186.42972094
42167725,2017-12-19T05:21:40.703,BUY,4.897e-05,59.0
42167732,2017-12-19T05:21:43.55,BUY,4.897e-05,59.0
42167734,2017-12-19T05:21:44.86,SELL,4.882e-05,2118.36974313
42167738,2017-12-19T05:21:46.923,BUY,4.882e-05,59.0
42167740,2017-12-19T05:21:47.69,BUY,4.882e-05,215.0
42167741,2017-12-19T05:21:48.063,SELL,4.881e-05,40.96783981
42167742,2017-12-19T05:21:48.063,SELL,4.881e-05,108.7488334
42167743,2017-12-19T05:21:48.063,SELL,4.88e-05,198.14011995
42167745,2017-12-19T05:21:48.72,BUY,4.88e-05,1000.0
42167748,2017-12-19T05:21:49.737,BUY,4.88e-05,59.0
42167750,2017-12-19T05:21:49.86,BUY,4.88e-05,200.0
42167753,2017-12-19T05:21:52.393,BUY,4.88e-05,263.05741961
42167756,2017-12-19T05:21:52.813,BUY,4.88e-05,58.0
42167758,2017-12-19T05:21:53.033,BUY,4.88e-05,83.20978236
42167760,2017-12-19T05:21:53.41,BUY,4.88e-05,77.83695206
42167764,2017-12-19T05:21:55.597,SELL,4.878e-05,200.0
42167765,2017-12-19T05:21:55.597,SELL,4.878e-05,200.0
42167767,2017-12-19T05:21:55.61,BUY,4.878e-05,25.60426054
42167769,2017-12-19T05:21:56.017,BUY,4.878e-05,58.0
42167771,2017-12-19T05:21:56.143,BUY,4.878e-05,71.00759956
42167773,2017-12-19T05:21:56.44,BUY,4.878e-05,220.0
42167776,2017-12-19T05:21:57.47,BUY,4.878e-05,53.09373086
42167778,2017-12-19T05:21:57.893,BUY,4.878e-05,93.99999999
42167780,2017-12-19T05:21:58,BUY,4.878e-05,43.37378152
42167782,2017-12-19T05:21:58.86,BUY,4.878e-05,59.0
42167785,2017-12-19T05:21:59.97,BUY,4.878e-05,20.48340843
42167788,2017-12-19T05:22:00.847,SELL,4.877e-05,59.0
42167789,2017-12-19T05:22:00.847,SELL,4.877e-05,59.0
42167790,2017-12-19T05:22:00.847,SELL,4.877e-05,59.0
42167791,2017-12-19T05:22:00.847,SELL,4.877e-05,59.0
42167792,2017-12-19T05:22:00.847,SELL,4.877e-05,59.0
42167793,2017-12-19T05:22:00.847,SELL,4.877e-05,59.0
42167794,2017-12-19T05:22:00.847,SELL,4.877e-05,25.51836939
42167795,2017-12-19T05:22:00.847,SELL,4.876e-05,27.70833324
42167796,2017-12-19T05:22:00.847,SELL,4.873e-05,744.57365289
42167800,2017-12-19T05:22:02.893,SELL,4.873e-05,1975.65634009
42167801,2017-12-19T05:22:02.893,SELL,4.872e-05,34.87871767
42167802,2017-12-19T05:22:02.893,SELL,4.87e-05,40.96534843
42167803,2017-12-19T05:22:02.893,SELL,4.869e-05,2196.67958564
42167804,2017-12-19T05:22:02.893,SELL,4.865e-05,1679.95293379
42167808,2017-12-19T05:22:03.957,BUY,4.875e-05,149.61348154
42167809,2017-12-19T05:22:03.957,BUY,4.878e-05,850.38651846
42167815,2017-12-19T05:22:06.017,BUY,4.878e-05,59.0
42167817,2017-12-19T05:22:06.16,BUY,4.878e-05,101.84807025
42167818,2017-12-19T05:22:06.923,SELL,4.865e-05,1181.42217197
42167819,2017-12-19T05:22:06.923,SELL,4.863e-05,30.84108575
42167820,2017-12-19T05:22:06.923,SELL,4.861e-05,2130.00650894
42167821,2017-12-19T05:22:06.923,SELL,4.861e-05,20.77761777
42167823,2017-12-19T05:22:07.783,BUY,4.878e-05,59.0
42167825,2017-12-19T05:22:08.05,BUY,4.878e-05,205.00205002
42167831,2017-12-19T05:22:08.69,BUY,4.878e-05,24.600246
42167833,2017-12-19T05:22:09.457,BUY,4.878e-05,81.96721311
42167835,2017-12-19T05:22:10.003,BUY,4.873e-05,1186.56489936
42167836,2017-12-19T05:22:10.003,BUY,4.878e-05,24430.23510064
42167838,2017-12-19T05:22:10.847,BUY,4.878e-05,59.0
42167844,2017-12-19T05:22:13.253,BUY,4.861e-05,198.63937264
42167845,2017-12-19T05:22:13.253,BUY,4.864e-05,2964.11247237
42167849,2017-12-19T05:22:15.377,BUY,4.864e-05,41.04247897
42167852,2017-12-19T05:22:16.317,BUY,4.864e-05,51.1100645
42167855,2017-12-19T05:22:17.207,BUY,4.864e-05,123.00123001
42167857,2017-12-19T05:22:19.097,BUY,4.864e-05,102.77542291
42167859,2017-12-19T05:22:19.847,BUY,4.864e-05,59.0
42167861,2017-12-19T05:22:19.94,BUY,4.864e-05,330.0
42167864,2017-12-19T05:22:20.613,SELL,4.861e-05,59.0
42167865,2017-12-19T05:22:20.613,SELL,4.861e-05,59.0
42167866,2017-12-19T05:22:20.613,SELL,4.86e-05,102.62345679
42167867,2017-12-19T05:22:20.613,SELL,4.858e-05,14.30652208
42167868,2017-12-19T05:22:20.613,SELL,4.855e-05,919.13094484
42167869,2017-12-19T05:22:20.643,SELL,4.855e-05,100.0
42167876,2017-12-19T05:22:23.143,BUY,4.864e-05,59.0
42167881,2017-12-19T05:22:23.737,BUY,4.864e-05,106.90789473
42167884,2017-12-19T05:22:25.503,BUY,4.864e-05,1000.0
42167886,2017-12-19T05:22:26.13,BUY,4.864e-05,59.0
42167887,2017-12-19T05:22:26.19,SELL,4.855e-05,597.10690109
42167891,2017-12-19T05:22:29.24,BUY,4.864e-05,1000.0
42167893,2017-12-19T05:22:29.503,BUY,4.864e-05,59.0
42167897,2017-12-19T05:22:30.16,BUY,4.864e-05,205.59260526
42167899,2017-12-19T05:22:31.77,BUY,4.864e-05,59.0
42167901,2017-12-19T05:22:32.55,BUY,4.864e-05,5404.28816989
42167902,2017-12-19T05:22:32.55,BUY,4.864e-05,880.0
42167903,2017-12-19T05:22:32.55,BUY,4.864e-05,15.28906899
42167904,2017-12-19T05:22:32.55,BUY,4.864e-05,299.04397201
42167907,2017-12-19T05:22:33.8,SELL,4.864e-05,829.28651719
42167910,2017-12-19T05:22:34.567,BUY,4.878e-05,31.1457014
42167917,2017-12-19T05:22:37.003,BUY,4.878e-05,20000.0
42167918,2017-12-19T05:22:37.38,SELL,4.864e-05,3649.22907856
42167919,2017-12-19T05:22:37.38,SELL,4.864e-05,60.0
42167920,2017-12-19T05:22:37.38,SELL,4.864e-05,59.0
42167921,2017-12-19T05:22:37.83,SELL,4.855e-05,1393.98980843
42167922,2017-12-19T05:22:37.83,SELL,4.854e-05,20.79706585
42167923,2017-12-19T05:22:37.83,SELL,4.85e-05,35.0280866
42167924,2017-12-19T05:22:37.83,SELL,4.85e-05,119.28865979
42167926,2017-12-19T05:22:38.08,BUY,4.85e-05,1258.75461562
42167928,2017-12-19T05:22:38.113,BUY,4.85e-05,102.08248264
42167930,2017-12-19T05:22:38.253,BUY,4.85e-05,59.0
42167932,2017-12-19T05:22:39.143,BUY,4.85e-05,2010.72861102
42167934,2017-12-19T05:22:39.77,BUY,4.85e-05,11593.7
42167936,2017-12-19T05:22:39.973,BUY,4.85e-05,256.35019006
42167944,2017-12-19T05:22:41.253,BUY,4.85e-05,59.0
42167947,2017-12-19T05:22:42.567,BUY,4.85e-05,121.71366159
42167950,2017-12-19T05:22:43.597,BUY,4.85e-05,20.500205
42167953,2017-12-19T05:22:44.097,BUY,4.85e-05,59.0
42167955,2017-12-19T05:22:44.613,BUY,4.85e-05,123.00123001
42167958,2017-12-19T05:22:45.63,BUY,4.85e-05,101.84807025
42167961,2017-12-19T05:22:46.77,BUY,4.85e-05,59.0
42167964,2017-12-19T05:22:48.02,BUY,4.85e-05,418.33628041
42167966,2017-12-19T05:22:49.91,BUY,4.85e-05,257.73195876
42167968,2017-12-19T05:22:50.287,BUY,4.85e-05,59.0
42167970,2017-12-19T05:22:52.44,BUY,4.85e-05,1550.21621204
42167972,2017-12-19T05:22:52.893,BUY,4.85e-05,59.0
42167974,2017-12-19T05:22:54.037,SELL,4.847e-05,93.92791031
42167976,2017-12-19T05:22:55.753,BUY,4.85e-05,61.26199713
42167979,2017-12-19T05:22:56.143,BUY,4.85e-05,21.68459405
42167981,2017-12-19T05:22:56.223,BUY,4.85e-05,21.6303825
42167984,2017-12-19T05:22:57.35,BUY,4.85e-05,5247.2
42167986,2017-12-19T05:22:57.52,BUY,4.85e-05,59.0
42167988,2017-12-19T05:22:57.99,BUY,4.85e-05,122.416
42167990,2017-12-19T05:22:58.69,BUY,4.85e-05,59.0
42167992,2017-12-19T05:22:59.02,BUY,4.85e-05,2374.7
42167995,2017-12-19T05:22:59.113,BUY,4.85e-05,148.69214332
42167998,2017-12-19T05:23:00.397,BUY,4.85e-05,17000.0
42168000,2017-12-19T05:23:00.69,BUY,4.85e-05,603.17258559
42168002,2017-12-19T05:23:00.74,BUY,4.85e-05,745.51845562
42168006,2017-12-19T05:23:02.35,BUY,4.85e-05,36.76954733
42168008,2017-12-19T05:23:02.583,BUY,4.85e-05,59.0
42168012,2017-12-19T05:23:05.897,BUY,4.85e-05,4889.0722
42168014,2017-12-19T05:23:06.13,BUY,4.85e-05,500.0
42168016,2017-12-19T05:23:06.16,BUY,4.85e-05,59.0
42168018,2017-12-19T05:23:06.583,BUY,4.85e-05,3666.8043
42168020,2017-12-19T05:23:06.677,BUY,4.85e-05,1236.76068873
42168023,2017-12-19T05:23:07.037,BUY,4.85e-05,3421.9588
42168024,2017-12-19T05:23:07.363,SELL,4.847e-05,125.33095085
42168026,2017-12-19T05:23:08.207,BUY,4.847e-05,41.2371134
42168028,2017-12-19T05:23:08.253,BUY,4.847e-05,59.0
42168031,2017-12-19T05:23:09.77,SELL,4.846e-05,66.75
42168033,2017-12-19T05:23:11.177,BUY,4.847e-05,59.0
42168035,2017-12-19T05:23:12.63,BUY,4.847e-05,1074.8
42168037,2017-12-19T05:23:13.753,BUY,4.847e-05,59.0
42168040,2017-12-19T05:23:14.677,BUY,4.847e-05,11810.20891071
42168042,2017-12-19T05:23:14.99,BUY,4.847e-05,59.7665964
42168045,2017-12-19T05:23:16.817,BUY,4.847e-05,59.0
42168047,2017-12-19T05:23:17.943,BUY,4.847e-05,1000.0
42168049,2017-12-19T05:23:18.863,BUY,4.847e-05,24.0
42168051,2017-12-19T05:23:19.96,BUY,4.847e-05,5005.91578614
42168053,2017-12-19T05:23:20.257,BUY,4.847e-05,486.4
42168055,2017-12-19T05:23:20.507,BUY,4.847e-05,59.0
42168059,2017-12-19T05:23:23.257,BUY,4.847e-05,59.0
42168061,2017-12-19T05:23:23.397,BUY,4.847e-05,220.2
42168063,2017-12-19T05:23:23.41,BUY,4.847e-05,398.0
42168065,2017-12-19T05:23:23.787,BUY,4.847e-05,206.31318341
42168067,2017-12-19T05:23:23.897,BUY,4.847e-05,1000.0
42168071,2017-12-19T05:23:25.99,BUY,4.847e-05,59.0
42168073,2017-12-19T05:23:27.693,BUY,4.847e-05,995.49290586
42168076,2017-12-19T05:23:28.927,BUY,4.847e-05,59.0
42168078,2017-12-19T05:23:29.067,BUY,4.847e-05,99.6
42168082,2017-12-19T05:23:29.507,BUY,4.847e-05,500.0
42168085,2017-12-19T05:23:30.66,BUY,4.847e-05,240.0
42168090,2017-12-19T05:23:31.77,BUY,4.847e-05,59.0
42168092,2017-12-19T05:23:32.333,BUY,4.847e-05,206.31318341
42168094,2017-12-19T05:23:32.833,BUY,4.847e-05,102.89870023
42168096,2017-12-19T05:23:33.083,BUY,4.847e-05,3274.72787962
42168098,2017-12-19T05:23:33.46,BUY,4.847e-05,20.63131834
42168100,2017-12-19T05:23:34.537,BUY,4.847e-05,250.0
42168102,2017-12-19T05:23:34.617,BUY,4.847e-05,3752.0
42168104,2017-12-19T05:23:34.82,BUY,4.847e-05,59.0
42168106,2017-12-19T05:23:35.07,BUY,4.847e-05,45.1
42168108,2017-12-19T05:23:35.427,BUY,4.847e-05,1000.0
42168111,2017-12-19T05:23:38.583,BUY,4.847e-05,57.0
42168113,2017-12-19T05:23:38.617,BUY,4.847e-05,3000.0
42168116,2017-12-19T05:23:40.007,BUY,4.847e-05,4892.0982
42168118,2017-12-19T05:23:40.473,BUY,4.847e-05,9521.96527163
42168119,2017-12-19T05:23:40.473,BUY,4.847e-05,971.33555563
42168120,2017-12-19T05:23:40.49,BUY,4.847e-05,946.99367089
42168121,2017-12-19T05:23:40.49,BUY,4.85e-05,560.92663484
42168126,2017-12-19T05:23:41.443,BUY,4.85e-05,74.9225016
42168130,2017-12-19T05:23:42.96,SELL,4.847e-05,53.68094472
42168133,2017-12-19T05:23:43.973,BUY,4.85e-05,59.0
42168136,2017-12-19T05:23:45.82,BUY,4.85e-05,500.0
42168138,2017-12-19T05:23:46.257,BUY,4.85e-05,80.0
42168140,2017-12-19T05:23:46.537,BUY,4.85e-05,1000.0
42168146,2017-12-19T05:23:47.27,BUY,4.85e-05,59.0
42168149,2017-12-19T05:23:49.1,BUY,4.85e-05,186.30276649
42168152,2017-12-19T05:23:50.32,BUY,4.85e-05,59.0
42168155,2017-12-19T05:23:50.803,BUY,4.85e-05,85.75661753
42168158,2017-12-19T05:23:51.24,BUY,4.85e-05,1000.0
42168163,2017-12-19T05:23:53.303,BUY,4.85e-05,59.0
42168166,2017-12-19T05:23:55.85,BUY,4.85e-05,58.0
42168168,2017-12-19T05:23:56.523,BUY,4.85e-05,204.16496529
42168170,2017-12-19T05:23:56.74,BUY,4.85e-05,1000.0
42168172,2017-12-19T05:23:58.88,BUY,4.85e-05,58.0
42168174,2017-12-19T05:23:59.35,BUY,4.85e-05,93.96691732
42168176,2017-12-19T05:24:01.74,SELL,4.847e-05,5.31905528
42168177,2017-12-19T05:24:01.74,SELL,4.847e-05,408.03486026
42168179,2017-12-19T05:24:01.99,BUY,4.85e-05,1000.0
42168181,2017-12-19T05:24:02.54,BUY,4.85e-05,58.0
42168186,2017-12-19T05:24:03.35,BUY,4.85e-05,515.46391752
42168188,2017-12-19T05:24:04.74,SELL,4.847e-05,29.26163111
42168192,2017-12-19T05:24:05.023,BUY,4.85e-05,58.0
42168197,2017-12-19T05:24:07.49,BUY,4.85e-05,500.0
42168200,2017-12-19T05:24:07.943,BUY,4.85e-05,58.0
42168208,2017-12-19T05:24:10.897,BUY,4.85e-05,58.0
42168210,2017-12-19T05:24:12.587,BUY,4.85e-05,500.0
42168212,2017-12-19T05:24:13.96,BUY,4.85e-05,448.44732469
42168214,2017-12-19T05:24:14.023,BUY,4.85e-05,58.0
42168219,2017-12-19T05:24:15.367,BUY,4.85e-05,33315.51441406
42168220,2017-12-19T05:24:15.367,BUY,4.85e-05,461.13177057
42168221,2017-12-19T05:24:15.367,BUY,4.85e-05,400.0
42168222,2017-12-19T05:24:15.367,BUY,4.85e-05,200.0
42168223,2017-12-19T05:24:15.367,BUY,4.85e-05,792.19838905
42168224,2017-12-19T05:24:15.367,BUY,4.85e-05,49.67718244
42168225,2017-12-19T05:24:15.367,BUY,4.85e-05,747.18353113
42168226,2017-12-19T05:24:16.32,SELL,4.86e-05,1359.80479862
42168229,2017-12-19T05:24:16.93,SELL,4.86e-05,150.0
42168234,2017-12-19T05:24:17.54,BUY,4.864e-05,115.40418139
42168236,2017-12-19T05:24:17.82,BUY,4.864e-05,148.13610923
42168241,2017-12-19T05:24:19.337,SELL,4.874e-05,351.86389077
42168242,2017-12-19T05:24:19.337,SELL,4.86e-05,415.06187709
42168246,2017-12-19T05:24:19.883,BUY,4.86e-05,205.59210526
42168250,2017-12-19T05:24:22.65,BUY,4.86e-05,24.24242424
42168252,2017-12-19T05:24:23.303,BUY,4.86e-05,1894.33906267
42168253,2017-12-19T05:24:23.303,BUY,4.86e-05,19.44596511
42168255,2017-12-19T05:24:23.383,BUY,4.86e-05,58.0
42168257,2017-12-19T05:24:23.46,BUY,4.86e-05,313.84854304
42168258,2017-12-19T05:24:23.46,BUY,4.877e-05,186.15145696
42168263,2017-12-19T05:24:25.96,BUY,4.877e-05,58.0
42168268,2017-12-19T05:24:27.133,BUY,4.877e-05,84.06807463
42168272,2017-12-19T05:24:28.54,BUY,4.877e-05,500.0
42168275,2017-12-19T05:24:28.913,BUY,4.877e-05,59.0
42168279,2017-12-19T05:24:29.447,BUY,4.877e-05,20.50440844
42168284,2017-12-19T05:24:29.79,BUY,4.877e-05,375.6274877
42168286,2017-12-19T05:24:29.93,SELL,4.877e-05,239.50476573
42168289,2017-12-19T05:24:30.65,BUY,4.877e-05,448.42768967
42168293,2017-12-19T05:24:31.273,BUY,4.877e-05,377.86193951
42168294,2017-12-19T05:24:31.273,BUY,4.878e-05,5.62274357
42168301,2017-12-19T05:24:31.79,BUY,4.878e-05,211.62799917
42168311,2017-12-19T05:24:34.57,BUY,4.878e-05,575.117
42168313,2017-12-19T05:24:35.023,SELL,4.877e-05,59.0
42168314,2017-12-19T05:24:35.023,SELL,4.877e-05,41.68380037
42168319,2017-12-19T05:24:36.04,BUY,4.878e-05,207.10097928
42168346,2017-12-19T05:24:42.4,BUY,4.878e-05,159.48593993
42168351,2017-12-19T05:24:43.993,BUY,4.878e-05,58.0
42168355,2017-12-19T05:24:47.087,BUY,4.878e-05,58.0
42168357,2017-12-19T05:24:48.307,BUY,4.878e-05,41.00041
42168361,2017-12-19T05:24:49.15,BUY,4.878e-05,209.987
42168363,2017-12-19T05:24:49.603,BUY,4.878e-05,41.00041
42168365,2017-12-19T05:24:50.01,BUY,4.878e-05,24.600246
42168367,2017-12-19T05:24:50.01,BUY,4.878e-05,58.0
42168369,2017-12-19T05:24:50.62,SELL,4.877e-05,17.31619963
42168370,2017-12-19T05:24:50.62,SELL,4.874e-05,350.964
42168371,2017-12-19T05:24:50.62,SELL,4.861e-05,27.67980037
42168376,2017-12-19T05:24:53.76,SELL,4.861e-05,472.32019963
42168377,2017-12-19T05:24:53.76,SELL,4.86e-05,2377.47721296
42168378,2017-12-19T05:24:53.76,SELL,4.85e-05,58.0
42168379,2017-12-19T05:24:53.76,SELL,4.85e-05,600.0
42168380,2017-12-19T05:24:53.76,SELL,4.85e-05,858.8418174
42168381,2017-12-19T05:24:53.76,SELL,4.85e-05,59.0
42168382,2017-12-19T05:24:53.76,SELL,4.85e-05,411.34020619
42168383,2017-12-19T05:24:53.76,SELL,4.85e-05,59.0
42168384,2017-12-19T05:24:53.76,SELL,4.85e-05,7086.23772348
42168386,2017-12-19T05:24:54.32,BUY,4.878e-05,41.00041
42168388,2017-12-19T05:24:58.32,SELL,4.85e-05,17.28546396
42168390,2017-12-19T05:24:58.993,BUY,4.878e-05,62.078
42168392,2017-12-19T05:24:59.087,BUY,4.878e-05,58.0
42168395,2017-12-19T05:25:02.133,BUY,4.878e-05,58.0
42168397,2017-12-19T05:25:02.603,BUY,4.878e-05,24.600246
42168403,2017-12-19T05:25:04.79,BUY,4.878e-05,937.922
42168406,2017-12-19T05:25:05.51,BUY,4.878e-05,58.0
42168409,2017-12-19T05:25:06.18,BUY,4.878e-05,18.58467168
42168412,2017-12-19T05:25:06.853,BUY,4.878e-05,30.7503075
42168414,2017-12-19T05:25:07.227,BUY,4.878e-05,114.77395609
42168415,2017-12-19T05:25:07.227,BUY,4.878e-05,3975.01694182
42168419,2017-12-19T05:25:09.027,BUY,4.878e-05,58.0
42168421,2017-12-19T05:25:10.4,BUY,4.878e-05,116.78752236
42168423,2017-12-19T05:25:11.12,BUY,4.878e-05,58.0
42168425,2017-12-19T05:25:11.587,BUY,4.878e-05,216.577
42168428,2017-12-19T05:25:13.213,BUY,4.878e-05,108.53450143
42168430,2017-12-19T05:25:13.4,BUY,4.878e-05,182.06990569
42168432,2017-12-19T05:25:13.493,BUY,4.878e-05,16.09250923
42168434,2017-12-19T05:25:13.603,BUY,4.878e-05,1747.38013376
42168437,2017-12-19T05:25:14.383,BUY,4.878e-05,58.0
42168439,2017-12-19T05:25:14.993,BUY,4.878e-05,204.16496529
42168441,2017-12-19T05:25:16.603,BUY,4.878e-05,2200.250864
42168444,2017-12-19T05:25:16.603,BUY,4.878e-05,1483.458472
42168446,2017-12-19T05:25:16.603,BUY,4.878e-05,39575.66718442
42168447,2017-12-19T05:25:16.603,BUY,4.878e-05,1176.25582487
42168448,2017-12-19T05:25:16.603,BUY,4.878e-05,150.21582909
42168449,2017-12-19T05:25:16.603,BUY,4.88e-05,1767.43714776
42168450,2017-12-19T05:25:16.603,BUY,4.881e-05,20.0
42168451,2017-12-19T05:25:16.603,BUY,4.882e-05,15.04816435
42168452,2017-12-19T05:25:16.603,BUY,4.897e-05,16009.54748151
42168454,2017-12-19T05:25:16.697,BUY,4.897e-05,1056.838224
42168458,2017-12-19T05:25:16.807,BUY,4.897e-05,70.497
42168462,2017-12-19T05:25:17.323,BUY,4.897e-05,888.977982
42168467,2017-12-19T05:25:17.493,BUY,4.897e-05,3698.65438925
42168468,2017-12-19T05:25:17.493,BUY,4.897e-05,29.56466008
42168469,2017-12-19T05:25:17.493,BUY,4.897e-05,661.15599467
42168471,2017-12-19T05:25:17.493,BUY,4.897e-05,1553.653296
42168473,2017-12-19T05:25:17.493,BUY,4.897e-05,1166.040959
42168476,2017-12-19T05:25:17.51,BUY,4.897e-05,852.605663
42168478,2017-12-19T05:25:17.51,BUY,4.897e-05,1186.568626
42168480,2017-12-19T05:25:17.587,BUY,4.897e-05,1735.026344
42168482,2017-12-19T05:25:17.853,BUY,4.897e-05,1619.180573
42168484,2017-12-19T05:25:17.87,BUY,4.897e-05,805.326919
42168486,2017-12-19T05:25:17.87,BUY,4.897e-05,2787.775497
42168488,2017-12-19T05:25:17.9,BUY,4.897e-05,1902.458979
42168490,2017-12-19T05:25:18.01,BUY,4.897e-05,3323.750404
42168496,2017-12-19T05:25:19.073,BUY,4.897e-05,669.978154
42168501,2017-12-19T05:25:19.43,BUY,4.897e-05,224.88561115
42168505,2017-12-19T05:25:20.133,BUY,4.897e-05,58.0
42168507,2017-12-19T05:25:20.62,BUY,4.897e-05,13212.046254
42168511,2017-12-19T05:25:21.12,BUY,4.897e-05,6175.433392
42168513,2017-12-19T05:25:21.697,SELL,4.878e-05,122.53032225
42168522,2017-12-19T05:25:23.213,BUY,4.897e-05,58.0
42168525,2017-12-19T05:25:23.76,BUY,4.897e-05,502.78495186
42168527,2017-12-19T05:25:24.087,BUY,4.897e-05,3964.26464468
42168529,2017-12-19T05:25:24.12,BUY,4.897e-05,7135.525918
42168531,2017-12-19T05:25:24.65,BUY,4.897e-05,187.04840919
42168534,2017-12-19T05:25:24.883,BUY,4.897e-05,218.48941045
42168535,2017-12-19T05:25:24.883,BUY,4.897e-05,553.7551157
42168536,2017-12-19T05:25:24.883,BUY,4.9e-05,6854.09720685
42168538,2017-12-19T05:25:25.23,BUY,4.9e-05,30.076
42168540,2017-12-19T05:25:25.29,BUY,4.9e-05,7941.93848101
42168541,2017-12-19T05:25:25.29,BUY,4.9e-05,4600.46259402
42168542,2017-12-19T05:25:25.29,BUY,4.917e-05,77.5622302
42168543,2017-12-19T05:25:25.29,BUY,4.923e-05,88.47872813
42168544,2017-12-19T05:25:25.29,BUY,4.923e-05,1000.0
42168545,2017-12-19T05:25:25.29,BUY,4.924e-05,19.64425664
42168548,2017-12-19T05:25:25.697,BUY,4.924e-05,80.35574336
42168549,2017-12-19T05:25:25.697,BUY,4.95e-05,40.93409687
42168550,2017-12-19T05:25:25.697,BUY,4.95e-05,500.0
42168551,2017-12-19T05:25:25.697,BUY,4.96e-05,102.62345679
42168552,2017-12-19T05:25:25.697,BUY,4.976e-05,61.76936528
42168553,2017-12-19T05:25:25.697,BUY,4.977e-05,950.06454242
42168554,2017-12-19T05:25:25.697,BUY,4.977e-05,90.94411944
42168555,2017-12-19T05:25:25.697,BUY,4.977e-05,40.96534843
42168556,2017-12-19T05:25:25.697,BUY,4.978e-05,776.93803925
42168557,2017-12-19T05:25:25.697,BUY,4.978e-05,27.47182702
42168558,2017-12-19T05:25:25.697,BUY,4.978e-05,20.2892728
42168559,2017-12-19T05:25:25.697,BUY,4.978e-05,1077.75984012
42168560,2017-12-19T05:25:25.697,BUY,4.979e-05,919.18057285
42168561,2017-12-19T05:25:25.697,BUY,4.979e-05,700.0
42168562,2017-12-19T05:25:25.713,BUY,4.98e-05,2597.77549677
42168563,2017-12-19T05:25:25.713,BUY,4.98e-05,190.0
42168564,2017-12-19T05:25:25.713,BUY,4.985e-05,45.83437323
42168565,2017-12-19T05:25:25.713,BUY,4.988e-05,40.69854241
42168566,2017-12-19T05:25:25.713,BUY,4.99e-05,1113.85893486
42168567,2017-12-19T05:25:25.713,BUY,4.991e-05,142.33335593
42168568,2017-12-19T05:25:25.713,BUY,4.992e-05,121.67858102
42168569,2017-12-19T05:25:25.713,BUY,4.996e-05,382.65155439
42168570,2017-12-19T05:25:25.713,BUY,4.998e-05,3544.63772076
42168573,2017-12-19T05:25:26.48,BUY,4.998e-05,1938.242168
42168578,2017-12-19T05:25:27.01,BUY,4.998e-05,23622.782447
42168582,2017-12-19T05:25:27.23,BUY,4.998e-05,929.561406
42168585,2017-12-19T05:25:27.62,BUY,4.998e-05,1040.416322
42168595,2017-12-19T05:25:29.307,BUY,4.998e-05,58.0
42168616,2017-12-19T05:25:31.29,BUY,4.998e-05,3874.85916666
42168620,2017-12-19T05:25:32.137,BUY,4.998e-05,58.0
42168628,2017-12-19T05:25:34.48,SELL,4.925e-05,102.41598945
42168630,2017-12-19T05:25:35.12,BUY,4.998e-05,58.0
42168631,2017-12-19T05:25:35.667,SELL,4.925e-05,1890.7048106
42168639,2017-12-19T05:25:38.197,BUY,4.997e-05,58.0
42168645,2017-12-19T05:25:40.917,SELL,4.924e-05,14.68034119
42168646,2017-12-19T05:25:40.917,SELL,4.897e-05,58.0
42168647,2017-12-19T05:25:40.917,SELL,4.897e-05,7627.37651879
42168648,2017-12-19T05:25:40.917,SELL,4.879e-05,1537.20024595
42168649,2017-12-19T05:25:40.917,SELL,4.879e-05,40.88978209
42168650,2017-12-19T05:25:40.917,SELL,4.879e-05,8563.09704598
42168653,2017-12-19T05:25:41.183,BUY,4.997e-05,58.0
42168654,2017-12-19T05:25:41.683,SELL,4.879e-05,2951.4566349
42168655,2017-12-19T05:25:41.7,SELL,4.878e-05,10064.9000411
42168681,2017-12-19T05:25:44.54,BUY,4.995e-05,58.0
42168710,2017-12-19T05:25:47.26,BUY,4.995e-05,58.0
42168724,2017-12-19T05:25:49.387,SELL,4.925e-05,1525.63059398
42168729,2017-12-19T05:25:50.573,BUY,4.995e-05,58.0
42168738,2017-12-19T05:25:53.213,BUY,4.97e-05,58.0
42168740,2017-12-19T05:25:53.62,BUY,4.97e-05,450.7482563
42168742,2017-12-19T05:25:54.497,BUY,4.97e-05,24.01440864
42168744,2017-12-19T05:25:54.603,BUY,4.97e-05,24.01440864
42168749,2017-12-19T05:25:56.34,BUY,4.969e-05,58.0
42168757,2017-12-19T05:25:59.23,BUY,4.969e-05,58.0
42168437,2017-12-19T05:25:14.383,BUY,4.878e-05,58.0
42168439,2017-12-19T05:25:14.993,BUY,4.878e-05,204.16496529
42168441,2017-12-19T05:25:16.603,BUY,4.878e-05,2200.250864
42168444,2017-12-19T05:25:16.603,BUY,4.878e-05,1483.458472
42168446,2017-12-19T05:25:16.603,BUY,4.878e-05,39575.66718442
42168447,2017-12-19T05:25:16.603,BUY,4.878e-05,1176.25582487
42168448,2017-12-19T05:25:16.603,BUY,4.878e-05,150.21582909
42168449,2017-12-19T05:25:16.603,BUY,4.88e-05,1767.43714776
42168450,2017-12-19T05:25:16.603,BUY,4.881e-05,20.0
42168451,2017-12-19T05:25:16.603,BUY,4.882e-05,15.04816435
42168452,2017-12-19T05:25:16.603,BUY,4.897e-05,16009.54748151
42168454,2017-12-19T05:25:16.697,BUY,4.897e-05,1056.838224
42168458,2017-12-19T05:25:16.807,BUY,4.897e-05,70.497
42168462,2017-12-19T05:25:17.323,BUY,4.897e-05,888.977982
42168467,2017-12-19T05:25:17.493,BUY,4.897e-05,3698.65438925
42168468,2017-12-19T05:25:17.493,BUY,4.897e-05,29.56466008
42168469,2017-12-19T05:25:17.493,BUY,4.897e-05,661.15599467
42168471,2017-12-19T05:25:17.493,BUY,4.897e-05,1553.653296
42168473,2017-12-19T05:25:17.493,BUY,4.897e-05,1166.040959
42168476,2017-12-19T05:25:17.51,BUY,4.897e-05,852.605663
42168478,2017-12-19T05:25:17.51,BUY,4.897e-05,1186.568626
42168480,2017-12-19T05:25:17.587,BUY,4.897e-05,1735.026344
42168482,2017-12-19T05:25:17.853,BUY,4.897e-05,1619.180573
42168484,2017-12-19T05:25:17.87,BUY,4.897e-05,805.326919
42168486,2017-12-19T05:25:17.87,BUY,4.897e-05,2787.775497
42168488,2017-12-19T05:25:17.9,BUY,4.897e-05,1902.458979
42168490,2017-12-19T05:25:18.01,BUY,4.897e-05,3323.750404
42168496,2017-12-19T05:25:19.073,BUY,4.897e-05,669.978154
42168501,2017-12-19T05:25:19.43,BUY,4.897e-05,224.88561115
42168505,2017-12-19T05:25:20.133,BUY,4.897e-05,58.0
42168507,2017-12-19T05:25:20.62,BUY,4.897e-05,13212.046254
42168511,2017-12-19T05:25:21.12,BUY,4.897e-05,6175.433392
42168513,2017-12-19T05:25:21.697,SELL,4.878e-05,122.53032225
42168522,2017-12-19T05:25:23.213,BUY,4.897e-05,58.0
42168525,2017-12-19T05:25:23.76,BUY,4.897e-05,502.78495186
42168527,2017-12-19T05:25:24.087,BUY,4.897e-05,3964.26464468
42168529,2017-12-19T05:25:24.12,BUY,4.897e-05,7135.525918
42168531,2017-12-19T05:25:24.65,BUY,4.897e-05,187.04840919
42168534,2017-12-19T05:25:24.883,BUY,4.897e-05,218.48941045
42168535,2017-12-19T05:25:24.883,BUY,4.897e-05,553.7551157
42168536,2017-12-19T05:25:24.883,BUY,4.9e-05,6854.09720685
42168538,2017-12-19T05:25:25.23,BUY,4.9e-05,30.076
42168540,2017-12-19T05:25:25.29,BUY,4.9e-05,7941.93848101
42168541,2017-12-19T05:25:25.29,BUY,4.9e-05,4600.46259402
42168542,2017-12-19T05:25:25.29,BUY,4.917e-05,77.5622302
42168543,2017-12-19T05:25:25.29,BUY,4.923e-05,88.47872813
42168544,2017-12-19T05:25:25.29,BUY,4.923e-05,1000.0
42168545,2017-12-19T05:25:25.29,BUY,4.924e-05,19.64425664
42168548,2017-12-19T05:25:25.697,BUY,4.924e-05,80.35574336
42168549,2017-12-19T05:25:25.697,BUY,4.95e-05,40.93409687
42168550,2017-12-19T05:25:25.697,BUY,4.95e-05,500.0
42168551,2017-12-19T05:25:25.697,BUY,4.96e-05,102.62345679
42168552,2017-12-19T05:25:25.697,BUY,4.976e-05,61.76936528
42168553,2017-12-19T05:25:25.697,BUY,4.977e-05,950.06454242
42168554,2017-12-19T05:25:25.697,BUY,4.977e-05,90.94411944
42168555,2017-12-19T05:25:25.697,BUY,4.977e-05,40.96534843
42168556,2017-12-19T05:25:25.697,BUY,4.978e-05,776.93803925
42168557,2017-12-19T05:25:25.697,BUY,4.978e-05,27.47182702
42168558,2017-12-19T05:25:25.697,BUY,4.978e-05,20.2892728
42168559,2017-12-19T05:25:25.697,BUY,4.978e-05,1077.75984012
42168560,2017-12-19T05:25:25.697,BUY,4.979e-05,919.18057285
42168561,2017-12-19T05:25:25.697,BUY,4.979e-05,700.0
42168562,2017-12-19T05:25:25.713,BUY,4.98e-05,2597.77549677
42168563,2017-12-19T05:25:25.713,BUY,4.98e-05,190.0
42168564,2017-12-19T05:25:25.713,BUY,4.985e-05,45.83437323
42168565,2017-12-19T05:25:25.713,BUY,4.988e-05,40.69854241
42168566,2017-12-19T05:25:25.713,BUY,4.99e-05,1113.85893486
42168567,2017-12-19T05:25:25.713,BUY,4.991e-05,142.33335593
42168568,2017-12-19T05:25:25.713,BUY,4.992e-05,121.67858102
42168569,2017-12-19T05:25:25.713,BUY,4.996e-05,382.65155439
42168570,2017-12-19T05:25:25.713,BUY,4.998e-05,3544.63772076
42168573,2017-12-19T05:25:26.48,BUY,4.998e-05,1938.242168
42168578,2017-12-19T05:25:27.01,BUY,4.998e-05,23622.782447
42168582,2017-12-19T05:25:27.23,BUY,4.998e-05,929.561406
42168585,2017-12-19T05:25:27.62,BUY,4.998e-05,1040.416322
42168595,2017-12-19T05:25:29.307,BUY,4.998e-05,58.0
42168616,2017-12-19T05:25:31.29,BUY,4.998e-05,3874.85916666
42168620,2017-12-19T05:25:32.137,BUY,4.998e-05,58.0
42168628,2017-12-19T05:25:34.48,SELL,4.925e-05,102.41598945
42168630,2017-12-19T05:25:35.12,BUY,4.998e-05,58.0
42168631,2017-12-19T05:25:35.667,SELL,4.925e-05,1890.7048106
42168639,2017-12-19T05:25:38.197,BUY,4.997e-05,58.0
42168645,2017-12-19T05:25:40.917,SELL,4.924e-05,14.68034119
42168646,2017-12-19T05:25:40.917,SELL,4.897e-05,58.0
42168647,2017-12-19T05:25:40.917,SELL,4.897e-05,7627.37651879
42168648,2017-12-19T05:25:40.917,SELL,4.879e-05,1537.20024595
42168649,2017-12-19T05:25:40.917,SELL,4.879e-05,40.88978209
42168650,2017-12-19T05:25:40.917,SELL,4.879e-05,8563.09704598
42168653,2017-12-19T05:25:41.183,BUY,4.997e-05,58.0
42168654,2017-12-19T05:25:41.683,SELL,4.879e-05,2951.4566349
42168655,2017-12-19T05:25:41.7,SELL,4.878e-05,10064.9000411
42168681,2017-12-19T05:25:44.54,BUY,4.995e-05,58.0
42168710,2017-12-19T05:25:47.26,BUY,4.995e-05,58.0
42168724,2017-12-19T05:25:49.387,SELL,4.925e-05,1525.63059398
42168729,2017-12-19T05:25:50.573,BUY,4.995e-05,58.0
42168738,2017-12-19T05:25:53.213,BUY,4.97e-05,58.0
42168740,2017-12-19T05:25:53.62,BUY,4.97e-05,450.7482563
42168742,2017-12-19T05:25:54.497,BUY,4.97e-05,24.01440864
42168744,2017-12-19T05:25:54.603,BUY,4.97e-05,24.01440864
42168749,2017-12-19T05:25:56.34,BUY,4.969e-05,58.0
42168757,2017-12-19T05:25:59.23,BUY,4.969e-05,58.0
42168764,2017-12-19T05:26:01.53,BUY,4.969e-05,611.71300082
42168770,2017-12-19T05:26:02.997,BUY,4.969e-05,58.0
42168777,2017-12-19T05:26:04.403,BUY,4.969e-05,250.0
42168781,2017-12-19T05:26:04.967,BUY,4.969e-05,122.454028
42168785,2017-12-19T05:26:05.217,BUY,4.969e-05,58.0
42168804,2017-12-19T05:26:09.933,BUY,4.969e-05,58.0
42168807,2017-12-19T05:26:10.717,BUY,4.969e-05,75.97531868
42168809,2017-12-19T05:26:10.763,BUY,4.969e-05,88.31232444
42168815,2017-12-19T05:26:12.09,BUY,4.969e-05,58.0
42168817,2017-12-19T05:26:12.357,BUY,4.969e-05,29.40599882
42168826,2017-12-19T05:26:15.153,BUY,4.969e-05,58.0
42168834,2017-12-19T05:26:17.497,BUY,4.969e-05,58.0
42168840,2017-12-19T05:26:19.06,BUY,4.969e-05,36.37756082
42168842,2017-12-19T05:26:21.373,BUY,4.958e-05,58.0
42168843,2017-12-19T05:26:22.043,SELL,4.925e-05,16.98028224
42168848,2017-12-19T05:26:23.467,BUY,4.95e-05,58.0
42168850,2017-12-19T05:26:23.607,BUY,4.95e-05,1039.04515625
42168851,2017-12-19T05:26:23.623,BUY,4.958e-05,960.95484375
42168856,2017-12-19T05:26:24.327,BUY,4.958e-05,300.0
42168862,2017-12-19T05:26:27.623,BUY,4.957e-05,24.88256847
42168863,2017-12-19T05:26:27.623,BUY,4.958e-05,32.11743153
42168867,2017-12-19T05:26:29.747,BUY,4.958e-05,57.0
42168868,2017-12-19T05:26:29.793,SELL,4.925e-05,324.71685938
42168437,2017-12-19T05:25:14.383,BUY,4.878e-05,58.0
42168439,2017-12-19T05:25:14.993,BUY,4.878e-05,204.16496529
42168441,2017-12-19T05:25:16.603,BUY,4.878e-05,2200.250864
42168444,2017-12-19T05:25:16.603,BUY,4.878e-05,1483.458472
42168446,2017-12-19T05:25:16.603,BUY,4.878e-05,39575.66718442
42168447,2017-12-19T05:25:16.603,BUY,4.878e-05,1176.25582487
42168448,2017-12-19T05:25:16.603,BUY,4.878e-05,150.21582909
42168449,2017-12-19T05:25:16.603,BUY,4.88e-05,1767.43714776
42168450,2017-12-19T05:25:16.603,BUY,4.881e-05,20.0
42168451,2017-12-19T05:25:16.603,BUY,4.882e-05,15.04816435
42168452,2017-12-19T05:25:16.603,BUY,4.897e-05,16009.54748151
42168454,2017-12-19T05:25:16.697,BUY,4.897e-05,1056.838224
42168458,2017-12-19T05:25:16.807,BUY,4.897e-05,70.497
42168462,2017-12-19T05:25:17.323,BUY,4.897e-05,888.977982
42168467,2017-12-19T05:25:17.493,BUY,4.897e-05,3698.65438925
42168468,2017-12-19T05:25:17.493,BUY,4.897e-05,29.56466008
42168469,2017-12-19T05:25:17.493,BUY,4.897e-05,661.15599467
42168471,2017-12-19T05:25:17.493,BUY,4.897e-05,1553.653296
42168473,2017-12-19T05:25:17.493,BUY,4.897e-05,1166.040959
42168476,2017-12-19T05:25:17.51,BUY,4.897e-05,852.605663
42168478,2017-12-19T05:25:17.51,BUY,4.897e-05,1186.568626
42168480,2017-12-19T05:25:17.587,BUY,4.897e-05,1735.026344
42168482,2017-12-19T05:25:17.853,BUY,4.897e-05,1619.180573
42168484,2017-12-19T05:25:17.87,BUY,4.897e-05,805.326919
42168486,2017-12-19T05:25:17.87,BUY,4.897e-05,2787.775497
42168488,2017-12-19T05:25:17.9,BUY,4.897e-05,1902.458979
42168490,2017-12-19T05:25:18.01,BUY,4.897e-05,3323.750404
42168496,2017-12-19T05:25:19.073,BUY,4.897e-05,669.978154
42168501,2017-12-19T05:25:19.43,BUY,4.897e-05,224.88561115
42168505,2017-12-19T05:25:20.133,BUY,4.897e-05,58.0
42168507,2017-12-19T05:25:20.62,BUY,4.897e-05,13212.046254
42168511,2017-12-19T05:25:21.12,BUY,4.897e-05,6175.433392
42168513,2017-12-19T05:25:21.697,SELL,4.878e-05,122.53032225
42168522,2017-12-19T05:25:23.213,BUY,4.897e-05,58.0
42168525,2017-12-19T05:25:23.76,BUY,4.897e-05,502.78495186
42168527,2017-12-19T05:25:24.087,BUY,4.897e-05,3964.26464468
42168529,2017-12-19T05:25:24.12,BUY,4.897e-05,7135.525918
42168531,2017-12-19T05:25:24.65,BUY,4.897e-05,187.04840919
42168534,2017-12-19T05:25:24.883,BUY,4.897e-05,218.48941045
42168535,2017-12-19T05:25:24.883,BUY,4.897e-05,553.7551157
42168536,2017-12-19T05:25:24.883,BUY,4.9e-05,6854.09720685
42168538,2017-12-19T05:25:25.23,BUY,4.9e-05,30.076
42168540,2017-12-19T05:25:25.29,BUY,4.9e-05,7941.93848101
42168541,2017-12-19T05:25:25.29,BUY,4.9e-05,4600.46259402
42168542,2017-12-19T05:25:25.29,BUY,4.917e-05,77.5622302
42168543,2017-12-19T05:25:25.29,BUY,4.923e-05,88.47872813
42168544,2017-12-19T05:25:25.29,BUY,4.923e-05,1000.0
42168545,2017-12-19T05:25:25.29,BUY,4.924e-05,19.64425664
42168548,2017-12-19T05:25:25.697,BUY,4.924e-05,80.35574336
42168549,2017-12-19T05:25:25.697,BUY,4.95e-05,40.93409687
42168550,2017-12-19T05:25:25.697,BUY,4.95e-05,500.0
42168551,2017-12-19T05:25:25.697,BUY,4.96e-05,102.62345679
42168552,2017-12-19T05:25:25.697,BUY,4.976e-05,61.76936528
42168553,2017-12-19T05:25:25.697,BUY,4.977e-05,950.06454242
42168554,2017-12-19T05:25:25.697,BUY,4.977e-05,90.94411944
42168555,2017-12-19T05:25:25.697,BUY,4.977e-05,40.96534843
42168556,2017-12-19T05:25:25.697,BUY,4.978e-05,776.93803925
42168557,2017-12-19T05:25:25.697,BUY,4.978e-05,27.47182702
42168558,2017-12-19T05:25:25.697,BUY,4.978e-05,20.2892728
42168559,2017-12-19T05:25:25.697,BUY,4.978e-05,1077.75984012
42168560,2017-12-19T05:25:25.697,BUY,4.979e-05,919.18057285
42168561,2017-12-19T05:25:25.697,BUY,4.979e-05,700.0
42168562,2017-12-19T05:25:25.713,BUY,4.98e-05,2597.77549677
42168563,2017-12-19T05:25:25.713,BUY,4.98e-05,190.0
42168564,2017-12-19T05:25:25.713,BUY,4.985e-05,45.83437323
42168565,2017-12-19T05:25:25.713,BUY,4.988e-05,40.69854241
42168566,2017-12-19T05:25:25.713,BUY,4.99e-05,1113.85893486
42168567,2017-12-19T05:25:25.713,BUY,4.991e-05,142.33335593
42168568,2017-12-19T05:25:25.713,BUY,4.992e-05,121.67858102
42168569,2017-12-19T05:25:25.713,BUY,4.996e-05,382.65155439
42168570,2017-12-19T05:25:25.713,BUY,4.998e-05,3544.63772076
42168573,2017-12-19T05:25:26.48,BUY,4.998e-05,1938.242168
42168578,2017-12-19T05:25:27.01,BUY,4.998e-05,23622.782447
42168582,2017-12-19T05:25:27.23,BUY,4.998e-05,929.561406
42168585,2017-12-19T05:25:27.62,BUY,4.998e-05,1040.416322
42168595,2017-12-19T05:25:29.307,BUY,4.998e-05,58.0
42168616,2017-12-19T05:25:31.29,BUY,4.998e-05,3874.85916666
42168620,2017-12-19T05:25:32.137,BUY,4.998e-05,58.0
42168628,2017-12-19T05:25:34.48,SELL,4.925e-05,102.41598945
42168630,2017-12-19T05:25:35.12,BUY,4.998e-05,58.0
42168631,2017-12-19T05:25:35.667,SELL,4.925e-05,1890.7048106
42168639,2017-12-19T05:25:38.197,BUY,4.997e-05,58.0
42168645,2017-12-19T05:25:40.917,SELL,4.924e-05,14.68034119
42168646,2017-12-19T05:25:40.917,SELL,4.897e-05,58.0
42168647,2017-12-19T05:25:40.917,SELL,4.897e-05,7627.37651879
42168648,2017-12-19T05:25:40.917,SELL,4.879e-05,1537.20024595
42168649,2017-12-19T05:25:40.917,SELL,4.879e-05,40.88978209
42168650,2017-12-19T05:25:40.917,SELL,4.879e-05,8563.09704598
42168653,2017-12-19T05:25:41.183,BUY,4.997e-05,58.0
42168654,2017-12-19T05:25:41.683,SELL,4.879e-05,2951.4566349
42168655,2017-12-19T05:25:41.7,SELL,4.878e-05,10064.9000411
42168681,2017-12-19T05:25:44.54,BUY,4.995e-05,58.0
42168710,2017-12-19T05:25:47.26,BUY,4.995e-05,58.0
42168724,2017-12-19T05:25:49.387,SELL,4.925e-05,1525.63059398
42168729,2017-12-19T05:25:50.573,BUY,4.995e-05,58.0
42168738,2017-12-19T05:25:53.213,BUY,4.97e-05,58.0
42168740,2017-12-19T05:25:53.62,BUY,4.97e-05,450.7482563
42168742,2017-12-19T05:25:54.497,BUY,4.97e-05,24.01440864
42168744,2017-12-19T05:25:54.603,BUY,4.97e-05,24.01440864
42168749,2017-12-19T05:25:56.34,BUY,4.969e-05,58.0
42168757,2017-12-19T05:25:59.23,BUY,4.969e-05,58.0
42168764,2017-12-19T05:26:01.53,BUY,4.969e-05,611.71300082
42168770,2017-12-19T05:26:02.997,BUY,4.969e-05,58.0
42168777,2017-12-19T05:26:04.403,BUY,4.969e-05,250.0
42168781,2017-12-19T05:26:04.967,BUY,4.969e-05,122.454028
42168785,2017-12-19T05:26:05.217,BUY,4.969e-05,58.0
42168804,2017-12-19T05:26:09.933,BUY,4.969e-05,58.0
42168807,2017-12-19T05:26:10.717,BUY,4.969e-05,75.97531868
42168809,2017-12-19T05:26:10.763,BUY,4.969e-05,88.31232444
42168815,2017-12-19T05:26:12.09,BUY,4.969e-05,58.0
42168817,2017-12-19T05:26:12.357,BUY,4.969e-05,29.40599882
42168826,2017-12-19T05:26:15.153,BUY,4.969e-05,58.0
42168834,2017-12-19T05:26:17.497,BUY,4.969e-05,58.0
42168840,2017-12-19T05:26:19.06,BUY,4.969e-05,36.37756082
42168842,2017-12-19T05:26:21.373,BUY,4.958e-05,58.0
42168843,2017-12-19T05:26:22.043,SELL,4.925e-05,16.98028224
42168848,2017-12-19T05:26:23.467,BUY,4.95e-05,58.0
42168850,2017-12-19T05:26:23.607,BUY,4.95e-05,1039.04515625
42168851,2017-12-19T05:26:23.623,BUY,4.958e-05,960.95484375
42168856,2017-12-19T05:26:24.327,BUY,4.958e-05,300.0
42168862,2017-12-19T05:26:27.623,BUY,4.957e-05,24.88256847
42168863,2017-12-19T05:26:27.623,BUY,4.958e-05,32.11743153
42168867,2017-12-19T05:26:29.747,BUY,4.958e-05,57.0
42168868,2017-12-19T05:26:29.793,SELL,4.925e-05,324.71685938
42168870,2017-12-19T05:26:30.467,BUY,4.958e-05,478.99374597
42168875,2017-12-19T05:26:32.42,BUY,4.957e-05,58.0
42168884,2017-12-19T05:26:35.233,BUY,4.957e-05,42.0
42168885,2017-12-19T05:26:35.233,BUY,4.958e-05,46.18212637
42168887,2017-12-19T05:26:35.31,BUY,4.958e-05,58.0
42168894,2017-12-19T05:26:38.56,SELL,4.926e-05,100.0
42168897,2017-12-19T05:26:38.903,BUY,4.958e-05,58.0
42168901,2017-12-19T05:26:41.42,BUY,4.958e-05,2155.9713061
42168903,2017-12-19T05:26:41.56,BUY,4.958e-05,58.0
42168906,2017-12-19T05:26:44.483,BUY,4.958e-05,58.0
42168914,2017-12-19T05:26:47.45,BUY,4.955e-05,58.0
42168916,2017-12-19T05:26:47.623,BUY,4.955e-05,185.81081075
42168922,2017-12-19T05:26:48.45,BUY,4.955e-05,2133.66640221
42168923,2017-12-19T05:26:48.45,BUY,4.958e-05,804.94697944
42168929,2017-12-19T05:26:50.233,SELL,4.954e-05,582.85757338
42168939,2017-12-19T05:26:52.437,SELL,4.955e-05,58.0
42168940,2017-12-19T05:26:52.437,SELL,4.954e-05,217.14242662
42168942,2017-12-19T05:26:53.36,BUY,4.954e-05,58.0
42168945,2017-12-19T05:26:53.623,BUY,4.954e-05,54.27366297
42168948,2017-12-19T05:26:54.39,BUY,4.954e-05,42.66713624
42168953,2017-12-19T05:26:56.297,BUY,4.954e-05,1000.0
42168956,2017-12-19T05:26:56.797,BUY,4.954e-05,58.0
42168964,2017-12-19T05:27:00.547,BUY,4.954e-05,57.0
42168970,2017-12-19T05:27:01.78,BUY,4.954e-05,244.831605
42168977,2017-12-19T05:27:02.92,BUY,4.954e-05,57.0
42168981,2017-12-19T05:27:03.92,BUY,4.954e-05,90.89248184
42168985,2017-12-19T05:27:05.39,BUY,4.954e-05,20.13524425
42168987,2017-12-19T05:27:05.843,BUY,4.954e-05,57.0
42168989,2017-12-19T05:27:06.39,SELL,4.952e-05,20.19386106
42168990,2017-12-19T05:27:06.39,SELL,4.951e-05,20.19793981
42168991,2017-12-19T05:27:06.39,SELL,4.95e-05,290.18181818
42168992,2017-12-19T05:27:06.39,SELL,4.926e-05,759.60819913
42168998,2017-12-19T05:27:08.843,BUY,4.95e-05,30.7503075
42168999,2017-12-19T05:27:08.843,BUY,4.954e-05,26.2496925
42169002,2017-12-19T05:27:09.17,BUY,4.954e-05,17.5855879
42169005,2017-12-19T05:27:09.327,BUY,4.954e-05,6056.08607035
42169012,2017-12-19T05:27:10.25,BUY,4.954e-05,143.905406
42169014,2017-12-19T05:27:11.14,BUY,4.954e-05,40.37141703
42169015,2017-12-19T05:27:11.297,SELL,4.95e-05,101.01010101
42169020,2017-12-19T05:27:13.407,BUY,4.95e-05,57.0
42169025,2017-12-19T05:27:14.623,BUY,4.95e-05,115.18064443
42169031,2017-12-19T05:27:16.827,BUY,4.95e-05,226.80925456
42169032,2017-12-19T05:27:16.827,BUY,4.954e-05,1383.8916028
42169033,2017-12-19T05:27:17.047,SELL,4.927e-05,40.59265272
42169034,2017-12-19T05:27:17.047,SELL,4.927e-05,20.29632636
42169035,2017-12-19T05:27:17.047,SELL,4.926e-05,62.11225093
42169042,2017-12-19T05:27:18.407,BUY,4.954e-05,108.38124153
42169051,2017-12-19T05:27:20.953,BUY,4.954e-05,208.58642497
42169052,2017-12-19T05:27:20.953,BUY,4.954e-05,500.0
42169053,2017-12-19T05:27:20.953,BUY,4.954e-05,523.18635112
42169054,2017-12-19T05:27:20.953,BUY,4.954e-05,5843.66477475
42169057,2017-12-19T05:27:21.813,SELL,4.954e-05,41.00041
42169059,2017-12-19T05:27:23,SELL,4.954e-05,1000.0
42169060,2017-12-19T05:27:23.047,SELL,4.954e-05,50.0
42169062,2017-12-19T05:27:23.377,BUY,4.955e-05,20.42066571
42169063,2017-12-19T05:27:23.377,BUY,4.958e-05,36.57933429
42169064,2017-12-19T05:27:23.547,SELL,4.954e-05,20.63131834
42169068,2017-12-19T05:27:23.797,BUY,4.958e-05,72.01382291
42169077,2017-12-19T05:27:26.11,BUY,4.955e-05,500.0
42169078,2017-12-19T05:27:26.11,BUY,4.957e-05,285.76599348
42169087,2017-12-19T05:27:29.53,BUY,4.958e-05,57.0
42169090,2017-12-19T05:27:31.547,SELL,4.957e-05,206.31318341
42169092,2017-12-19T05:27:32.313,BUY,4.958e-05,220.15530021
42169094,2017-12-19T05:27:32.813,BUY,4.958e-05,57.0
42169102,2017-12-19T05:27:35.423,BUY,4.958e-05,57.0
42169109,2017-12-19T05:27:37.61,SELL,4.957e-05,500.0
42169118,2017-12-19T05:27:40.61,BUY,4.958e-05,57.0
42169120,2017-12-19T05:27:41.563,SELL,4.957e-05,500.0
42169127,2017-12-19T05:27:43.11,BUY,4.958e-05,229.93142396
42169133,2017-12-19T05:27:44.487,BUY,4.958e-05,57.0
42169141,2017-12-19T05:27:47.907,BUY,4.958e-05,57.0
42169148,2017-12-19T05:27:50.563,BUY,4.958e-05,57.0
42169159,2017-12-19T05:27:53.86,BUY,4.958e-05,42.32011863
42169160,2017-12-19T05:27:53.86,BUY,4.958e-05,14.67988137
42169167,2017-12-19T05:27:56.55,BUY,4.958e-05,57.0
42169168,2017-12-19T05:27:56.58,SELL,4.957e-05,422.44754996
42169169,2017-12-19T05:27:56.58,SELL,4.957e-05,57.0
42169170,2017-12-19T05:27:56.58,SELL,4.957e-05,2200.0
42169172,2017-12-19T05:27:56.737,BUY,4.957e-05,2913.89210308
42169173,2017-12-19T05:27:56.737,BUY,4.958e-05,31.09554154
42169174,2017-12-19T05:27:56.737,BUY,4.958e-05,500.0
42169177,2017-12-19T05:27:56.923,SELL,4.958e-05,274.72787962
42169186,2017-12-19T05:27:59.847,BUY,4.989e-05,57.0
42169189,2017-12-19T05:28:00.267,BUY,4.989e-05,144.91840982
42169203,2017-12-19T05:28:03.173,BUY,4.989e-05,58.46881539
42169205,2017-12-19T05:28:03.22,BUY,4.989e-05,57.0
42169216,2017-12-19T05:28:06.267,BUY,4.989e-05,122.454028
42169218,2017-12-19T05:28:06.563,BUY,4.989e-05,1276.27260572
42169219,2017-12-19T05:28:06.563,BUY,4.989e-05,40.88978209
42169220,2017-12-19T05:28:06.563,BUY,4.99e-05,217.044289
42169221,2017-12-19T05:28:07.237,SELL,4.958e-05,1888.33440422
42169224,2017-12-19T05:28:08.61,BUY,4.99e-05,57.0
42169226,2017-12-19T05:28:09.01,SELL,4.989e-05,177.87530367
42169231,2017-12-19T05:28:10.3,BUY,4.989e-05,118.007
42169251,2017-12-19T05:28:14.97,BUY,4.988e-05,40.59265272
42169252,2017-12-19T05:28:14.97,BUY,4.989e-05,16.40734728
42169254,2017-12-19T05:28:17.207,BUY,4.989e-05,2487.71034905
42169255,2017-12-19T05:28:17.207,BUY,4.99e-05,141.06265095
42169260,2017-12-19T05:28:18.393,SELL,4.989e-05,57.0
42169261,2017-12-19T05:28:18.41,SELL,4.989e-05,953.26428727
42169266,2017-12-19T05:28:20.987,BUY,4.99e-05,57.0
42169270,2017-12-19T05:28:23.41,SELL,4.989e-05,3046.73571273
42169272,2017-12-19T05:28:23.58,BUY,4.99e-05,57.0
42169274,2017-12-19T05:28:23.767,BUY,4.99e-05,738.057
42169276,2017-12-19T05:28:24.127,BUY,4.99e-05,559.057
42169280,2017-12-19T05:28:25.237,SELL,4.989e-05,86.3251311
42169282,2017-12-19T05:28:25.33,BUY,4.978e-05,38.01847619
42169286,2017-12-19T05:28:26.627,BUY,4.978e-05,57.0
42169292,2017-12-19T05:28:28.457,BUY,4.978e-05,559.057
42169297,2017-12-19T05:28:29.987,BUY,4.978e-05,57.0
42169305,2017-12-19T05:28:32.66,BUY,4.978e-05,57.0
42169311,2017-12-19T05:28:33.41,BUY,4.978e-05,69.0242014
42169313,2017-12-19T05:28:33.753,SELL,4.959e-05,201.15022989
42169314,2017-12-19T05:28:33.753,SELL,4.958e-05,6080.3762429
42169315,2017-12-19T05:28:33.753,SELL,4.958e-05,355.4
42169316,2017-12-19T05:28:33.753,SELL,4.958e-05,95.0
42169317,2017-12-19T05:28:33.753,SELL,4.958e-05,57.0
42169318,2017-12-19T05:28:33.753,SELL,4.954e-05,11948.17496789
42169319,2017-12-19T05:28:33.753,SELL,4.954e-05,250.0
42169320,2017-12-19T05:28:33.753,SELL,4.95e-05,57.0
42169321,2017-12-19T05:28:33.77,SELL,4.95e-05,57.0
42169322,2017-12-19T05:28:33.77,SELL,4.95e-05,159.24533333
42169323,2017-12-19T05:28:33.77,SELL,4.95e-05,190.0
42169324,2017-12-19T05:28:33.77,SELL,4.932e-05,12.99376299
42169325,2017-12-19T05:28:33.77,SELL,4.927e-05,1510.61415926
42169326,2017-12-19T05:28:33.77,SELL,4.926e-05,3638.31520987
42169327,2017-12-19T05:28:33.77,SELL,4.926e-05,111.39944732
42169328,2017-12-19T05:28:33.77,SELL,4.925e-05,15715.43738206
42169329,2017-12-19T05:28:33.77,SELL,4.925e-05,399.72420218
42169330,2017-12-19T05:28:33.77,SELL,4.925e-05,15.92021975
42169331,2017-12-19T05:28:33.77,SELL,4.903e-05,20.4
42169332,2017-12-19T05:28:33.77,SELL,4.902e-05,20.39783945
42169333,2017-12-19T05:28:33.77,SELL,4.901e-05,20.4019594
42169334,2017-12-19T05:28:33.77,SELL,4.9e-05,27.57782143
42169335,2017-12-19T05:28:33.77,SELL,4.9e-05,3568.72899384
42169336,2017-12-19T05:28:33.77,SELL,4.9e-05,68.76744643
42169339,2017-12-19T05:28:34.863,BUY,4.9e-05,1516.57612608
42169343,2017-12-19T05:28:35.737,BUY,4.9e-05,18902.39865593
42169347,2017-12-19T05:28:36.393,BUY,4.977e-05,320.08173482
42169349,2017-12-19T05:28:36.613,BUY,4.977e-05,57.0
42169360,2017-12-19T05:28:40.423,SELL,4.959e-05,24.600246
42169363,2017-12-19T05:28:41.393,SELL,4.959e-05,123.00123001
42169364,2017-12-19T05:28:41.41,SELL,4.959e-05,20.500205
42169366,2017-12-19T05:28:41.707,BUY,4.978e-05,57.0
42169367,2017-12-19T05:28:42.283,SELL,4.959e-05,205.59210526
42169376,2017-12-19T05:28:44.643,BUY,4.974e-05,57.0
42169378,2017-12-19T05:28:45.3,SELL,4.959e-05,41.00041
42169382,2017-12-19T05:28:45.83,SELL,4.959e-05,81.96721311
42169385,2017-12-19T05:28:46.677,BUY,4.974e-05,91.81707128
42169386,2017-12-19T05:28:46.677,BUY,4.978e-05,19.57519131
42169389,2017-12-19T05:28:47.643,BUY,4.988e-05,57.0
42169391,2017-12-19T05:28:48.783,SELL,4.978e-05,254.44637291
42169392,2017-12-19T05:28:48.783,SELL,4.959e-05,2842.22996993
42169393,2017-12-19T05:28:48.783,SELL,4.958e-05,110.0
42169396,2017-12-19T05:28:50.643,BUY,4.988e-05,57.0
42169405,2017-12-19T05:28:52.177,BUY,4.987e-05,131.0
42169411,2017-12-19T05:28:53.567,BUY,4.987e-05,57.0
42169412,2017-12-19T05:28:53.707,SELL,4.959e-05,20.48340843
42169413,2017-12-19T05:28:53.8,SELL,4.959e-05,2343.22811456
42169414,2017-12-19T05:28:53.817,SELL,4.957e-05,120.0
42169415,2017-12-19T05:28:53.817,SELL,4.903e-05,20.48340843
42169418,2017-12-19T05:28:54.363,BUY,4.987e-05,98.256739
42169430,2017-12-19T05:28:56.69,BUY,4.986e-05,57.0
42169436,2017-12-19T05:28:59.707,BUY,4.986e-05,57.0
42169441,2017-12-19T05:29:01.067,BUY,4.985e-05,20.48340843
42169442,2017-12-19T05:29:01.067,BUY,4.986e-05,279.51659157
42169450,2017-12-19T05:29:03.19,BUY,4.986e-05,57.0
42169456,2017-12-19T05:29:03.927,SELL,4.978e-05,106.90789473
42169458,2017-12-19T05:29:03.973,BUY,4.986e-05,250.0
42169471,2017-12-19T05:29:05.677,BUY,4.985e-05,57.0
42169473,2017-12-19T05:29:06.427,SELL,4.978e-05,395.99541634
42169482,2017-12-19T05:29:08.613,BUY,4.978e-05,319.70736389
42169483,2017-12-19T05:29:08.613,BUY,4.985e-05,413.51645521
42169485,2017-12-19T05:29:08.723,BUY,4.985e-05,57.0
42169496,2017-12-19T05:29:12.177,BUY,4.986e-05,57.0
42169497,2017-12-19T05:29:12.957,SELL,4.969e-05,609.07046477
42169499,2017-12-19T05:29:13.19,SELL,4.969e-05,4241.0714
42169508,2017-12-19T05:29:14.66,BUY,4.98e-05,57.0
42169517,2017-12-19T05:29:17.147,BUY,4.979e-05,1512.64515571
42169519,2017-12-19T05:29:18.083,BUY,4.98e-05,57.0
42169524,2017-12-19T05:29:20.677,BUY,4.98e-05,57.0
42169526,2017-12-19T05:29:20.77,SELL,4.979e-05,188.17729949
42169531,2017-12-19T05:29:22.677,SELL,4.979e-05,84.06807463
42169535,2017-12-19T05:29:23.753,BUY,4.98e-05,57.0
42169539,2017-12-19T05:29:26.753,BUY,4.98e-05,57.0
42169540,2017-12-19T05:29:28.55,SELL,4.979e-05,354.7890558
42169541,2017-12-19T05:29:28.55,SELL,4.979e-05,777.62968367
42169542,2017-12-19T05:29:28.753,SELL,4.969e-05,6039.85813523
42169543,2017-12-19T05:29:28.753,SELL,4.969e-05,407.34226457
42169544,2017-12-19T05:29:29.1,SELL,4.969e-05,122.52399427
42169546,2017-12-19T05:29:30.037,BUY,4.979e-05,57.0
42169548,2017-12-19T05:29:30.27,BUY,4.979e-05,38.11101974
42169550,2017-12-19T05:29:31.77,BUY,4.979e-05,51.37363875
42169551,2017-12-19T05:29:31.77,BUY,4.98e-05,134.62636125
42169553,2017-12-19T05:29:32.567,BUY,4.98e-05,162.06591953
42169555,2017-12-19T05:29:33.49,BUY,4.979e-05,13.0
42169556,2017-12-19T05:29:33.49,BUY,4.98e-05,44.0
42169558,2017-12-19T05:29:33.63,BUY,4.98e-05,161.35538523
42169561,2017-12-19T05:29:35.77,BUY,4.98e-05,57.0
42169563,2017-12-19T05:29:38.863,BUY,4.98e-05,57.0
42169568,2017-12-19T05:29:40.723,BUY,4.98e-05,1295.63191963
42169569,2017-12-19T05:29:40.723,BUY,4.98e-05,155.955
42169570,2017-12-19T05:29:40.723,BUY,4.982e-05,12.99376299
42169571,2017-12-19T05:29:40.723,BUY,4.986e-05,498.64766419
42169572,2017-12-19T05:29:40.723,BUY,4.986e-05,1778.21870042
42169574,2017-12-19T05:29:42.223,SELL,4.98e-05,57.0
42169576,2017-12-19T05:29:44.037,BUY,4.98e-05,43.17605713
42169579,2017-12-19T05:29:44.833,BUY,4.986e-05,57.0
42169584,2017-12-19T05:29:45.943,BUY,4.986e-05,239.01710744
42169585,2017-12-19T05:29:45.943,BUY,4.987e-05,323.85820675
42169587,2017-12-19T05:29:47.49,SELL,4.98e-05,41.2371134
42169588,2017-12-19T05:29:47.71,SELL,4.98e-05,399.29863429
42169589,2017-12-19T05:29:47.71,SELL,4.969e-05,1800.70136571
42169593,2017-12-19T05:29:50.147,BUY,4.987e-05,57.0
42169594,2017-12-19T05:29:50.66,SELL,4.969e-05,3669.36054812
42169595,2017-12-19T05:29:51.07,SELL,4.91e-05,440.53574769
42169600,2017-12-19T05:29:53.303,BUY,4.954e-05,250.0
42169603,2017-12-19T05:29:54.287,BUY,4.954e-05,57.0
42169607,2017-12-19T05:29:56.85,BUY,4.954e-05,57.0
42169611,2017-12-19T05:29:58.02,BUY,4.954e-05,266.32887566
42169615,2017-12-19T05:29:59.897,BUY,4.954e-05,57.0
42169620,2017-12-19T05:30:01.02,BUY,4.954e-05,194.36731455
42169622,2017-12-19T05:30:01.443,BUY,4.954e-05,122.454028
42169626,2017-12-19T05:30:02.007,BUY,4.954e-05,300.0
42169628,2017-12-19T05:30:02.443,SELL,4.91e-05,1972.77070392
42169629,2017-12-19T05:30:02.443,SELL,4.91e-05,140.33463849
42169630,2017-12-19T05:30:02.443,SELL,4.91e-05,4000.0
42169631,2017-12-19T05:30:02.443,SELL,4.91e-05,3939.63701731
42169632,2017-12-19T05:30:02.443,SELL,4.907e-05,808.93671807
42169633,2017-12-19T05:30:02.443,SELL,4.902e-05,1529.9877601
42169634,2017-12-19T05:30:02.443,SELL,4.902e-05,40.69792878
42169635,2017-12-19T05:30:02.443,SELL,4.901e-05,2020.0
42169636,2017-12-19T05:30:02.443,SELL,4.901e-05,10067.62212354
42169637,2017-12-19T05:30:02.443,SELL,4.9e-05,10991.45023336
42169638,2017-12-19T05:30:02.443,SELL,4.9e-05,57.0
42169639,2017-12-19T05:30:02.443,SELL,4.9e-05,10707.39172475
42169640,2017-12-19T05:30:02.46,SELL,4.9e-05,21338.86790357
42169641,2017-12-19T05:30:02.46,SELL,4.9e-05,2622.40816071
42169642,2017-12-19T05:30:02.46,SELL,4.9e-05,328.0
42169643,2017-12-19T05:30:02.46,SELL,4.897e-05,30.6282591
42169644,2017-12-19T05:30:02.46,SELL,4.889e-05,106.59172394
42169645,2017-12-19T05:30:02.46,SELL,4.889e-05,519.50550828
42169646,2017-12-19T05:30:02.46,SELL,4.889e-05,13.63381184
42169647,2017-12-19T05:30:02.46,SELL,4.888e-05,34.0184641
42169648,2017-12-19T05:30:02.46,SELL,4.883e-05,27.70833324
42169649,2017-12-19T05:30:02.46,SELL,4.883e-05,2000.0
42169650,2017-12-19T05:30:02.46,SELL,4.883e-05,76.60553715
42169651,2017-12-19T05:30:02.46,SELL,4.878e-05,10261.63823136
42169652,2017-12-19T05:30:02.46,SELL,4.878e-05,58.0
42169653,2017-12-19T05:30:02.46,SELL,4.878e-05,265.89731222
42169654,2017-12-19T05:30:02.46,SELL,4.878e-05,14.68112239
42169655,2017-12-19T05:30:02.46,SELL,4.878e-05,19.8439735
42169656,2017-12-19T05:30:02.46,SELL,4.877e-05,40.90629485
42169657,2017-12-19T05:30:02.46,SELL,4.874e-05,276.465
42169658,2017-12-19T05:30:02.46,SELL,4.87e-05,8193.01848049
42169659,2017-12-19T05:30:02.46,SELL,4.868e-05,30.81313792
42169660,2017-12-19T05:30:02.46,SELL,4.859e-05,20.78616999
42169661,2017-12-19T05:30:02.46,SELL,4.859e-05,7288.70006431
42169662,2017-12-19T05:30:02.46,SELL,4.853e-05,20.60387823
42169663,2017-12-19T05:30:02.46,SELL,4.852e-05,20.6080398
42169664,2017-12-19T05:30:02.46,SELL,4.851e-05,14.11375704
42169665,2017-12-19T05:30:02.46,SELL,4.85e-05,100.12798765
42169667,2017-12-19T05:30:03.77,BUY,4.953e-05,57.0
42169668,2017-12-19T05:30:03.88,SELL,4.85e-05,103.88460737
42169675,2017-12-19T05:30:05.943,BUY,4.953e-05,300.0
42169677,2017-12-19T05:30:05.96,BUY,4.953e-05,57.0
42169687,2017-12-19T05:30:08.13,BUY,4.892e-05,102.10332857
42169689,2017-12-19T05:30:08.333,SELL,4.892e-05,297.0
42169691,2017-12-19T05:30:09.147,BUY,4.886e-05,57.0
42169699,2017-12-19T05:30:11.023,BUY,4.886e-05,3418.1334
42169704,2017-12-19T05:30:11.413,BUY,4.886e-05,687.90225994
42169720,2017-12-19T05:30:14.977,BUY,4.951e-05,57.0
42169723,2017-12-19T05:30:15.773,BUY,4.951e-05,1058.9877601
42169724,2017-12-19T05:30:15.773,BUY,4.952e-05,2020.0
42169725,2017-12-19T05:30:15.773,BUY,4.954e-05,676.8807845
42169732,2017-12-19T05:30:17.63,SELL,4.927e-05,100.0
42169744,2017-12-19T05:30:21.367,BUY,4.954e-05,4349.60844917
42169745,2017-12-19T05:30:21.367,BUY,4.954e-05,632.28907639
42169746,2017-12-19T05:30:21.367,BUY,4.965e-05,81.73772338
42169747,2017-12-19T05:30:21.367,BUY,4.974e-05,61.20793901
42169748,2017-12-19T05:30:21.367,BUY,4.98e-05,993.07440341
42169749,2017-12-19T05:30:21.367,BUY,4.985e-05,40.69792878
42169750,2017-12-19T05:30:21.367,BUY,4.986e-05,202.5156
42169751,2017-12-19T05:30:21.367,BUY,4.986e-05,4040.09720535
42169752,2017-12-19T05:30:21.367,BUY,4.987e-05,7901.30335053
42169756,2017-12-19T05:30:22.413,BUY,4.976e-05,20.29742765
42169757,2017-12-19T05:30:22.413,BUY,4.987e-05,189.70257235
42169762,2017-12-19T05:30:23.99,BUY,4.987e-05,57.0
42169764,2017-12-19T05:30:24.46,SELL,4.954e-05,57.0
42169765,2017-12-19T05:30:24.46,SELL,4.952e-05,43.0
42169771,2017-12-19T05:30:26.693,BUY,4.987e-05,170.75142933
42169774,2017-12-19T05:30:27.68,BUY,4.987e-05,57.0
42169778,2017-12-19T05:30:29.96,BUY,4.987e-05,177.20227204
42169781,2017-12-19T05:30:31.883,BUY,4.987e-05,57.0
42169783,2017-12-19T05:30:32.04,BUY,4.987e-05,1312.0
42169787,2017-12-19T05:30:32.617,BUY,4.987e-05,133.0
42169792,2017-12-19T05:30:33.07,BUY,4.987e-05,57.0
42169795,2017-12-19T05:30:34.147,BUY,4.987e-05,625.07360794
42169801,2017-12-19T05:30:34.71,SELL,4.985e-05,402.83856164
42169802,2017-12-19T05:30:34.803,SELL,4.985e-05,148.80470875
42169806,2017-12-19T05:30:36.007,BUY,4.987e-05,57.0
42169809,2017-12-19T05:30:36.383,BUY,4.987e-05,132.0
42169811,2017-12-19T05:30:36.617,BUY,4.987e-05,43.13000299
42169813,2017-12-19T05:30:36.85,BUY,4.987e-05,3755.1633496
42169815,2017-12-19T05:30:37.227,BUY,4.987e-05,118.0
42169816,2017-12-19T05:30:37.65,SELL,4.985e-05,2828.35672961
42169817,2017-12-19T05:30:37.65,SELL,4.976e-05,2252.54528469
42169818,2017-12-19T05:30:37.65,SELL,4.954e-05,3259.3189675
42169819,2017-12-19T05:30:37.65,SELL,4.954e-05,96.08055309
42169820,2017-12-19T05:30:37.663,SELL,4.952e-05,14.0
42169821,2017-12-19T05:30:37.663,SELL,4.927e-05,507.4002162
42169822,2017-12-19T05:30:37.663,SELL,4.886e-05,57.0
42169823,2017-12-19T05:30:37.663,SELL,4.886e-05,4106.03565994
42169824,2017-12-19T05:30:37.663,SELL,4.862e-05,1542.57507199
42169825,2017-12-19T05:30:37.663,SELL,4.86e-05,2741.43007
42169826,2017-12-19T05:30:37.663,SELL,4.86e-05,1100.0
42169827,2017-12-19T05:30:37.663,SELL,4.855e-05,41.19464469
42169828,2017-12-19T05:30:37.663,SELL,4.852e-05,2243.385929
42169829,2017-12-19T05:30:37.663,SELL,4.852e-05,616.75597692
42169830,2017-12-19T05:30:37.663,SELL,4.85e-05,2881.7222112
42169835,2017-12-19T05:30:39.053,BUY,4.987e-05,57.0
42169851,2017-12-19T05:30:41.993,BUY,4.939e-05,13.63381183
42169852,2017-12-19T05:30:41.993,BUY,4.976e-05,43.36618817
42169856,2017-12-19T05:30:42.54,BUY,4.976e-05,1500.0
42169868,2017-12-19T05:30:45.1,BUY,4.933e-05,57.0
42169870,2017-12-19T05:30:45.383,BUY,4.933e-05,147.0
42169877,2017-12-19T05:30:46.367,BUY,4.933e-05,1700.0
42169881,2017-12-19T05:30:46.993,BUY,4.933e-05,837.43007
42169882,2017-12-19T05:30:46.993,BUY,4.975e-05,241.22385478
42169907,2017-12-19T05:30:51.04,BUY,4.975e-05,57.0
42169913,2017-12-19T05:30:52.633,BUY,4.975e-05,95.34625357
42169921,2017-12-19T05:30:54.023,BUY,4.974e-05,115.34255059
42169922,2017-12-19T05:30:54.023,BUY,4.975e-05,236.87571065
42169924,2017-12-19T05:30:54.04,BUY,4.975e-05,57.0
42169936,2017-12-19T05:30:56.35,BUY,4.974e-05,1800.0
42169943,2017-12-19T05:30:57.867,BUY,4.973e-05,57.0
42169946,2017-12-19T05:30:58.32,BUY,4.973e-05,798.12925299
42169947,2017-12-19T05:30:58.32,BUY,4.974e-05,38.92789044
42169958,2017-12-19T05:31:00.023,BUY,4.974e-05,56.0
42169977,2017-12-19T05:31:03.587,BUY,4.974e-05,57.0
42169983,2017-12-19T05:31:05.633,BUY,4.974e-05,291.45803856
42169984,2017-12-19T05:31:05.633,BUY,4.974e-05,4089.79089791
42169985,2017-12-19T05:31:05.633,BUY,4.975e-05,1500.0
42169986,2017-12-19T05:31:05.633,BUY,4.975e-05,61.19557874
42169987,2017-12-19T05:31:05.633,BUY,4.976e-05,755.70392037
42169988,2017-12-19T05:31:05.633,BUY,4.976e-05,2173.77716406
42169989,2017-12-19T05:31:05.633,BUY,4.985e-05,2442.69934031
42169990,2017-12-19T05:31:05.633,BUY,4.985e-05,3033.57797301
42169997,2017-12-19T05:31:06.993,SELL,4.975e-05,50.0
42169999,2017-12-19T05:31:07.133,BUY,4.985e-05,95.00193594
42170000,2017-12-19T05:31:07.133,BUY,4.985e-05,59.66796981
42170001,2017-12-19T05:31:07.26,SELL,4.975e-05,204.24836601
42170004,2017-12-19T05:31:07.65,BUY,4.985e-05,156.615
42170012,2017-12-19T05:31:09.32,BUY,4.985e-05,49.20693726
42170026,2017-12-19T05:31:12.353,BUY,4.986e-05,82.0
42170028,2017-12-19T05:31:12.51,BUY,4.986e-05,56.0
42170033,2017-12-19T05:31:15.29,BUY,4.986e-05,57.0
42170042,2017-12-19T05:31:18.463,BUY,4.986e-05,55.0
42170043,2017-12-19T05:31:18.463,BUY,4.986e-05,2.0
42170050,2017-12-19T05:31:21.807,BUY,4.986e-05,57.0
42170058,2017-12-19T05:31:24.15,BUY,4.986e-05,56.0
42170064,2017-12-19T05:31:26.383,BUY,4.986e-05,84.26068391
42170067,2017-12-19T05:31:27.48,BUY,4.986e-05,50.91026775
42170070,2017-12-19T05:31:27.9,BUY,4.986e-05,56.0
42170081,2017-12-19T05:31:30.277,BUY,4.986e-05,56.0
42170083,2017-12-19T05:31:30.51,BUY,4.986e-05,3000.0
42170085,2017-12-19T05:31:30.76,BUY,4.986e-05,200.64003129
42170087,2017-12-19T05:31:31.073,BUY,4.986e-05,6437.18901705
42170088,2017-12-19T05:31:31.073,BUY,4.987e-05,3562.81098295
42170092,2017-12-19T05:31:33.213,BUY,4.986e-05,56.0
42170095,2017-12-19T05:31:33.76,BUY,4.986e-05,100.262
42170097,2017-12-19T05:31:33.853,BUY,4.986e-05,54.60494618
42170102,2017-12-19T05:31:35.993,SELL,4.985e-05,7.79306274
42170103,2017-12-19T05:31:35.993,SELL,4.985e-05,792.20693726
42170105,2017-12-19T05:31:36.15,BUY,4.986e-05,56.0
42170106,2017-12-19T05:31:36.29,SELL,4.985e-05,102.08248264
42170108,2017-12-19T05:31:37.04,BUY,4.986e-05,35.66735498
42170110,2017-12-19T05:31:37.807,SELL,4.985e-05,204.16496529
42170113,2017-12-19T05:31:38.12,BUY,4.986e-05,159.8527197
42170117,2017-12-19T05:31:39.133,BUY,4.986e-05,56.0
42170119,2017-12-19T05:31:40.103,SELL,4.985e-05,3098.89926126
42170126,2017-12-19T05:31:41.73,BUY,4.986e-05,38.38203519
42170128,2017-12-19T05:31:41.807,BUY,4.986e-05,177.464
42170131,2017-12-19T05:31:42.51,SELL,4.985e-05,287.09599798
42170132,2017-12-19T05:31:42.51,SELL,4.985e-05,50.0
42170133,2017-12-19T05:31:42.51,SELL,4.985e-05,63.05378272
42170134,2017-12-19T05:31:43.197,SELL,4.985e-05,251.94621728
42170135,2017-12-19T05:31:43.197,SELL,4.985e-05,300.15045135
42170137,2017-12-19T05:31:43.527,BUY,4.985e-05,100.2808
42170140,2017-12-19T05:31:43.557,BUY,4.985e-05,56.0
42170145,2017-12-19T05:31:44.15,BUY,4.985e-05,68.0
42170147,2017-12-19T05:31:45.137,BUY,4.985e-05,56.0
42170152,2017-12-19T05:31:47.79,BUY,4.985e-05,150.0
42170154,2017-12-19T05:31:48.213,BUY,4.985e-05,56.0
42170156,2017-12-19T05:31:48.48,BUY,4.985e-05,218.57266615
42170159,2017-12-19T05:31:49.573,SELL,4.985e-05,2164.03920342
42170161,2017-12-19T05:31:49.9,BUY,4.986e-05,3772.1614485
42170163,2017-12-19T05:31:50.183,BUY,4.986e-05,100.2808
42170169,2017-12-19T05:31:52.853,SELL,4.985e-05,5133.54302908
42170171,2017-12-19T05:31:53.29,BUY,4.986e-05,5393.32469545
42170172,2017-12-19T05:31:53.29,BUY,4.987e-05,4606.67530455
42170174,2017-12-19T05:31:55.027,SELL,4.985e-05,1913.78502778
42170179,2017-12-19T05:31:56.557,BUY,4.987e-05,100.2607
42170180,2017-12-19T05:31:56.853,SELL,4.985e-05,558.09328964
42170182,2017-12-19T05:31:57.307,BUY,4.987e-05,56.0
42170186,2017-12-19T05:31:59.09,SELL,4.985e-05,16.98182907
42170187,2017-12-19T05:31:59.09,SELL,4.985e-05,56.0
42170188,2017-12-19T05:31:59.09,SELL,4.985e-05,131.18313622
42170196,2017-12-19T05:32:00.997,BUY,4.986e-05,5000.0
42170201,2017-12-19T05:32:02.043,BUY,4.986e-05,1179.09900541
42170204,2017-12-19T05:32:02.34,SELL,4.985e-05,41.19464469
42170206,2017-12-19T05:32:02.513,BUY,4.986e-05,62.0
42170212,2017-12-19T05:32:03.793,BUY,4.986e-05,20.05615724
42170214,2017-12-19T05:32:03.793,BUY,4.986e-05,100.2808
42170216,2017-12-19T05:32:04.077,SELL,4.985e-05,73.22853002
42170217,2017-12-19T05:32:04.077,SELL,4.985e-05,56.0
42170219,2017-12-19T05:32:04.123,BUY,4.985e-05,27.07784565
42170220,2017-12-19T05:32:04.123,BUY,4.986e-05,28.92215435
42170224,2017-12-19T05:32:05.623,BUY,4.986e-05,2500.0
42170227,2017-12-19T05:32:06.23,BUY,4.986e-05,57.0
42170229,2017-12-19T05:32:06.387,SELL,4.984e-05,424.57266614
42170230,2017-12-19T05:32:06.387,SELL,4.98e-05,300.0
42170231,2017-12-19T05:32:06.387,SELL,4.98e-05,224.82908886
42170232,2017-12-19T05:32:06.387,SELL,4.974e-05,57.0
42170233,2017-12-19T05:32:06.387,SELL,4.933e-05,57.0
42170234,2017-12-19T05:32:06.387,SELL,4.933e-05,15.22853002
42170240,2017-12-19T05:32:07.433,BUY,4.985e-05,6069.03124377
42170243,2017-12-19T05:32:08.607,SELL,4.933e-05,822.20153998
42170245,2017-12-19T05:32:08.763,BUY,4.93e-05,20.26753141
42170248,2017-12-19T05:32:09.31,BUY,4.93e-05,26.97374101
42170249,2017-12-19T05:32:09.31,BUY,4.985e-05,30.02625899
42170251,2017-12-19T05:32:10.577,BUY,4.985e-05,120.0
42170254,2017-12-19T05:32:11.7,BUY,4.985e-05,100.3009
42170256,2017-12-19T05:32:12.043,BUY,4.985e-05,178.91519946
42170258,2017-12-19T05:32:12.327,BUY,4.985e-05,57.0
42170261,2017-12-19T05:32:12.497,BUY,4.985e-05,250.0
