11662413,2017-12-25T23:09:30.58,SELL,4.106e-05,3241.67588442
11662414,2017-12-25T23:09:30.58,SELL,4.097e-05,82.45277029
11662415,2017-12-25T23:09:30.58,SELL,4.096e-05,1412.99432138
11662416,2017-12-25T23:09:30.58,SELL,4.096e-05,282.6326284
11662419,2017-12-25T23:09:31.14,BUY,4.095e-05,36.5230095
11662421,2017-12-25T23:09:31.923,BUY,4.095e-05,1373.79105402
11662600,2017-12-25T23:12:13.463,SELL,4.142e-05,50.81386967
11662601,2017-12-25T23:12:13.463,SELL,4.098e-05,307.26595283
11662602,2017-12-25T23:12:13.463,SELL,4.097e-05,141.9201775
11662617,2017-12-25T23:12:34.417,SELL,4.097e-05,258.0798225
11662618,2017-12-25T23:12:34.417,SELL,4.097e-05,41.62636603
11662689,2017-12-25T23:14:01.797,SELL,4.097e-05,86.34984397
11662690,2017-12-25T23:14:01.797,SELL,4.097e-05,47.94719795
11662691,2017-12-25T23:14:01.797,SELL,4.097e-05,250.0
11662692,2017-12-25T23:14:01.797,SELL,4.091e-05,82.57369835
11662693,2017-12-25T23:14:01.797,SELL,4.087e-05,3033.12925973
11662728,2017-12-25T23:15:13.6,BUY,4.121e-05,36.54080389
11662729,2017-12-25T23:15:13.6,BUY,4.122e-05,49.53518201
11662766,2017-12-25T23:16:16.477,SELL,4.087e-05,133.14285185
11662865,2017-12-25T23:18:15.043,SELL,4.087e-05,209.381
11662870,2017-12-25T23:18:24.933,SELL,4.087e-05,62.5
11662949,2017-12-25T23:20:33.813,SELL,4.087e-05,228.73443076
11662959,2017-12-25T23:20:48.533,SELL,4.087e-05,160.306401
11662966,2017-12-25T23:21:15.753,SELL,4.087e-05,327.505348
11662991,2017-12-25T23:21:37.52,SELL,4.087e-05,207.8125
11662999,2017-12-25T23:21:45.143,SELL,4.087e-05,1637.48820866
11663000,2017-12-25T23:21:45.143,SELL,4.075e-05,993.01990405
11663001,2017-12-25T23:21:45.143,SELL,4.056e-05,53.29450809
11663002,2017-12-25T23:21:45.143,SELL,4.054e-05,46.644025
11663003,2017-12-25T23:21:45.143,SELL,4.034e-05,7907.07450756
11663116,2017-12-25T23:22:48.397,BUY,4.118e-05,16.98491851
11663268,2017-12-25T23:24:28.307,SELL,4.036e-05,25.0
11663288,2017-12-25T23:24:48.807,BUY,4.091e-05,258.40434663
11663308,2017-12-25T23:25:05.793,SELL,4.035e-05,500.0
11663319,2017-12-25T23:25:28.043,BUY,4.09e-05,317.87154206
11663331,2017-12-25T23:25:48.733,BUY,4.121e-05,28.56462746
11663608,2017-12-25T23:31:15.187,SELL,4.12e-05,30.0
11663653,2017-12-25T23:32:17.767,SELL,4.12e-05,30.0
11663654,2017-12-25T23:32:18.267,SELL,4.12e-05,1038.848179
11663769,2017-12-25T23:34:30.463,BUY,4.093e-05,24.69670711
11663818,2017-12-25T23:36:14.95,SELL,4.093e-05,369.53731554
11663822,2017-12-25T23:36:16.827,BUY,4.093e-05,36.63898387
11663831,2017-12-25T23:36:28.89,SELL,4.045e-05,30.0
11663832,2017-12-25T23:36:28.89,SELL,4.033e-05,1995.0
11663849,2017-12-25T23:38:28.33,SELL,4.033e-05,172.50555569
11663865,2017-12-25T23:39:18.94,SELL,4.033e-05,6833.49444431
11663868,2017-12-25T23:39:21.473,BUY,4.033e-05,119.74278526
11663870,2017-12-25T23:39:26.27,BUY,4.032e-05,36.63898387
11663871,2017-12-25T23:39:26.27,BUY,4.033e-05,108.65208784
11663872,2017-12-25T23:39:31.083,SELL,4.029e-05,32.29743243
11663874,2017-12-25T23:39:33.143,BUY,4.03e-05,37.25158466
11663875,2017-12-25T23:39:33.143,BUY,4.032e-05,36.5230095
11663876,2017-12-25T23:39:33.143,BUY,4.033e-05,71.51647755
11663879,2017-12-25T23:39:47.38,BUY,4.033e-05,120.46805111
11663881,2017-12-25T23:39:54.02,BUY,4.033e-05,115.57965468
11663887,2017-12-25T23:40:35.35,BUY,4.033e-05,24.79543763
11663891,2017-12-25T23:41:25.323,BUY,4.033e-05,62.97893169
11663892,2017-12-25T23:41:25.323,BUY,4.079e-05,0.15784193
11663911,2017-12-25T23:42:26.157,BUY,4.033e-05,34.55766553
11663916,2017-12-25T23:42:36.517,BUY,4.033e-05,419.2203366
11663921,2017-12-25T23:43:19.91,BUY,4.033e-05,746.22199787
11663931,2017-12-25T23:43:42.27,SELL,4.035e-05,1630.58574855
11663934,2017-12-25T23:43:49.097,SELL,4.029e-05,100.0
11663939,2017-12-25T23:44:12.24,SELL,4.029e-05,131.07265404
11663940,2017-12-25T23:44:12.24,SELL,4.029e-05,69.39062933
11663948,2017-12-25T23:44:41.07,SELL,4.029e-05,7.69267484
11663949,2017-12-25T23:44:41.07,SELL,4.028e-05,1113.53733289
11663950,2017-12-25T23:44:41.07,SELL,4.023e-05,327.07040641
11663951,2017-12-25T23:44:41.07,SELL,4.022e-05,1921.11383731
11664002,2017-12-25T23:47:20.747,BUY,4.033e-05,260.04674126
11664039,2017-12-25T23:48:11.843,SELL,4.022e-05,369.53568782
11664044,2017-12-25T23:49:58.737,SELL,4.022e-05,2004.90922724
11664045,2017-12-25T23:49:58.737,SELL,4.022e-05,124.00546992
11664046,2017-12-25T23:49:58.737,SELL,4.022e-05,130.07050184
11664047,2017-12-25T23:49:58.737,SELL,4.02e-05,2741.014801
11664052,2017-12-25T23:50:13.677,SELL,4.021e-05,1111.0
11664093,2017-12-25T23:51:14.613,SELL,4.023e-05,51.01055438
11664094,2017-12-25T23:51:14.613,SELL,4.021e-05,1448.98944562
11664099,2017-12-25T23:51:25.117,BUY,4.022e-05,48.69110582
11664103,2017-12-25T23:51:36.43,BUY,4.022e-05,48.69110582
11664105,2017-12-25T23:51:40.083,BUY,4.022e-05,27.31954504
11664106,2017-12-25T23:51:40.083,BUY,4.033e-05,50.0
11664107,2017-12-25T23:51:40.083,BUY,4.12e-05,200.0
11664108,2017-12-25T23:51:40.083,BUY,4.121e-05,72.43537254
11664109,2017-12-25T23:51:40.083,BUY,4.135e-05,25.0
11664110,2017-12-25T23:51:40.083,BUY,4.137e-05,202.80303969
11664111,2017-12-25T23:51:40.083,BUY,4.137e-05,758.23884334
11664167,2017-12-25T23:52:06.803,SELL,4.032e-05,201.94159443
11664310,2017-12-25T23:54:05.043,SELL,4.034e-05,50.0
11664315,2017-12-25T23:54:07.027,SELL,4.035e-05,37.17472118
11664316,2017-12-25T23:54:07.027,SELL,4.034e-05,453.07807935
11664364,2017-12-25T23:55:31.5,BUY,4.025e-05,30.0
11664377,2017-12-25T23:56:11.093,BUY,4.025e-05,16.1498708
11664384,2017-12-25T23:57:26.69,BUY,4.025e-05,3.8501292
11664385,2017-12-25T23:57:26.69,BUY,4.033e-05,348.00396727
11664386,2017-12-25T23:57:26.69,BUY,4.033e-05,164.10464056
11664501,2017-12-25T23:58:45.66,BUY,4.141e-05,37.17472118
11664502,2017-12-25T23:58:45.66,BUY,4.141e-05,110.65698405
11664511,2017-12-25T23:58:52.973,SELL,4.141e-05,2.69877714
11664515,2017-12-25T23:58:59.537,BUY,4.141e-05,28.56462746
11664597,2017-12-26T00:00:05.46,SELL,4.049e-05,37.04618424
11664648,2017-12-26T00:01:30.37,BUY,4.102e-05,82.65902998
11664884,2017-12-26T00:08:25.06,SELL,4.08e-05,106.41235474
11664890,2017-12-26T00:08:40.827,SELL,4.08e-05,34.55766553
11664913,2017-12-26T00:09:26.157,SELL,4.08e-05,65.0
11664962,2017-12-26T00:11:28.58,BUY,4.08e-05,539.71918703
11664982,2017-12-26T00:12:14.6,SELL,4.081e-05,30.0
11664994,2017-12-26T00:12:54.21,SELL,4.1e-05,82.08646463
11664995,2017-12-26T00:13:02.287,SELL,4.081e-05,24.79543763
11665017,2017-12-26T00:14:07.18,SELL,4.081e-05,350.85212435
11665053,2017-12-26T00:15:25.73,SELL,4.081e-05,482.24275064
11665133,2017-12-26T00:18:43.11,SELL,4.081e-05,112.10968738
11665134,2017-12-26T00:18:43.11,SELL,4.08e-05,387.89031261
11665175,2017-12-26T00:20:27.927,SELL,4.08e-05,109.2381334
11665176,2017-12-26T00:20:28.05,SELL,4.08e-05,11983.9548063
11665177,2017-12-26T00:20:28.05,SELL,4.07e-05,115.38381583
11665178,2017-12-26T00:20:28.05,SELL,4.04e-05,1521.97707384
11665195,2017-12-26T00:21:59.993,BUY,4.091e-05,37.04618424
11665196,2017-12-26T00:21:59.993,BUY,4.091e-05,100.95381576
11665216,2017-12-26T00:24:20.233,BUY,4.082e-05,874.81018211
11665218,2017-12-26T00:24:23.203,BUY,4.082e-05,236.18981789
11665219,2017-12-26T00:24:23.203,BUY,4.086e-05,203.399976
11665220,2017-12-26T00:24:23.97,SELL,4.091e-05,48.06603598
11665259,2017-12-26T00:25:59.457,SELL,4.08e-05,263.32753125
11665261,2017-12-26T00:26:01.72,BUY,4.08e-05,244.6183953
11665403,2017-12-26T00:33:42.6,SELL,4.05e-05,740.0
11665409,2017-12-26T00:33:47.677,BUY,4.049e-05,392.25300318
11665427,2017-12-26T00:34:07.21,SELL,4.04e-05,978.02292616
11665428,2017-12-26T00:34:07.21,SELL,4.04e-05,202.72991475
11665446,2017-12-26T00:35:16.823,SELL,4.04e-05,1772.85651279
11665485,2017-12-26T00:36:32.653,SELL,4.041e-05,100.0
11665486,2017-12-26T00:36:38.81,SELL,4.041e-05,901.01055438
11665487,2017-12-26T00:36:38.81,SELL,4.04e-05,543.98197296
11665502,2017-12-26T00:37:09.31,BUY,4.048e-05,190.1704124
11665530,2017-12-26T00:38:52.533,SELL,4.04e-05,196.54511616
11665537,2017-12-26T00:39:58.037,SELL,4.04e-05,2000.0
11665555,2017-12-26T00:40:51.57,SELL,4.04e-05,222.00529522
11665556,2017-12-26T00:40:51.57,SELL,4.04e-05,40.0
11665557,2017-12-26T00:40:51.57,SELL,4.02e-05,6652.36111322
11665558,2017-12-26T00:40:51.57,SELL,4.015e-05,90.0
11665559,2017-12-26T00:40:51.57,SELL,4.01e-05,2500.0
11665560,2017-12-26T00:40:51.57,SELL,4.009e-05,12446.96780634
11665561,2017-12-26T00:40:51.57,SELL,4.009e-05,202.9598952
11665562,2017-12-26T00:40:51.57,SELL,4.003e-05,293.42504634
11665563,2017-12-26T00:40:51.57,SELL,4.003e-05,46.99230193
11665564,2017-12-26T00:40:51.587,SELL,4.003e-05,233.66762138
11665565,2017-12-26T00:40:51.587,SELL,4.003e-05,47.49726551
11665566,2017-12-26T00:40:51.587,SELL,4.003e-05,124.77371816
11665567,2017-12-26T00:40:51.587,SELL,4.003e-05,24.98126405
11665568,2017-12-26T00:40:51.587,SELL,4.001e-05,784.56074932
11665569,2017-12-26T00:40:51.587,SELL,4e-05,20.0
11665570,2017-12-26T00:40:51.587,SELL,4e-05,255.76923077
11665571,2017-12-26T00:40:51.587,SELL,4e-05,1246.875
11665572,2017-12-26T00:40:51.587,SELL,4e-05,1500.0
11665573,2017-12-26T00:40:51.587,SELL,4e-05,249.375
11665574,2017-12-26T00:40:51.587,SELL,4e-05,789.72498938
11665575,2017-12-26T00:40:51.587,SELL,4e-05,5311.67677687
11665576,2017-12-26T00:40:51.587,SELL,4e-05,1594.0698375
11665577,2017-12-26T00:40:51.587,SELL,4e-05,850.0
11665578,2017-12-26T00:40:51.587,SELL,3.987e-05,2501.88111362
11665579,2017-12-26T00:40:51.587,SELL,3.98e-05,2756.90954774
11665580,2017-12-26T00:40:51.587,SELL,3.98e-05,12314.81481481
11665581,2017-12-26T00:40:51.587,SELL,3.948e-05,62.116078
11665582,2017-12-26T00:40:51.587,SELL,3.94e-05,126.9035533
11665583,2017-12-26T00:40:51.587,SELL,3.938e-05,939.61743335
11665584,2017-12-26T00:40:51.587,SELL,3.938e-05,841.06709446
11665585,2017-12-26T00:40:51.587,SELL,3.935e-05,25.0
11665586,2017-12-26T00:40:51.587,SELL,3.935e-05,22.83189217
11665587,2017-12-26T00:40:51.587,SELL,3.932e-05,50.94505468
11665588,2017-12-26T00:40:51.587,SELL,3.923e-05,707.2651996
11665589,2017-12-26T00:40:51.587,SELL,3.921e-05,254.39938791
11665590,2017-12-26T00:40:51.587,SELL,3.92e-05,1272.32142857
11665591,2017-12-26T00:40:51.587,SELL,3.911e-05,1275.25726721
11665592,2017-12-26T00:40:51.587,SELL,3.911e-05,63.909956
11665593,2017-12-26T00:40:51.587,SELL,3.907e-05,25.76925985
11665594,2017-12-26T00:40:51.587,SELL,3.903e-05,5000.0
11665595,2017-12-26T00:40:51.587,SELL,3.902e-05,397.60319323
11665596,2017-12-26T00:40:51.587,SELL,3.9e-05,152.66814231
11665597,2017-12-26T00:40:51.587,SELL,3.9e-05,6902.14677115
11665598,2017-12-26T00:40:51.587,SELL,3.9e-05,30.0
11665599,2017-12-26T00:40:51.587,SELL,3.9e-05,255.76923077
11665600,2017-12-26T00:40:51.6,SELL,3.9e-05,25.57692308
11665601,2017-12-26T00:40:51.6,SELL,3.9e-05,111.70542115
11665602,2017-12-26T00:40:51.6,SELL,3.9e-05,130.0
11665603,2017-12-26T00:40:51.6,SELL,3.9e-05,18.33098077
11665604,2017-12-26T00:40:51.6,SELL,3.9e-05,27.51897885
11665605,2017-12-26T00:40:51.6,SELL,3.9e-05,699.04748846
11665606,2017-12-26T00:40:51.6,SELL,3.868e-05,54.9132948
11665607,2017-12-26T00:40:51.6,SELL,3.862e-05,40.11954298
11665608,2017-12-26T00:40:51.6,SELL,3.858e-05,50.0
11665609,2017-12-26T00:40:51.6,SELL,3.855e-05,1000.0
11665610,2017-12-26T00:40:51.6,SELL,3.851e-05,1271.99693956
11665611,2017-12-26T00:40:51.6,SELL,3.846e-05,2080.29956314
11665612,2017-12-26T00:40:51.6,SELL,3.845e-05,1000.0
11665613,2017-12-26T00:40:51.6,SELL,3.84e-05,9004.0
11665614,2017-12-26T00:40:51.6,SELL,3.824e-05,127.72239889
11665615,2017-12-26T00:40:51.6,SELL,3.822e-05,26.45372283
11665616,2017-12-26T00:40:51.6,SELL,3.822e-05,65.41
11665617,2017-12-26T00:40:51.6,SELL,3.822e-05,151.62349384
11665618,2017-12-26T00:40:51.6,SELL,3.822e-05,151.62349384
11665619,2017-12-26T00:40:51.6,SELL,3.821e-05,31.40539126
11665620,2017-12-26T00:40:51.6,SELL,3.821e-05,62.116078
11665621,2017-12-26T00:40:51.6,SELL,3.818e-05,424.5350072
11665622,2017-12-26T00:40:51.6,SELL,3.814e-05,231.85873805
11665623,2017-12-26T00:40:51.6,SELL,3.814e-05,261.53670621
11665624,2017-12-26T00:40:51.6,SELL,3.802e-05,593.11071051
11665625,2017-12-26T00:40:51.6,SELL,3.8e-05,5071.17437722
11665626,2017-12-26T00:40:51.6,SELL,3.8e-05,1224.565125
11665627,2017-12-26T00:40:51.6,SELL,3.8e-05,183.75114844
11665628,2017-12-26T00:40:51.6,SELL,3.8e-05,25.0
11665629,2017-12-26T00:40:51.6,SELL,3.798e-05,8194.31279621
11665630,2017-12-26T00:40:51.6,SELL,3.784e-05,498.546399
11665631,2017-12-26T00:40:51.617,SELL,3.783e-05,615.735842
11665632,2017-12-26T00:40:51.617,SELL,3.782e-05,1902.35817
11665633,2017-12-26T00:40:51.617,SELL,3.78e-05,2660.0
11665634,2017-12-26T00:40:51.617,SELL,3.768e-05,26539.2781316
11665635,2017-12-26T00:40:51.617,SELL,3.763e-05,132.87270795
11665636,2017-12-26T00:40:51.617,SELL,3.757e-05,1262.64852
11665637,2017-12-26T00:40:51.617,SELL,3.755e-05,38.193362
11665638,2017-12-26T00:40:51.617,SELL,3.751e-05,361.16228006
11665639,2017-12-26T00:40:51.617,SELL,3.751e-05,1341.69041989
11665640,2017-12-26T00:40:51.617,SELL,3.75e-05,500.0
11665641,2017-12-26T00:40:51.617,SELL,3.75e-05,30842.257908
11665642,2017-12-26T00:40:51.617,SELL,3.75e-05,26.6
11665643,2017-12-26T00:40:51.617,SELL,3.75e-05,2018.37084521
11665647,2017-12-26T00:40:54.477,SELL,3.76e-05,202.9620956
11665649,2017-12-26T00:40:54.837,BUY,3.842e-05,23.75565611
11665651,2017-12-26T00:40:54.867,BUY,3.842e-05,264.58885942
11665653,2017-12-26T00:40:54.913,BUY,3.842e-05,885.82954162
11665654,2017-12-26T00:40:54.913,BUY,3.85e-05,486.34812287
11665655,2017-12-26T00:40:54.913,BUY,3.9e-05,74.74558171
11665657,2017-12-26T00:40:54.943,BUY,3.789e-05,500.0
11665660,2017-12-26T00:40:54.96,BUY,3.9e-05,542.84390411
11665663,2017-12-26T00:40:55.147,BUY,3.895e-05,542.84051135
11665665,2017-12-26T00:40:55.32,BUY,3.895e-05,206.3759527
11665676,2017-12-26T00:40:56.99,BUY,3.895e-05,105.39751221
11665681,2017-12-26T00:40:58.007,SELL,3.803e-05,26.32208662
11665689,2017-12-26T00:40:58.99,BUY,3.895e-05,146.37297024
11665696,2017-12-26T00:40:59.633,BUY,3.895e-05,146.37297024
11665703,2017-12-26T00:41:01.087,BUY,3.895e-05,147.26063098
11665705,2017-12-26T00:41:01.1,BUY,3.895e-05,51.02040816
11665707,2017-12-26T00:41:01.773,BUY,3.895e-05,93.42304721
11665708,2017-12-26T00:41:01.85,SELL,3.804e-05,70.01166861
11665709,2017-12-26T00:41:01.85,SELL,3.804e-05,716.66025568
11665710,2017-12-26T00:41:01.85,SELL,3.752e-05,637.37641568
11665711,2017-12-26T00:41:01.867,SELL,3.752e-05,55.32506887
11665712,2017-12-26T00:41:01.867,SELL,3.752e-05,53.86349924
11665713,2017-12-26T00:41:01.867,SELL,3.752e-05,250.62656641
11665717,2017-12-26T00:41:03.1,BUY,3.894e-05,101.30132852
11665724,2017-12-26T00:41:05.867,BUY,3.894e-05,322.14387629
11665728,2017-12-26T00:41:06.977,BUY,3.894e-05,95.49545677
11665734,2017-12-26T00:41:09.6,BUY,3.892e-05,53.53932609
11665742,2017-12-26T00:41:14.133,BUY,3.891e-05,62.5
11665746,2017-12-26T00:41:15.663,BUY,3.89e-05,101.30132852
11665761,2017-12-26T00:41:25.18,BUY,3.886e-05,187.129
11665766,2017-12-26T00:41:27.51,BUY,3.886e-05,27.06293662
11665767,2017-12-26T00:41:27.51,BUY,3.887e-05,172.93706338
11665774,2017-12-26T00:41:31.977,BUY,3.885e-05,231.54103421
11665776,2017-12-26T00:41:32.557,BUY,3.885e-05,51.0
11665788,2017-12-26T00:41:37.727,BUY,3.885e-05,92.35991578
11665794,2017-12-26T00:41:40.477,BUY,3.884e-05,257.33401955
11665803,2017-12-26T00:41:46.087,BUY,3.881e-05,93.83106973
11665811,2017-12-26T00:41:51.993,BUY,3.881e-05,456.09575312
11665824,2017-12-26T00:41:59.76,BUY,3.879e-05,102.6762738
11665829,2017-12-26T00:42:00.417,BUY,3.879e-05,98.44389043
11665833,2017-12-26T00:42:01.057,BUY,3.879e-05,98.44389043
11665837,2017-12-26T00:42:02.23,BUY,3.879e-05,80.59127309
11665861,2017-12-26T00:42:16.12,BUY,3.875e-05,17.07530391
11665863,2017-12-26T00:42:16.37,BUY,3.875e-05,662.90385543
11665873,2017-12-26T00:42:21.713,BUY,3.873e-05,59.60484078
11665877,2017-12-26T00:42:23.277,BUY,3.873e-05,213.93685205
11665885,2017-12-26T00:42:31.107,BUY,3.872e-05,85.53302394
11665891,2017-12-26T00:42:43.763,BUY,3.87e-05,25.82644628
11665906,2017-12-26T00:42:57.73,BUY,3.874e-05,25.81311306
11665908,2017-12-26T00:42:59.09,BUY,3.874e-05,25.81311306
11665910,2017-12-26T00:42:59.247,BUY,3.874e-05,77.43933918
11665925,2017-12-26T00:43:03.653,BUY,3.874e-05,16.24413679
11665926,2017-12-26T00:43:03.653,BUY,3.874e-05,15.28738876
11665929,2017-12-26T00:43:04.09,BUY,3.874e-05,239.23730768
11665931,2017-12-26T00:43:04.357,BUY,3.874e-05,152.242016
11665933,2017-12-26T00:43:05.793,BUY,3.874e-05,110.20585957
11665938,2017-12-26T00:43:07.797,BUY,3.874e-05,179.97709344
11665940,2017-12-26T00:43:09.31,BUY,3.874e-05,46.35085957
11665943,2017-12-26T00:43:11.483,BUY,3.874e-05,3918.42853559
11665950,2017-12-26T00:43:15.53,SELL,3.875e-05,2299.20065183
11665951,2017-12-26T00:43:15.53,SELL,3.874e-05,3086.77848558
11665952,2017-12-26T00:43:15.53,SELL,3.874e-05,55.62092927
11665954,2017-12-26T00:43:17.343,BUY,3.873e-05,25.67394094
11665956,2017-12-26T00:43:19.217,BUY,3.873e-05,24.01651002
11665958,2017-12-26T00:43:19.357,BUY,3.873e-05,1290.98889749
11665960,2017-12-26T00:43:20.077,BUY,3.873e-05,32.48484848
11665962,2017-12-26T00:43:20.343,BUY,3.873e-05,52.29379604
11665964,2017-12-26T00:43:21.047,BUY,3.873e-05,370.37037036
11665966,2017-12-26T00:43:21.95,BUY,3.873e-05,57.06134094
11665968,2017-12-26T00:43:22.36,BUY,3.873e-05,57.12925492
11665970,2017-12-26T00:43:22.45,BUY,3.873e-05,49.98809806
11665972,2017-12-26T00:43:22.653,BUY,3.895e-05,57.12925492
11665974,2017-12-26T00:43:23.39,BUY,3.895e-05,3.80674199
11665984,2017-12-26T00:43:29.547,BUY,3.899e-05,56.29126845
11665988,2017-12-26T00:43:35.81,BUY,3.899e-05,32.01970443
11665990,2017-12-26T00:43:36.763,BUY,3.899e-05,1174.33754712
11665991,2017-12-26T00:43:36.763,BUY,3.899e-05,108.04255034
11665993,2017-12-26T00:43:39.907,BUY,3.898e-05,514.22632854
11665995,2017-12-26T00:43:41.623,BUY,3.898e-05,29.85431096
11665997,2017-12-26T00:43:42.61,BUY,3.898e-05,73.13505607
11665999,2017-12-26T00:43:47.187,BUY,3.898e-05,243.78352022
11666001,2017-12-26T00:43:47.437,BUY,3.898e-05,113.69172108
11666004,2017-12-26T00:43:50.157,BUY,3.898e-05,25.15090543
11666010,2017-12-26T00:43:58.39,SELL,3.898e-05,37.27432452
11666012,2017-12-26T00:44:00.703,BUY,3.898e-05,78.02696323
11666016,2017-12-26T00:44:02.767,BUY,3.898e-05,199.0276877
11666018,2017-12-26T00:44:19.83,SELL,3.891e-05,65.52239294
11666022,2017-12-26T00:44:31.673,BUY,3.89e-05,133.94852534
11666025,2017-12-26T00:44:35.47,BUY,3.89e-05,1498.11642197
11666027,2017-12-26T00:44:39.33,BUY,3.891e-05,85.42264622
11666032,2017-12-26T00:44:46.533,BUY,3.89e-05,192.80205655
11666034,2017-12-26T00:45:00.753,BUY,3.89e-05,188.7045788
11666041,2017-12-26T00:45:16.16,SELL,3.89e-05,102.96099695
11666043,2017-12-26T00:45:16.597,BUY,3.89e-05,1285.01670521
11666045,2017-12-26T00:45:20.893,BUY,3.89e-05,720.51566249
11666047,2017-12-26T00:45:34.19,SELL,3.87e-05,334.09970349
11666048,2017-12-26T00:45:34.19,SELL,3.87e-05,88.90954632
11666049,2017-12-26T00:45:34.19,SELL,3.87e-05,128.87596899
11666050,2017-12-26T00:45:34.19,SELL,3.86e-05,1715.80446577
11666053,2017-12-26T00:45:42.19,SELL,3.86e-05,100.0
11666055,2017-12-26T00:45:43.94,BUY,3.89e-05,1285.3470437
11666057,2017-12-26T00:45:46.19,BUY,3.89e-05,205.1286982
11666060,2017-12-26T00:45:50.723,BUY,3.89e-05,1030.7615143
11666070,2017-12-26T00:46:34.82,BUY,3.891e-05,100.72940439
11666132,2017-12-26T00:47:00.367,BUY,3.891e-05,206.26435449
11666137,2017-12-26T00:47:01.553,BUY,3.891e-05,771.01002313
11666157,2017-12-26T00:47:06.6,BUY,3.891e-05,4618.21119507
11666183,2017-12-26T00:47:26.243,BUY,3.891e-05,1158.04700493
11666184,2017-12-26T00:47:26.243,BUY,3.891e-05,389.80466063
11666203,2017-12-26T00:48:37.01,SELL,3.891e-05,47.94719795
11666206,2017-12-26T00:48:40.387,SELL,3.891e-05,2431.81747419
11666207,2017-12-26T00:48:40.387,SELL,3.891e-05,128.18041635
11666208,2017-12-26T00:48:40.387,SELL,3.891e-05,529.52266081
11666222,2017-12-26T00:48:57.667,BUY,3.891e-05,820.51282051
11666225,2017-12-26T00:48:59.497,BUY,3.891e-05,128.50167052
11666228,2017-12-26T00:49:00.76,BUY,3.891e-05,152.95359628
11666230,2017-12-26T00:49:08.513,BUY,3.891e-05,128.50167052
11666234,2017-12-26T00:49:10.263,BUY,3.891e-05,205.60267283
11666267,2017-12-26T00:51:04.08,BUY,3.891e-05,1285.01670521
11666269,2017-12-26T00:51:08.75,BUY,3.891e-05,179.90233873
11666271,2017-12-26T00:51:11.86,BUY,3.891e-05,1123.54441789
11666272,2017-12-26T00:51:17.767,SELL,3.89e-05,254.5855294
11666273,2017-12-26T00:51:17.767,SELL,3.89e-05,514.14
11666274,2017-12-26T00:51:17.767,SELL,3.89e-05,100.0
11666275,2017-12-26T00:51:17.767,SELL,3.89e-05,100.0
11666276,2017-12-26T00:51:17.767,SELL,3.89e-05,100.0
11666277,2017-12-26T00:51:17.767,SELL,3.89e-05,100.0
11666278,2017-12-26T00:51:17.767,SELL,3.89e-05,122.26336809
11666281,2017-12-26T00:51:31.783,BUY,3.891e-05,100.0
11666282,2017-12-26T00:52:00.38,SELL,3.89e-05,390.59010235
11666283,2017-12-26T00:52:00.38,SELL,3.89e-05,100.0
11666284,2017-12-26T00:52:00.38,SELL,3.89e-05,50.0
11666287,2017-12-26T00:52:02.643,BUY,3.89e-05,2029.20354857
11666288,2017-12-26T00:52:02.643,BUY,3.891e-05,10025.54085876
11666289,2017-12-26T00:52:02.643,BUY,3.891e-05,191.40949322
11666296,2017-12-26T00:52:15.317,BUY,3.9e-05,42.39587294
11666297,2017-12-26T00:52:15.317,BUY,3.9e-05,726.83489629
11666299,2017-12-26T00:52:17.707,BUY,3.9e-05,171.81965368
11666300,2017-12-26T00:52:17.707,BUY,3.9e-05,100.0
11666304,2017-12-26T00:52:38.147,BUY,3.924e-05,47.06298655
11666310,2017-12-26T00:53:02.147,BUY,3.939e-05,379.03378
11666317,2017-12-26T00:53:27.477,BUY,3.939e-05,159.33967251
11666321,2017-12-26T00:53:56.87,BUY,3.939e-05,57.12925492
11666325,2017-12-26T00:54:01.37,BUY,3.939e-05,57.12925492
11666329,2017-12-26T00:54:19.463,BUY,3.939e-05,350.0
11666354,2017-12-26T00:55:06.37,BUY,3.939e-05,899.72620765
11666355,2017-12-26T00:55:06.37,BUY,3.94e-05,390.0
11666356,2017-12-26T00:55:06.37,BUY,3.941e-05,330.51566249
11666357,2017-12-26T00:55:06.37,BUY,3.942e-05,293.76715606
11666358,2017-12-26T00:55:06.37,BUY,3.943e-05,208.11642197
11666359,2017-12-26T00:55:06.37,BUY,3.944e-05,398.11642197
11666360,2017-12-26T00:55:06.37,BUY,3.945e-05,598.11642197
11666361,2017-12-26T00:55:06.37,BUY,3.945e-05,863.6223643
11666362,2017-12-26T00:55:06.37,BUY,3.947e-05,615.735842
11666363,2017-12-26T00:55:06.37,BUY,3.948e-05,498.546399
11666364,2017-12-26T00:55:06.37,BUY,3.95e-05,200.0
11666365,2017-12-26T00:55:06.37,BUY,3.95e-05,1776.21500965
11666366,2017-12-26T00:55:06.37,BUY,3.951e-05,127.26320368
11666367,2017-12-26T00:55:06.387,BUY,3.953e-05,31.53152555
11666368,2017-12-26T00:55:06.387,BUY,3.961e-05,2080.29956314
11666369,2017-12-26T00:55:06.387,BUY,3.975e-05,700.0
11666370,2017-12-26T00:55:06.387,BUY,3.98e-05,250.0
11666371,2017-12-26T00:55:06.387,BUY,3.98e-05,264.51869531
11666372,2017-12-26T00:55:06.387,BUY,3.98e-05,325.73240477
11666373,2017-12-26T00:55:06.387,BUY,3.994e-05,51.02040816
11666374,2017-12-26T00:55:06.387,BUY,3.994e-05,25.81311306
11666375,2017-12-26T00:55:06.387,BUY,3.994e-05,77.43933918
11666376,2017-12-26T00:55:06.387,BUY,3.994e-05,110.20585957
11666377,2017-12-26T00:55:06.387,BUY,3.994e-05,179.97709344
11666378,2017-12-26T00:55:06.387,BUY,3.997e-05,22670.47880284
11666379,2017-12-26T00:55:06.387,BUY,4.001e-05,2517.9312282
11666385,2017-12-26T00:55:12.933,SELL,3.902e-05,38.4418247
11666386,2017-12-26T00:55:12.933,SELL,3.901e-05,179.44116889
11666387,2017-12-26T00:55:12.933,SELL,3.901e-05,1022.8146629
11666388,2017-12-26T00:55:12.933,SELL,3.901e-05,297.77128499
11666467,2017-12-26T00:55:50.623,BUY,3.988e-05,179.44116889
11666468,2017-12-26T00:55:50.623,BUY,3.989e-05,1022.8146629
11666469,2017-12-26T00:55:50.623,BUY,3.99e-05,2020.35914943
11666489,2017-12-26T00:56:02.373,SELL,3.914e-05,88.65891663
11666490,2017-12-26T00:56:02.373,SELL,3.913e-05,38.33375926
11666491,2017-12-26T00:56:02.373,SELL,3.912e-05,2799.42639731
11666492,2017-12-26T00:56:02.373,SELL,3.912e-05,2590.0
11666493,2017-12-26T00:56:02.373,SELL,3.911e-05,308.03602677
11666659,2017-12-26T00:59:13.63,SELL,3.921e-05,192.80205655
11666690,2017-12-26T01:00:07.913,BUY,3.981e-05,38.4418247
11666691,2017-12-26T01:00:13.82,SELL,3.981e-05,126.67152765
11666692,2017-12-26T01:00:14.087,SELL,3.981e-05,1269.9328715
11666715,2017-12-26T01:00:27.243,BUY,3.975e-05,1000.66160674
11666820,2017-12-26T01:01:26.637,BUY,3.981e-05,15.4141722
11666821,2017-12-26T01:01:26.7,SELL,3.981e-05,20.87138149
11666822,2017-12-26T01:01:26.7,SELL,3.933e-05,1492.22030357
11666823,2017-12-26T01:01:26.7,SELL,3.914e-05,506.61855158
11666824,2017-12-26T01:01:26.7,SELL,3.913e-05,868.28976336
11666985,2017-12-26T01:02:33.2,BUY,3.983e-05,57.70195684
11667021,2017-12-26T01:02:46.123,BUY,3.914e-05,25.0
11667056,2017-12-26T01:03:23.427,SELL,3.916e-05,38.30439223
11667057,2017-12-26T01:03:23.427,SELL,3.915e-05,33.3244132
11667058,2017-12-26T01:03:23.427,SELL,3.911e-05,127.26320368
11667059,2017-12-26T01:03:23.427,SELL,3.903e-05,1.10799089
11667076,2017-12-26T01:03:50.457,BUY,3.909e-05,60.93599691
11667115,2017-12-26T01:04:40.583,BUY,3.909e-05,25.58199027
11667125,2017-12-26T01:05:01.087,BUY,3.909e-05,16.44300977
11667126,2017-12-26T01:05:01.087,BUY,3.957e-05,20.83319723
11667209,2017-12-26T01:08:11.25,BUY,3.951e-05,38.30439223
11667210,2017-12-26T01:08:11.25,BUY,3.952e-05,38.33375926
11667211,2017-12-26T01:08:11.25,BUY,3.953e-05,641.71865129
11667212,2017-12-26T01:08:11.25,BUY,3.954e-05,127.0464802
11667213,2017-12-26T01:08:11.25,BUY,3.981e-05,88.65891663
11667214,2017-12-26T01:08:11.25,BUY,3.982e-05,2080.93780039
11667429,2017-12-26T01:14:36.963,SELL,3.955e-05,179.90233873
11667436,2017-12-26T01:15:03.153,SELL,3.955e-05,487.04280729
11667438,2017-12-26T01:15:07.717,SELL,3.92e-05,25.67394094
11667449,2017-12-26T01:16:07.67,BUY,3.92e-05,69.27137343
11667453,2017-12-26T01:16:18.797,BUY,3.955e-05,252.84450063
11667461,2017-12-26T01:16:30.72,BUY,3.955e-05,545.12939729
11667462,2017-12-26T01:16:30.72,BUY,3.97e-05,63.90995588
11667463,2017-12-26T01:16:30.72,BUY,3.97e-05,23.94559359
11667477,2017-12-26T01:17:46.19,BUY,3.97e-05,14.24776853
11667495,2017-12-26T01:18:21.613,SELL,3.97e-05,1282.38009746
11667537,2017-12-26T01:20:07.373,BUY,3.977e-05,37.042525
11667545,2017-12-26T01:20:18.937,BUY,3.977e-05,32.90984111
11667599,2017-12-26T01:21:41.703,SELL,3.97e-05,769.23076923
11667600,2017-12-26T01:21:43.94,SELL,3.97e-05,271.81965368
11667603,2017-12-26T01:21:54.063,SELL,3.97e-05,25.58199027
11667631,2017-12-26T01:23:49.35,SELL,3.97e-05,1285.3470437
11667633,2017-12-26T01:24:06.32,BUY,3.985e-05,217.51315749
11667634,2017-12-26T01:24:06.32,BUY,3.985e-05,125.0
11667638,2017-12-26T01:24:37.023,SELL,3.985e-05,25.67394094
11667646,2017-12-26T01:25:07.853,SELL,3.985e-05,183.75114844
11667655,2017-12-26T01:26:01.62,SELL,3.985e-05,448.06175313
11667667,2017-12-26T01:28:44.47,SELL,3.97e-05,149.62499999
11667669,2017-12-26T01:28:47.097,SELL,3.97e-05,186.30607933
11667670,2017-12-26T01:28:51.237,SELL,3.97e-05,26.32208667
11667674,2017-12-26T01:29:13.957,BUY,3.985e-05,200.75282308
11667676,2017-12-26T01:30:14.21,BUY,3.985e-05,36.97548
11667693,2017-12-26T01:35:07.8,BUY,3.985e-05,250.94152885
11667701,2017-12-26T01:36:05.6,BUY,3.985e-05,149.05847115
11667709,2017-12-26T01:37:22.117,BUY,3.986e-05,318.67678652
11667711,2017-12-26T01:38:24.23,SELL,3.986e-05,1441.346648
11667713,2017-12-26T01:38:25.933,BUY,3.986e-05,428.653352
11667714,2017-12-26T01:38:31.683,SELL,3.986e-05,157.80711042
11667728,2017-12-26T01:40:24.907,SELL,3.986e-05,928.50687034
11667733,2017-12-26T01:41:38.52,SELL,3.986e-05,62.60644484
11667734,2017-12-26T01:41:38.52,SELL,3.986e-05,465.10852421
11667740,2017-12-26T01:42:20.603,SELL,3.985e-05,58.94152885
11667742,2017-12-26T01:42:30.137,SELL,3.97e-05,27.0
11667744,2017-12-26T01:42:36.107,SELL,3.97e-05,1466.3691
11667745,2017-12-26T01:43:12.45,SELL,3.97e-05,150.0
11667746,2017-12-26T01:43:25.467,SELL,3.97e-05,1173.36693662
11667747,2017-12-26T01:44:24.923,SELL,3.97e-05,140.0
11667759,2017-12-26T01:46:16.1,SELL,3.97e-05,599.226649
11667765,2017-12-26T01:47:12.757,SELL,3.97e-05,2483.33266023
11667772,2017-12-26T01:47:49.82,BUY,3.988e-05,318.67678652
11667773,2017-12-26T01:47:49.82,BUY,3.991e-05,318.67678652
11667774,2017-12-26T01:47:49.82,BUY,3.992e-05,500.0
11667775,2017-12-26T01:47:49.82,BUY,3.998e-05,318.67678652
11667776,2017-12-26T01:47:49.82,BUY,4.001e-05,1096.57258859
11667777,2017-12-26T01:47:49.82,BUY,4.02e-05,208.67678652
11667778,2017-12-26T01:47:49.82,BUY,4.025e-05,190.66160674
11667779,2017-12-26T01:47:49.82,BUY,4.031e-05,200.66160674
11667780,2017-12-26T01:47:49.82,BUY,4.033e-05,400.66160674
11667781,2017-12-26T01:47:49.82,BUY,4.035e-05,152.242016
11667782,2017-12-26T01:47:49.82,BUY,4.035e-05,46.35085957
11667783,2017-12-26T01:47:49.82,BUY,4.037e-05,123.09465738
11667784,2017-12-26T01:47:49.82,BUY,4.048e-05,80.0
11667785,2017-12-26T01:47:49.82,BUY,4.049e-05,25.0
11667786,2017-12-26T01:47:49.82,BUY,4.049e-05,561.99474161
11667787,2017-12-26T01:47:49.82,BUY,4.078e-05,239.23730768
11667788,2017-12-26T01:47:49.82,BUY,4.078e-05,55.62092927
11667789,2017-12-26T01:47:49.82,BUY,4.084e-05,492.25
11667790,2017-12-26T01:47:49.82,BUY,4.091e-05,2636.9945293
11667791,2017-12-26T01:47:49.82,BUY,4.099e-05,24.4994699
11667792,2017-12-26T01:47:49.837,BUY,4.1e-05,417.91353537
11667793,2017-12-26T01:47:49.837,BUY,4.121e-05,2432.66197525
11667794,2017-12-26T01:47:49.837,BUY,4.121e-05,231.85873805
11667795,2017-12-26T01:47:49.837,BUY,4.129e-05,2590.0
11667796,2017-12-26T01:47:49.837,BUY,4.13e-05,700.0
11667797,2017-12-26T01:47:49.837,BUY,4.142e-05,55.76120016
11667798,2017-12-26T01:47:49.837,BUY,4.15e-05,30.0
11667799,2017-12-26T01:47:49.837,BUY,4.168e-05,40.0
11667800,2017-12-26T01:47:49.837,BUY,4.171e-05,100.0
11667801,2017-12-26T01:47:49.837,BUY,4.176e-05,40.1034279
11667802,2017-12-26T01:47:49.837,BUY,4.176e-05,46.644025
11667803,2017-12-26T01:47:49.837,BUY,4.177e-05,4006.32119363
11667804,2017-12-26T01:47:49.837,BUY,4.178e-05,273.50176263
11667805,2017-12-26T01:47:49.837,BUY,4.187e-05,40.11954298
11667806,2017-12-26T01:47:49.837,BUY,4.188e-05,20000.0
11667807,2017-12-26T01:47:49.837,BUY,4.193e-05,16.9655552
11667808,2017-12-26T01:47:49.837,BUY,4.193e-05,4000.0
11667809,2017-12-26T01:47:49.837,BUY,4.197e-05,11443.59464627
11667810,2017-12-26T01:47:49.837,BUY,4.2e-05,30.0
11667811,2017-12-26T01:47:49.837,BUY,4.2e-05,92.57530769
11667812,2017-12-26T01:47:49.837,BUY,4.206e-05,117.59715733
11667813,2017-12-26T01:47:49.837,BUY,4.225e-05,121.89176012
11667814,2017-12-26T01:47:49.837,BUY,4.228e-05,475.0
11667815,2017-12-26T01:47:49.837,BUY,4.23e-05,27.05933885
11667816,2017-12-26T01:47:49.837,BUY,4.25e-05,506.97905072
11667817,2017-12-26T01:47:49.837,BUY,4.25e-05,70.0
11667818,2017-12-26T01:47:49.837,BUY,4.25e-05,182.64244933
11667819,2017-12-26T01:47:49.837,BUY,4.267e-05,23.78713737
11667820,2017-12-26T01:47:49.837,BUY,4.286e-05,50.0
11667821,2017-12-26T01:47:49.837,BUY,4.286e-05,60.07535901
11667822,2017-12-26T01:47:49.837,BUY,4.288e-05,5144.87628735
11667823,2017-12-26T01:47:49.837,BUY,4.292e-05,4087.21510044
11667824,2017-12-26T01:47:49.837,BUY,4.293e-05,8170.69816223
11667826,2017-12-26T01:47:51.57,SELL,4.2e-05,150.0
11667861,2017-12-26T01:48:06.353,SELL,3.993e-05,37.56574004
11667862,2017-12-26T01:48:06.353,SELL,3.993e-05,13.43425996
11667863,2017-12-26T01:48:06.51,SELL,3.993e-05,128.87596899
11667879,2017-12-26T01:48:17.743,SELL,3.995e-05,158.25994281
11667885,2017-12-26T01:48:19.853,SELL,3.996e-05,158.25994281
11667928,2017-12-26T01:48:57.823,SELL,4.003e-05,322.14387629
11667933,2017-12-26T01:49:00.777,SELL,4.004e-05,177.9258148
11667934,2017-12-26T01:49:01.67,SELL,4.004e-05,177.9258148
11667956,2017-12-26T01:49:22.497,SELL,4.008e-05,106.59255042
11667976,2017-12-26T01:49:40.56,SELL,4.012e-05,148.84858553
11667981,2017-12-26T01:49:44.39,SELL,4.013e-05,69.27137343
11667982,2017-12-26T01:49:45.483,SELL,4.013e-05,173.25369768
11667983,2017-12-26T01:49:46.17,SELL,4.013e-05,144.15687955
11668030,2017-12-26T01:50:11.953,SELL,3.992e-05,205.60267283
11668412,2017-12-26T01:57:41.02,SELL,3.991e-05,123.09465738
11668413,2017-12-26T01:57:41.02,SELL,3.97e-05,195.78534262
11668431,2017-12-26T01:58:06.037,SELL,3.97e-05,5215.68627451
11668482,2017-12-26T01:59:09.507,SELL,3.97e-05,267.74324131
11668581,2017-12-26T02:01:34.173,SELL,3.98e-05,20.0
11668599,2017-12-26T02:02:04.237,BUY,3.98e-05,980.0
11669147,2017-12-26T02:09:07.02,SELL,3.998e-05,37.51875938
11669152,2017-12-26T02:09:13.57,BUY,3.998e-05,125.06253127
11669296,2017-12-26T02:12:06.207,BUY,4.037e-05,31.53692244
11669435,2017-12-26T02:14:11.043,BUY,4.036e-05,37.51875938
11669449,2017-12-26T02:14:30.217,SELL,4.036e-05,52.69177245
11669451,2017-12-26T02:14:35.59,SELL,4.036e-05,131.58681892
11669468,2017-12-26T02:15:40.593,SELL,4.036e-05,1250.0
11669491,2017-12-26T02:16:06.173,SELL,4.036e-05,479.34881387
11669606,2017-12-26T02:18:58.837,BUY,4.036e-05,286.65118613
11669645,2017-12-26T02:20:14.17,BUY,4.037e-05,124.04564313
11669656,2017-12-26T02:20:54.283,BUY,4.063e-05,124.77371816
11669657,2017-12-26T02:20:54.283,BUY,4.063e-05,46.99230193
11669658,2017-12-26T02:20:54.283,BUY,4.063e-05,47.49726551
11669659,2017-12-26T02:20:54.283,BUY,4.063e-05,233.66762138
11669660,2017-12-26T02:20:54.283,BUY,4.063e-05,24.98126405
11669664,2017-12-26T02:21:00.58,SELL,4.08e-05,271.8593994
11669666,2017-12-26T02:21:01.533,SELL,4.08e-05,379.03378
11669670,2017-12-26T02:21:04.91,SELL,4.08e-05,146.37297024
11669671,2017-12-26T02:21:08.11,SELL,4.08e-05,30.13920621
11669673,2017-12-26T02:21:16.173,SELL,4.08e-05,94.3944063
11669675,2017-12-26T02:21:27.08,SELL,4.08e-05,258.30154092
11669677,2017-12-26T02:21:37.067,SELL,4.08e-05,129.68091086
11669678,2017-12-26T02:21:43.893,SELL,4.08e-05,257.33401955
11669679,2017-12-26T02:21:46.08,SELL,4.08e-05,120.85135218
11669680,2017-12-26T02:21:49.677,SELL,4.08e-05,199.0276877
11669681,2017-12-26T02:22:00.583,SELL,4.08e-05,147.38641584
11669685,2017-12-26T02:22:17.193,SELL,4.08e-05,119.4966865
11669695,2017-12-26T02:23:19.417,BUY,4.09e-05,65.52239294
11669696,2017-12-26T02:23:19.417,BUY,4.09e-05,178.36513762
11669725,2017-12-26T02:27:22.893,BUY,4.09e-05,50.0
11669756,2017-12-26T02:30:04.277,BUY,4.09e-05,2042.59343215
11669757,2017-12-26T02:31:14.187,SELL,4.08e-05,273.924998
11669766,2017-12-26T02:32:08.61,SELL,4.08e-05,1029.30020159
11669767,2017-12-26T02:32:08.61,SELL,4.08e-05,203.0262114
11669768,2017-12-26T02:32:08.61,SELL,4.08e-05,150.0
11669769,2017-12-26T02:32:08.61,SELL,4.08e-05,88.0
11669772,2017-12-26T02:32:21.937,SELL,4.06e-05,487.56704044
11669773,2017-12-26T02:32:22.483,SELL,4.06e-05,126.65709749
11669774,2017-12-26T02:32:22.483,SELL,4.037e-05,74.09572559
11669791,2017-12-26T02:32:56.737,SELL,4.037e-05,771.01002313
11669804,2017-12-26T02:33:28.91,SELL,4.037e-05,527.6094898
11669861,2017-12-26T02:37:55.4,SELL,4.037e-05,1715.40161525
11669869,2017-12-26T02:38:10.45,SELL,4.036e-05,123.5753221
11669896,2017-12-26T02:39:28.217,SELL,3.997e-05,25.81311306
11669937,2017-12-26T02:41:58.973,SELL,3.997e-05,95.54597701
11669938,2017-12-26T02:42:12.74,SELL,3.997e-05,178.64090993
11669939,2017-12-26T02:42:12.74,SELL,3.997e-05,221.35909007
11669940,2017-12-26T02:42:20.693,SELL,3.997e-05,250.81310983
11669944,2017-12-26T02:43:00.713,BUY,4.03e-05,313.58149128
11669947,2017-12-26T02:43:06.807,BUY,4.031e-05,325.49958884
11669953,2017-12-26T02:43:12.64,BUY,4.031e-05,241.246087
11669958,2017-12-26T02:43:17.73,BUY,4.029e-05,1500.0
11669975,2017-12-26T02:43:34.98,SELL,3.997e-05,65.0
11669993,2017-12-26T02:44:00.387,SELL,3.998e-05,459.8651441
11670039,2017-12-26T02:46:53.253,BUY,4.031e-05,979.33001471
11670040,2017-12-26T02:46:53.253,BUY,4.037e-05,1546.10080273
11670074,2017-12-26T02:51:55.623,SELL,3.998e-05,70.28065693
11670076,2017-12-26T02:52:01.95,BUY,3.998e-05,24.94997499
11670078,2017-12-26T02:52:12.373,BUY,3.998e-05,19.62393946
11670098,2017-12-26T02:53:27.477,BUY,3.998e-05,188.33691798
11670099,2017-12-26T02:53:27.477,BUY,3.998e-05,311.91320708
11670114,2017-12-26T02:54:12.713,SELL,3.997e-05,67.22545334
11670115,2017-12-26T02:54:12.713,SELL,3.997e-05,2139.77787789
11670116,2017-12-26T02:54:12.713,SELL,3.981e-05,96.72818387
11670117,2017-12-26T02:54:12.713,SELL,3.977e-05,202.9620846
11670118,2017-12-26T02:54:12.713,SELL,3.973e-05,25.71047494
11670125,2017-12-26T02:55:04.027,SELL,3.973e-05,16.35901852
11670127,2017-12-26T02:55:04.637,BUY,3.973e-05,37.74534474
11670129,2017-12-26T02:55:09.17,BUY,3.973e-05,76.50587828
11670134,2017-12-26T02:55:15.53,BUY,3.973e-05,151.14261696
11670136,2017-12-26T02:55:18.763,SELL,3.972e-05,43.77416234
11670138,2017-12-26T02:56:32.267,SELL,3.972e-05,56.22583766
11670139,2017-12-26T02:56:32.28,SELL,3.972e-05,825.22865276
11670147,2017-12-26T02:57:12.407,SELL,3.972e-05,2941.76530494
11670148,2017-12-26T02:57:12.407,SELL,3.972e-05,2480.0
11670149,2017-12-26T02:57:12.407,SELL,3.972e-05,109.72474887
11670150,2017-12-26T02:57:12.407,SELL,3.972e-05,3389.32876971
11670151,2017-12-26T02:57:12.407,SELL,3.972e-05,1587.4768605
11670152,2017-12-26T02:57:12.407,SELL,3.971e-05,7670.64965311
11670153,2017-12-26T02:57:12.407,SELL,3.97e-05,1821.05466287
11670162,2017-12-26T02:58:16.393,SELL,3.97e-05,148.14688858
11670256,2017-12-26T03:06:59.497,SELL,3.97e-05,48.14287137
11670305,2017-12-26T03:14:06.313,BUY,4e-05,80.5723875
11670308,2017-12-26T03:14:31.627,BUY,4e-05,24.75247524
11670310,2017-12-26T03:14:53.017,BUY,4e-05,396.99926437
11670317,2017-12-26T03:16:23.083,SELL,3.972e-05,16.33815736
11670318,2017-12-26T03:16:30.553,SELL,3.971e-05,814.85099282
11670320,2017-12-26T03:16:43.943,SELL,3.97e-05,5450.96608352
11670322,2017-12-26T03:17:04.57,BUY,4e-05,17.924445
11670341,2017-12-26T03:19:15.073,BUY,4e-05,5771.41580307
11670342,2017-12-26T03:19:15.073,BUY,4e-05,2556.96052574
11670361,2017-12-26T03:21:52.033,SELL,4e-05,10001.0
11670370,2017-12-26T03:23:27.68,BUY,4.037e-05,1000.0
11670371,2017-12-26T03:23:27.68,BUY,4.037e-05,1871.57625193
11670372,2017-12-26T03:23:27.68,BUY,4.037e-05,289.13358088
11670373,2017-12-26T03:23:27.68,BUY,4.037e-05,120.88686497
11670374,2017-12-26T03:23:27.68,BUY,4.037e-05,51.80747002
11670375,2017-12-26T03:23:27.68,BUY,4.037e-05,832.36824397
11670378,2017-12-26T03:23:38.553,SELL,4.037e-05,170.22694725
11670391,2017-12-26T03:24:31.34,SELL,4.037e-05,117.90780142
11670404,2017-12-26T03:25:08.327,BUY,4.07e-05,24.50859951
11670408,2017-12-26T03:27:15.783,SELL,4.038e-05,100.0
11670409,2017-12-26T03:27:15.783,SELL,4.037e-05,69.97398089
11670423,2017-12-26T03:32:26.487,BUY,4.07e-05,245.7002457
11670430,2017-12-26T03:34:04.317,SELL,4.038e-05,247.08942284
11670431,2017-12-26T03:34:04.317,SELL,4.038e-05,52.30896791
11670432,2017-12-26T03:34:04.317,SELL,4.038e-05,200.74763373
11670433,2017-12-26T03:34:04.317,SELL,4.037e-05,1594.19600711
11670435,2017-12-26T03:34:05.27,BUY,4.07e-05,112.0
11670458,2017-12-26T03:39:20.49,SELL,4.037e-05,4284.38755307
11670473,2017-12-26T03:44:58.57,BUY,4.037e-05,833.77756007
11670487,2017-12-26T03:47:45.607,BUY,4.037e-05,54.60602118
11670489,2017-12-26T03:48:04.623,BUY,4.037e-05,628.47253424
11670490,2017-12-26T03:48:04.623,BUY,4.037e-05,207.0
11670491,2017-12-26T03:48:04.623,BUY,4.063e-05,202.96208466
11670492,2017-12-26T03:48:04.623,BUY,4.068e-05,2480.0
11670493,2017-12-26T03:48:04.623,BUY,4.068e-05,481.5653811
11670494,2017-12-26T03:48:07.047,SELL,4e-05,1481.00804827
11670596,2017-12-26T03:49:39.907,SELL,4.005e-05,202.96208466
11670597,2017-12-26T03:49:39.907,SELL,4.001e-05,1070.81864178
11670598,2017-12-26T03:49:39.907,SELL,4e-05,1930.32871486
11670604,2017-12-26T03:49:55.173,SELL,4e-05,84.42699789
11670605,2017-12-26T03:50:11.16,SELL,4e-05,28049.85991017
11670668,2017-12-26T03:51:38.87,SELL,3.971e-05,37.77386049
11670669,2017-12-26T03:51:38.87,SELL,3.971e-05,37.77386048
11670670,2017-12-26T03:51:38.87,SELL,3.971e-05,1424.45227903
11670678,2017-12-26T03:52:11.98,BUY,4.032e-05,37.77386049
11670679,2017-12-26T03:52:11.98,BUY,4.033e-05,362.22613951
11670692,2017-12-26T03:52:42.26,SELL,3.972e-05,491.15305912
11670780,2017-12-26T03:55:50.147,SELL,3.97e-05,100.0
11670782,2017-12-26T03:56:12.04,SELL,3.97e-05,186.91585873
11670789,2017-12-26T03:57:22.62,BUY,3.972e-05,749.37765106
11670792,2017-12-26T03:57:51.23,SELL,3.97e-05,834.2734375
11670794,2017-12-26T03:57:57.933,SELL,3.97e-05,158.31521622
11670802,2017-12-26T03:58:37.327,SELL,3.97e-05,833.77756007
11670805,2017-12-26T03:59:05.967,SELL,3.97e-05,2327.57577081
11670806,2017-12-26T03:59:05.967,SELL,3.97e-05,200.0
11670807,2017-12-26T03:59:05.967,SELL,3.97e-05,36.292446
11670808,2017-12-26T03:59:05.967,SELL,3.97e-05,2305.66327596
11670811,2017-12-26T03:59:11.437,SELL,3.97e-05,1199.25363098
11670819,2017-12-26T03:59:38.78,SELL,3.97e-05,491.15305912
11670821,2017-12-26T04:00:31.8,SELL,3.97e-05,31.42146089
11670822,2017-12-26T04:00:31.8,SELL,3.97e-05,5.55401911
11670823,2017-12-26T04:00:34.08,SELL,3.97e-05,37.042525
11670830,2017-12-26T04:01:49.833,SELL,3.97e-05,202.96208466
11670832,2017-12-26T04:01:50.117,BUY,3.971e-05,50.50993657
11670833,2017-12-26T04:01:50.117,BUY,3.971e-05,158.87965673
11670840,2017-12-26T04:02:07.397,SELL,3.97e-05,47.39456652
11670859,2017-12-26T04:02:44.883,SELL,3.97e-05,707.04680471
11670904,2017-12-26T04:03:04.383,SELL,3.911e-05,396.40182542
11670905,2017-12-26T04:03:04.383,SELL,3.911e-05,202.96208466
11670906,2017-12-26T04:03:04.383,SELL,3.902e-05,1241.95422155
11670907,2017-12-26T04:03:04.4,SELL,3.9e-05,1282.0512821
11670908,2017-12-26T04:03:04.4,SELL,3.882e-05,876.63058627
11670925,2017-12-26T04:03:13.65,SELL,3.883e-05,38.62992532
11670926,2017-12-26T04:03:13.65,SELL,3.882e-05,940.52193597
11670934,2017-12-26T04:03:18.26,BUY,3.88e-05,151.87523485
11670942,2017-12-26T04:03:23.04,BUY,3.879e-05,37.77386048
11670948,2017-12-26T04:03:25.29,BUY,3.88e-05,69.1327649
11670953,2017-12-26T04:03:27.32,BUY,3.88e-05,152.99172906
11670960,2017-12-26T04:03:30.917,BUY,3.88e-05,127.52953227
11670962,2017-12-26T04:03:31.633,BUY,3.88e-05,127.52953227
11670972,2017-12-26T04:03:35.76,BUY,3.88e-05,119.61414397
11670982,2017-12-26T04:03:43.353,BUY,3.88e-05,123.25696282
11670995,2017-12-26T04:03:49.933,BUY,3.88e-05,129.65291624
11671016,2017-12-26T04:04:00.247,BUY,3.88e-05,36.04786578
11671068,2017-12-26T04:04:31.45,BUY,3.88e-05,85.99199446
11671075,2017-12-26T04:05:49.017,BUY,3.88e-05,1481.49445554
11671077,2017-12-26T04:06:14.407,SELL,3.851e-05,844.15068922
11671087,2017-12-26T04:06:32.89,SELL,3.851e-05,579.59
11671089,2017-12-26T04:06:34.783,BUY,3.88e-05,1313.77189107
11671090,2017-12-26T04:06:34.783,BUY,3.88e-05,1276.46441119
11671091,2017-12-26T04:06:36.563,SELL,3.851e-05,3576.25931078
11671097,2017-12-26T04:06:50.703,BUY,3.851e-05,186.05380992
11671099,2017-12-26T04:07:00.25,BUY,3.851e-05,149.69000294
11671101,2017-12-26T04:07:07.673,BUY,3.851e-05,169.470305
11671102,2017-12-26T04:07:24.563,SELL,3.815e-05,700.0
11671106,2017-12-26T04:07:26.033,BUY,3.815e-05,299.96963946
11671116,2017-12-26T04:07:28.283,BUY,3.815e-05,1e-08
11671117,2017-12-26T04:07:28.283,BUY,3.815e-05,588.54804121
11671120,2017-12-26T04:07:28.72,SELL,3.8e-05,183.75114844
11671121,2017-12-26T04:07:28.72,SELL,3.8e-05,18.375
11671122,2017-12-26T04:07:28.72,SELL,3.8e-05,26.25
11671123,2017-12-26T04:07:28.72,SELL,3.8e-05,160.46515291
11671124,2017-12-26T04:07:28.72,SELL,3.752e-05,1700.63342188
11671125,2017-12-26T04:07:28.72,SELL,3.751e-05,2000.0
11671126,2017-12-26T04:07:28.72,SELL,3.75e-05,910.52527677
11671129,2017-12-26T04:07:29.173,SELL,3.75e-05,471.10387802
11671130,2017-12-26T04:07:29.173,SELL,3.75e-05,50.0
11671131,2017-12-26T04:07:29.173,SELL,3.743e-05,66.702
11671132,2017-12-26T04:07:29.173,SELL,3.731e-05,38.608985
11671133,2017-12-26T04:07:29.173,SELL,3.718e-05,708.56907702
11671139,2017-12-26T04:07:32.753,BUY,3.815e-05,189.71311249
11671147,2017-12-26T04:07:37.19,BUY,3.814e-05,424.69390028
11671173,2017-12-26T04:07:47.177,BUY,3.815e-05,106.47086029
11671208,2017-12-26T04:08:01.02,BUY,3.814e-05,176.93688281
11671231,2017-12-26T04:08:03.613,SELL,3.808e-05,78.78151261
11671271,2017-12-26T04:08:12.27,SELL,3.793e-05,65.91088848
11671272,2017-12-26T04:08:12.27,SELL,3.793e-05,105.45742157
11671273,2017-12-26T04:08:12.27,SELL,3.793e-05,105.45742157
11671275,2017-12-26T04:08:12.287,SELL,3.738e-05,177.06700882
11671276,2017-12-26T04:08:12.287,SELL,3.803e-05,924.42350981
11671287,2017-12-26T04:08:16.16,BUY,3.808e-05,121.21848739
11671288,2017-12-26T04:08:16.16,BUY,3.808e-05,26.90988626
11671296,2017-12-26T04:08:22.41,SELL,3.739e-05,225.44045431
11671297,2017-12-26T04:08:22.41,SELL,3.73e-05,27.66067187
11671298,2017-12-26T04:08:22.41,SELL,3.729e-05,567.41169433
11671301,2017-12-26T04:08:23.363,BUY,3.807e-05,174.75545812
11671303,2017-12-26T04:08:24.91,SELL,3.73e-05,128.50167052
11671307,2017-12-26T04:08:27.05,SELL,3.73e-05,13.95779329
11671308,2017-12-26T04:08:27.05,SELL,3.719e-05,40.33342296
11671309,2017-12-26T04:08:27.05,SELL,3.719e-05,74.21045427
11671315,2017-12-26T04:08:36.24,BUY,3.805e-05,183.87181507
11671325,2017-12-26T04:08:41.46,BUY,3.729e-05,58.6961869
11671343,2017-12-26T04:08:44.99,BUY,3.803e-05,20.88613572
11671361,2017-12-26T04:09:02.803,BUY,3.802e-05,40.33342296
11671362,2017-12-26T04:09:02.803,BUY,3.803e-05,38.0
11671389,2017-12-26T04:09:14.99,BUY,3.808e-05,145.46935176
11671400,2017-12-26T04:09:30.663,BUY,3.808e-05,32.99805567
11671410,2017-12-26T04:09:43.477,BUY,3.808e-05,29.73779339
11671415,2017-12-26T04:09:58.74,BUY,3.815e-05,114.25850984
11671416,2017-12-26T04:09:59.15,SELL,3.808e-05,49.04371922
11671417,2017-12-26T04:09:59.15,SELL,3.808e-05,29.73779339
11671419,2017-12-26T04:09:59.54,BUY,3.808e-05,26.21231979
11671421,2017-12-26T04:09:59.99,BUY,3.808e-05,50.51780429
11671470,2017-12-26T04:10:13.023,BUY,3.808e-05,196.95378151
11671474,2017-12-26T04:10:14.337,BUY,3.808e-05,25.35562876
11671475,2017-12-26T04:10:14.337,BUY,3.814e-05,34.35299316
11671497,2017-12-26T04:11:18.633,SELL,3.808e-05,1473.64652875
11671502,2017-12-26T04:11:44.373,BUY,3.814e-05,1573.15154693
11671507,2017-12-26T04:11:54.34,BUY,3.814e-05,800.0
11671510,2017-12-26T04:11:58.577,SELL,3.808e-05,1126.35347125
11671511,2017-12-26T04:11:58.577,SELL,3.808e-05,25.35562876
11671512,2017-12-26T04:11:58.577,SELL,3.808e-05,630.25210084
11671513,2017-12-26T04:11:58.577,SELL,3.808e-05,2000.0
11671514,2017-12-26T04:11:58.577,SELL,3.808e-05,200.0
11671515,2017-12-26T04:11:58.577,SELL,3.808e-05,118.03879915
11671522,2017-12-26T04:12:14.373,BUY,3.814e-05,131.09596224
11671527,2017-12-26T04:12:42.233,SELL,3.808e-05,881.96120085
11671528,2017-12-26T04:12:42.233,SELL,3.808e-05,600.0
11671529,2017-12-26T04:12:50.187,SELL,3.803e-05,1108.27510141
11671537,2017-12-26T04:13:14.437,BUY,3.814e-05,376.65254903
11671538,2017-12-26T04:13:14.437,BUY,3.814e-05,934.30707341
11671541,2017-12-26T04:13:21.64,SELL,3.803e-05,53.60075803
11671544,2017-12-26T04:13:24.423,BUY,3.814e-05,633.35360181
11671549,2017-12-26T04:13:51.41,SELL,3.814e-05,150.0
11671553,2017-12-26T04:14:03.367,BUY,3.815e-05,26.21231979
11671557,2017-12-26T04:14:08.943,SELL,3.814e-05,527.60602063
11671558,2017-12-26T04:14:08.943,SELL,3.814e-05,340.84950184
11671570,2017-12-26T04:14:34.537,BUY,3.814e-05,183.53434714
11671572,2017-12-26T04:14:34.68,SELL,3.803e-05,74.54222956
11671573,2017-12-26T04:14:34.68,SELL,3.803e-05,788.85090717
11671574,2017-12-26T04:14:34.68,SELL,3.803e-05,131.4751512
11671575,2017-12-26T04:14:34.68,SELL,3.803e-05,262.95030239
11671576,2017-12-26T04:14:34.68,SELL,3.8e-05,409.944585
11671587,2017-12-26T04:15:18.947,SELL,3.8e-05,210.055415
11671588,2017-12-26T04:15:18.947,SELL,3.8e-05,110.16356237
11671591,2017-12-26T04:15:40.76,SELL,3.8e-05,2489.83643763
11671598,2017-12-26T04:15:44.51,BUY,3.8e-05,786.57577347
11671601,2017-12-26T04:15:45.197,BUY,3.799e-05,65.96827841
11671613,2017-12-26T04:16:00.197,BUY,3.8e-05,156.631258
11671619,2017-12-26T04:16:04.51,BUY,3.799e-05,262.19192449
11671641,2017-12-26T04:16:45.43,BUY,3.779e-05,44.14773036
11671642,2017-12-26T04:16:46.23,SELL,3.769e-05,145.46935176
11671647,2017-12-26T04:16:54.823,BUY,3.769e-05,29.53064824
11671648,2017-12-26T04:16:54.823,BUY,3.779e-05,101.94450296
11671654,2017-12-26T04:17:00.29,BUY,3.779e-05,47.88379595
11671667,2017-12-26T04:17:09.48,BUY,3.779e-05,47.88379595
11671687,2017-12-26T04:17:15.667,BUY,3.778e-05,43.05621156
11671703,2017-12-26T04:17:22.65,SELL,3.753e-05,47.870274
11671705,2017-12-26T04:17:22.713,BUY,3.753e-05,73.51700924
11671706,2017-12-26T04:17:22.713,BUY,3.778e-05,452.80299076
11671732,2017-12-26T04:17:35.15,SELL,3.723e-05,203.8724644
11671733,2017-12-26T04:17:35.15,SELL,3.718e-05,1242.43590298
11671734,2017-12-26T04:17:35.15,SELL,3.718e-05,593.55133612
11671752,2017-12-26T04:17:45.31,BUY,3.749e-05,54.0
11671755,2017-12-26T04:17:46.963,SELL,3.724e-05,999.40089942
11671765,2017-12-26T04:17:53.81,BUY,3.724e-05,537.05692803
11671766,2017-12-26T04:17:54.277,SELL,3.717e-05,100.0
11671767,2017-12-26T04:17:54.387,SELL,3.717e-05,155.77755906
11671768,2017-12-26T04:17:54.387,SELL,3.714e-05,1550.69849
11671775,2017-12-26T04:18:00.56,BUY,3.723e-05,38.62992532
11671779,2017-12-26T04:18:01.607,BUY,3.724e-05,198.26837613
11671785,2017-12-26T04:18:03.247,BUY,3.724e-05,1563.68120383
11671786,2017-12-26T04:18:03.247,BUY,3.724e-05,20.64803819
11671803,2017-12-26T04:18:08.153,BUY,3.724e-05,73.89162561
11671812,2017-12-26T04:18:17.357,BUY,3.724e-05,48.21080498
11671820,2017-12-26T04:18:26.78,SELL,3.718e-05,537.92461484
11671823,2017-12-26T04:18:29.98,SELL,3.714e-05,3545.08695061
11671828,2017-12-26T04:18:35.077,SELL,3.712e-05,100.0
11671829,2017-12-26T04:18:39.123,SELL,3.7e-05,26.82601014
11671830,2017-12-26T04:18:39.123,SELL,3.7e-05,62.116078
11671831,2017-12-26T04:18:39.123,SELL,3.7e-05,500.0
11671832,2017-12-26T04:18:39.123,SELL,3.698e-05,62.116078
11671833,2017-12-26T04:18:39.123,SELL,3.676e-05,8530.10000439
11671834,2017-12-26T04:18:39.373,SELL,3.676e-05,113.0
11671837,2017-12-26T04:18:39.857,BUY,3.69e-05,77.14711678
11671838,2017-12-26T04:18:41.747,SELL,3.674e-05,202.95753276
11671845,2017-12-26T04:18:44.637,BUY,3.69e-05,132.34515617
11671854,2017-12-26T04:18:46.247,BUY,3.69e-05,58.73500326
11671881,2017-12-26T04:19:01.187,BUY,3.69e-05,159.75795857
11671883,2017-12-26T04:19:01.34,BUY,3.69e-05,37.01476522
11671913,2017-12-26T04:19:14.45,SELL,3.69e-05,7.13064007
11671956,2017-12-26T04:19:30.843,BUY,3.69e-05,74.89050539
11671979,2017-12-26T04:19:45.937,BUY,3.69e-05,76.61191662
11672008,2017-12-26T04:20:02.703,BUY,3.69e-05,44.14540529
11672029,2017-12-26T04:20:15.343,BUY,3.689e-05,101.87703948
11672045,2017-12-26T04:20:27.36,BUY,3.69e-05,40.6504065
11672058,2017-12-26T04:20:36.593,BUY,3.689e-05,71.56922858
11672073,2017-12-26T04:20:46.313,BUY,3.689e-05,62.12809019
11672078,2017-12-26T04:20:47.813,SELL,3.67e-05,271.79836512
11672079,2017-12-26T04:20:47.813,SELL,3.67e-05,228.20163488
11672080,2017-12-26T04:20:48.03,SELL,3.67e-05,5633.8028169
11672111,2017-12-26T04:21:00.923,BUY,3.688e-05,37.42003798
11672136,2017-12-26T04:21:16.877,BUY,3.687e-05,162.72034681
11672166,2017-12-26T04:21:35.563,SELL,3.67e-05,624.43264881
11672182,2017-12-26T04:21:45.86,BUY,3.686e-05,19.91456578
11672207,2017-12-26T04:22:08.77,BUY,3.684e-05,31.13495321
11672219,2017-12-26T04:22:17.113,SELL,3.67e-05,593.9024287
11672225,2017-12-26T04:22:20.66,BUY,3.67e-05,27.486
11672251,2017-12-26T04:22:32.88,BUY,3.669e-05,55.13372065
11672258,2017-12-26T04:22:40.88,BUY,3.669e-05,108.99282561
11672259,2017-12-26T04:22:47.863,SELL,3.658e-05,300.0
11672266,2017-12-26T04:22:55.27,SELL,3.65e-05,1009.90480068
11672267,2017-12-26T04:22:55.27,SELL,3.65e-05,200.50833904
11672268,2017-12-26T04:22:55.27,SELL,3.65e-05,2461.300472
11672269,2017-12-26T04:22:55.457,SELL,3.65e-05,53.94001463
11672273,2017-12-26T04:23:02.91,BUY,3.657e-05,105.49403895
11672274,2017-12-26T04:23:05.38,SELL,3.65e-05,3936.58007812
11672275,2017-12-26T04:23:07.27,SELL,3.65e-05,1257.17943525
11672280,2017-12-26T04:23:19.41,BUY,3.649e-05,161.30769911
11672284,2017-12-26T04:23:31.003,BUY,3.649e-05,81.94196111
11672286,2017-12-26T04:23:34.77,BUY,3.649e-05,136.98630137
11672291,2017-12-26T04:24:01.443,BUY,3.649e-05,92.07083668
11672295,2017-12-26T04:24:29.447,SELL,3.648e-05,32.89473684
11672297,2017-12-26T04:24:31.103,BUY,3.648e-05,27.33170125
11672298,2017-12-26T04:24:36.26,SELL,3.644e-05,374.02410959
11672301,2017-12-26T04:24:38.37,SELL,3.612e-05,59.56357397
11672302,2017-12-26T04:24:41.23,SELL,3.612e-05,40.43642603
11672303,2017-12-26T04:24:41.23,SELL,3.609e-05,182.84782632
11672304,2017-12-26T04:24:41.243,SELL,3.607e-05,1147.83836009
11672305,2017-12-26T04:24:41.43,SELL,3.607e-05,2000.0
11672310,2017-12-26T04:24:45.76,SELL,3.607e-05,19.19385796
11672312,2017-12-26T04:24:46.277,BUY,3.612e-05,104.26652199
11672318,2017-12-26T04:25:02.637,BUY,3.612e-05,69.213
11672319,2017-12-26T04:25:08.09,SELL,3.607e-05,51.90221777
11672320,2017-12-26T04:25:08.09,SELL,3.605e-05,6709.0
11672321,2017-12-26T04:25:08.09,SELL,3.603e-05,4100.87007268
11672326,2017-12-26T04:25:11.573,SELL,3.603e-05,200.0
11672328,2017-12-26T04:25:14.433,BUY,3.607e-05,139.76987436
11672330,2017-12-26T04:25:14.84,BUY,3.607e-05,104.6663959
11672331,2017-12-26T04:25:14.84,BUY,3.607e-05,35.10347846
11672334,2017-12-26T04:25:15.667,BUY,3.607e-05,163.17082366
11672336,2017-12-26T04:25:16.573,BUY,3.607e-05,139.76987436
11672338,2017-12-26T04:25:17.057,BUY,3.607e-05,36.112
11672342,2017-12-26T04:25:32.62,BUY,3.607e-05,45.24150254
11672345,2017-12-26T04:25:46.497,SELL,3.603e-05,600.0
11672347,2017-12-26T04:25:49.043,BUY,3.607e-05,73.81044348
11672348,2017-12-26T04:25:51.573,SELL,3.603e-05,2456.21781744
11672349,2017-12-26T04:25:53.403,SELL,3.603e-05,252.32400428
11672353,2017-12-26T04:25:56.293,SELL,3.603e-05,1472.84889067
11672354,2017-12-26T04:26:05.09,SELL,3.603e-05,1739.8106105
11672358,2017-12-26T04:26:24.873,BUY,3.634e-05,111.5837441
11672369,2017-12-26T04:26:39.217,SELL,3.604e-05,4440.8784721
11672372,2017-12-26T04:26:40.513,BUY,3.604e-05,64.96969696
11672375,2017-12-26T04:26:46.217,BUY,3.604e-05,90.34921618
11672377,2017-12-26T04:26:46.39,BUY,3.604e-05,119.41724384
11672384,2017-12-26T04:27:18.56,BUY,3.604e-05,18.0917398
11672388,2017-12-26T04:27:29.56,BUY,3.604e-05,2768.52622814
11672389,2017-12-26T04:27:30.31,SELL,3.603e-05,277.0
11672394,2017-12-26T04:27:37.267,BUY,3.603e-05,331.48029093
11672395,2017-12-26T04:27:37.267,BUY,3.604e-05,3251.72101982
11672399,2017-12-26T04:27:45.797,BUY,3.603e-05,2090.42724804
11672400,2017-12-26T04:27:45.797,BUY,3.604e-05,1181.96152367
11672401,2017-12-26T04:27:45.797,BUY,3.604e-05,144.51748641
11672409,2017-12-26T04:27:56.75,BUY,3.605e-05,228.51701968
11672419,2017-12-26T04:28:17.33,SELL,3.602e-05,5250.0
11672420,2017-12-26T04:28:27.407,SELL,3.602e-05,3150.28723621
11672431,2017-12-26T04:28:50.94,SELL,3.602e-05,1215.00217509
11672432,2017-12-26T04:28:51.61,SELL,3.602e-05,413.68091878
11672446,2017-12-26T04:29:25.44,BUY,3.605e-05,214.6443
11672448,2017-12-26T04:29:32.253,BUY,3.605e-05,299.0
11672449,2017-12-26T04:29:34.13,SELL,3.602e-05,200.0
11672455,2017-12-26T04:30:05.94,SELL,3.604e-05,16.60431139
11672456,2017-12-26T04:30:05.94,SELL,3.602e-05,2483.39568861
11672463,2017-12-26T04:30:36.38,BUY,3.604e-05,38.17443
11672469,2017-12-26T04:31:06.333,BUY,3.604e-05,214.6443
11672474,2017-12-26T04:31:43.9,SELL,3.602e-05,2369.68002404
11672477,2017-12-26T04:32:32.557,SELL,3.602e-05,758.93345616
11672486,2017-12-26T04:32:56.76,SELL,3.602e-05,12461.4644971
11672490,2017-12-26T04:33:10.043,SELL,3.602e-05,2500.0
11672491,2017-12-26T04:33:11.043,SELL,3.602e-05,346.70042838
11672493,2017-12-26T04:33:27.17,SELL,3.602e-05,249.0
11672495,2017-12-26T04:33:30.92,SELL,3.602e-05,2862.326931
11672510,2017-12-26T04:34:30.623,SELL,3.602e-05,4014.40980645
11672513,2017-12-26T04:34:51.25,SELL,3.602e-05,250.002
11672522,2017-12-26T04:35:36.05,SELL,3.603e-05,500.0
11672524,2017-12-26T04:35:51.8,BUY,3.604e-05,105.08883539
11672525,2017-12-26T04:35:51.8,BUY,3.604e-05,104.23310759
11672527,2017-12-26T04:35:57.36,SELL,3.603e-05,1990.0
11672533,2017-12-26T04:37:10.74,BUY,3.603e-05,423.15431111
11672534,2017-12-26T04:37:10.753,BUY,3.603e-05,188.53078889
11672540,2017-12-26T04:37:24.553,BUY,3.603e-05,457.91414686
11672556,2017-12-26T04:37:46.007,SELL,3.607e-05,217.81491303
11672557,2017-12-26T04:37:46.007,SELL,3.606e-05,41.59733777
11672558,2017-12-26T04:37:46.007,SELL,3.606e-05,41.59733777
11672561,2017-12-26T04:37:50.773,SELL,3.608e-05,41.57427937
11672562,2017-12-26T04:37:55.477,SELL,3.603e-05,657.41613206
11672566,2017-12-26T04:38:04.54,BUY,3.658e-05,41.59733777
11672567,2017-12-26T04:38:04.54,BUY,3.658e-05,173.04696223
11672569,2017-12-26T04:38:13.837,BUY,3.655e-05,545.37998907
11672571,2017-12-26T04:38:28.477,SELL,3.604e-05,179.56277928
11672572,2017-12-26T04:38:28.477,SELL,3.603e-05,27.7546489
11672573,2017-12-26T04:38:28.477,SELL,3.602e-05,1806.42837807
11672574,2017-12-26T04:38:34.837,SELL,3.602e-05,1446.9232462
11672578,2017-12-26T04:39:00.62,BUY,3.62e-05,69.06
11672579,2017-12-26T04:39:01.197,SELL,3.602e-05,13607.66193795
11672580,2017-12-26T04:39:01.197,SELL,3.602e-05,5552.47134952
11672581,2017-12-26T04:39:01.197,SELL,3.602e-05,555.25
11672582,2017-12-26T04:39:01.197,SELL,3.602e-05,49.30563298
11672586,2017-12-26T04:39:06.633,SELL,3.601e-05,7706.0
11672587,2017-12-26T04:39:06.633,SELL,3.6e-05,500.0
11672588,2017-12-26T04:39:06.633,SELL,3.6e-05,1385.41666667
11672589,2017-12-26T04:39:06.633,SELL,3.6e-05,50.0
11672590,2017-12-26T04:39:06.633,SELL,3.6e-05,249.375
11672591,2017-12-26T04:39:06.633,SELL,3.6e-05,965.40043552
11672592,2017-12-26T04:39:06.633,SELL,3.6e-05,37.65776882
11672593,2017-12-26T04:39:06.633,SELL,3.6e-05,41.548156
11672594,2017-12-26T04:39:06.633,SELL,3.6e-05,37.47704961
11672595,2017-12-26T04:39:06.633,SELL,3.6e-05,44.82488723
11672596,2017-12-26T04:39:06.633,SELL,3.6e-05,44.64499867
11672597,2017-12-26T04:39:06.633,SELL,3.6e-05,42.32687715
11672598,2017-12-26T04:39:06.633,SELL,3.6e-05,38.232081
11672599,2017-12-26T04:39:06.633,SELL,3.6e-05,38.53743671
11672600,2017-12-26T04:39:06.633,SELL,3.6e-05,39.48041566
11672601,2017-12-26T04:39:06.633,SELL,3.6e-05,37.96083133
11672602,2017-12-26T04:39:06.633,SELL,3.6e-05,41.96749267
11672603,2017-12-26T04:39:06.633,SELL,3.6e-05,37.71356248
11672604,2017-12-26T04:39:06.633,SELL,3.6e-05,40.19690913
11672605,2017-12-26T04:39:06.633,SELL,3.6e-05,39.50119904
11672606,2017-12-26T04:39:06.633,SELL,3.6e-05,39.70476951
11672607,2017-12-26T04:39:06.633,SELL,3.6e-05,39.21636024
11672608,2017-12-26T04:39:06.633,SELL,3.6e-05,37.63629096
11672609,2017-12-26T04:39:06.633,SELL,3.6e-05,46.47268851
11672610,2017-12-26T04:39:06.65,SELL,3.6e-05,38.83399946
11672611,2017-12-26T04:39:06.65,SELL,3.6e-05,42.77756858
11672612,2017-12-26T04:39:06.65,SELL,3.6e-05,38.64739107
11672613,2017-12-26T04:39:06.65,SELL,3.6e-05,38.06535771
11672614,2017-12-26T04:39:06.65,SELL,3.6e-05,39.28536847
11672615,2017-12-26T04:39:06.65,SELL,3.6e-05,40.20252824
11672616,2017-12-26T04:39:06.65,SELL,3.6e-05,38.13932221
11672617,2017-12-26T04:39:06.65,SELL,3.6e-05,37.96234534
11672618,2017-12-26T04:39:06.65,SELL,3.6e-05,39.31495427
11672619,2017-12-26T04:39:06.65,SELL,3.6e-05,38.16272189
11672621,2017-12-26T04:39:08.01,BUY,3.599e-05,2814.79660621
11672622,2017-12-26T04:39:08.01,BUY,3.6e-05,2500.0
11672623,2017-12-26T04:39:08.01,BUY,3.602e-05,66.35200845
11672625,2017-12-26T04:39:08.43,BUY,3.602e-05,214.6443
11672630,2017-12-26T04:39:11.027,BUY,3.602e-05,69.405
11672634,2017-12-26T04:39:15.633,BUY,3.602e-05,74.3566077
11672642,2017-12-26T04:39:24.43,BUY,3.602e-05,69.405
11672643,2017-12-26T04:39:26.59,SELL,3.6e-05,43.63575791
11672644,2017-12-26T04:39:26.59,SELL,3.6e-05,4.69273046
11672651,2017-12-26T04:39:45.043,BUY,3.602e-05,69.405
11672654,2017-12-26T04:39:46.527,SELL,3.6e-05,40.5615727
11672655,2017-12-26T04:39:46.527,SELL,3.6e-05,40.99333703
11672656,2017-12-26T04:39:46.527,SELL,3.6e-05,44.69211549
11672657,2017-12-26T04:39:46.527,SELL,3.6e-05,43.86646307
11672658,2017-12-26T04:39:46.527,SELL,3.6e-05,40.87701277
11672659,2017-12-26T04:39:46.527,SELL,3.6e-05,41.36701832
11672660,2017-12-26T04:39:46.527,SELL,3.6e-05,40.14825097
11672661,2017-12-26T04:39:46.527,SELL,3.6e-05,39.20655191
11672662,2017-12-26T04:39:46.527,SELL,3.6e-05,42.25763464
11672663,2017-12-26T04:39:46.527,SELL,3.6e-05,39.86285397
11672664,2017-12-26T04:39:46.527,SELL,3.6e-05,39.3
11672665,2017-12-26T04:39:46.527,SELL,3.6e-05,44.85861111
11672666,2017-12-26T04:39:46.527,SELL,3.6e-05,39.19277777
11672669,2017-12-26T04:39:57.433,BUY,3.6e-05,47.95305555
11672671,2017-12-26T04:40:01.87,BUY,3.6e-05,45.09527777
11672673,2017-12-26T04:40:02.7,BUY,3.6e-05,41.81361111
11672675,2017-12-26T04:40:03.51,BUY,3.6e-05,42.99694444
11672677,2017-12-26T04:40:04.497,BUY,3.6e-05,39.24583333
11672679,2017-12-26T04:40:05.23,BUY,3.6e-05,43.48194444
11672681,2017-12-26T04:40:06.45,BUY,3.6e-05,40.07305555
11672683,2017-12-26T04:40:06.7,BUY,3.6e-05,44.98666666
11672685,2017-12-26T04:40:07.09,BUY,3.6e-05,39.45361111
11672691,2017-12-26T04:40:17.717,SELL,3.59e-05,852.06588928
11672701,2017-12-26T04:40:33.513,BUY,3.59e-05,42.74124266
11672704,2017-12-26T04:40:37.683,BUY,3.59e-05,38.027513
11672707,2017-12-26T04:40:47.81,SELL,3.578e-05,25.0
11672708,2017-12-26T04:40:47.81,SELL,3.577e-05,12.5942729
11672709,2017-12-26T04:40:48.077,SELL,3.577e-05,49.5218051
11672710,2017-12-26T04:40:48.077,SELL,3.574e-05,2300.0
11672711,2017-12-26T04:40:48.077,SELL,3.574e-05,451.57025951
11672712,2017-12-26T04:40:48.077,SELL,3.57e-05,6706.0
11672723,2017-12-26T04:41:12.61,SELL,3.567e-05,100.0
11672738,2017-12-26T04:42:03.833,SELL,3.567e-05,44.51748641
11672739,2017-12-26T04:42:03.833,SELL,3.562e-05,7292.73479389
11672741,2017-12-26T04:42:12.817,SELL,3.562e-05,185.0
11672742,2017-12-26T04:42:14.1,SELL,3.562e-05,20000.0
11672743,2017-12-26T04:42:19.537,SELL,3.562e-05,1255.00648703
11672744,2017-12-26T04:42:21.6,SELL,3.562e-05,4956.1975175
11672745,2017-12-26T04:42:21.6,SELL,3.561e-05,738.30736993
11672747,2017-12-26T04:42:24.66,SELL,3.561e-05,184.69147769
11672748,2017-12-26T04:42:26.927,SELL,3.561e-05,139.04392716
11672750,2017-12-26T04:42:29.647,BUY,3.562e-05,41.10391136
11672751,2017-12-26T04:42:30.567,SELL,3.561e-05,598.02158273
11672753,2017-12-26T04:42:30.583,BUY,3.562e-05,41.10391136
11672754,2017-12-26T04:42:31.003,SELL,3.561e-05,51.66623611
11672757,2017-12-26T04:42:34.367,BUY,3.562e-05,164.30404185
11672760,2017-12-26T04:42:38.85,SELL,3.561e-05,83.17161714
11672762,2017-12-26T04:42:46.13,BUY,3.562e-05,255.748
11672768,2017-12-26T04:43:18.137,BUY,3.562e-05,42.6731847
11672774,2017-12-26T04:43:45.2,SELL,3.561e-05,247.08942284
11672776,2017-12-26T04:43:54.53,SELL,3.561e-05,2077.85120231
11672782,2017-12-26T04:44:30.797,BUY,3.562e-05,561.4823133
11672788,2017-12-26T04:45:00.953,SELL,3.561e-05,736.41773219
11672789,2017-12-26T04:45:03.063,SELL,3.561e-05,1614.60019424
11672792,2017-12-26T04:45:19.377,SELL,3.561e-05,462.99412916
11672793,2017-12-26T04:45:21.003,SELL,3.561e-05,382.48211615
11672797,2017-12-26T04:45:47.627,SELL,3.561e-05,83.58762874
11672799,2017-12-26T04:46:24.74,BUY,3.562e-05,140.01965188
11672801,2017-12-26T04:46:55.537,SELL,3.561e-05,513.65810643
11672808,2017-12-26T04:47:33.053,BUY,3.562e-05,28.13993836
11672809,2017-12-26T04:47:41.587,SELL,3.561e-05,3722.27716662
11672810,2017-12-26T04:47:52.803,SELL,3.555e-05,30.0
11672811,2017-12-26T04:47:52.82,SELL,3.55e-05,107.5
11672812,2017-12-26T04:47:52.82,SELL,3.55e-05,917.57046549
11672813,2017-12-26T04:47:52.82,SELL,3.55e-05,944.92953451
11672815,2017-12-26T04:48:10.633,BUY,3.561e-05,8998.94947136
11672816,2017-12-26T04:48:19.837,SELL,3.55e-05,55.07046549
11672817,2017-12-26T04:48:19.837,SELL,3.55e-05,444.92953451
11672818,2017-12-26T04:49:26.887,SELL,3.55e-05,297.67233662
11672819,2017-12-26T04:49:28.98,SELL,3.55e-05,168.21415987
11672820,2017-12-26T04:49:31.353,SELL,3.55e-05,200.0
11672822,2017-12-26T04:49:59.027,BUY,3.561e-05,22.35294118
11672827,2017-12-26T04:50:16.997,SELL,3.55e-05,1000.0
11672828,2017-12-26T04:50:18.2,SELL,3.55e-05,2435.96879999
11672829,2017-12-26T04:50:18.2,SELL,3.55e-05,200.0
11672837,2017-12-26T04:51:19.28,SELL,3.549e-05,208.37242167
11672838,2017-12-26T04:51:27.733,SELL,3.549e-05,87.09581012
11672839,2017-12-26T04:51:29.013,SELL,3.549e-05,4410.53176821
11672840,2017-12-26T04:51:29.013,SELL,3.545e-05,3625.1825175
11672841,2017-12-26T04:51:40.517,SELL,3.545e-05,1588.25829725
11672842,2017-12-26T04:51:40.657,SELL,3.545e-05,37.25111464
11672843,2017-12-26T04:51:42.577,SELL,3.545e-05,652.30807061
11672845,2017-12-26T04:52:00.377,SELL,3.54e-05,587.91471835
11672847,2017-12-26T04:52:10.047,SELL,3.54e-05,789.72498938
11672850,2017-12-26T04:52:37.39,BUY,3.542e-05,172.49033597
11672858,2017-12-26T04:53:03.487,SELL,3.54e-05,261.8424185
11672860,2017-12-26T04:53:05.19,BUY,3.542e-05,598.92806324
11672870,2017-12-26T04:54:03.537,BUY,3.542e-05,65.50634881
11672871,2017-12-26T04:54:11.427,SELL,3.54e-05,1876.17554859
11672872,2017-12-26T04:54:16.71,SELL,3.54e-05,1385.34232518
11672873,2017-12-26T04:54:16.71,SELL,3.532e-05,53.697151
11672874,2017-12-26T04:54:16.723,SELL,3.53e-05,48.0
11672875,2017-12-26T04:54:16.723,SELL,3.529e-05,1578.3650447
11672877,2017-12-26T04:54:31.4,BUY,3.542e-05,141.16318464
11672884,2017-12-26T04:55:42.933,SELL,3.529e-05,139.20495533
11672885,2017-12-26T04:55:46.417,SELL,3.529e-05,1377.60399673
11672887,2017-12-26T04:55:55.323,BUY,3.541e-05,66.89618862
11672891,2017-12-26T04:56:27.7,SELL,3.532e-05,50.0
11672892,2017-12-26T04:56:27.7,SELL,3.529e-05,145.09005177
11672894,2017-12-26T04:57:11.59,SELL,3.529e-05,176.38032776
11672895,2017-12-26T04:57:12.75,SELL,3.529e-05,2590.6233256
11672896,2017-12-26T04:57:14.78,SELL,3.529e-05,893.73229811
11672897,2017-12-26T04:57:14.78,SELL,3.529e-05,50.0
11672898,2017-12-26T04:57:23.093,SELL,3.527e-05,1414.10013384
11672901,2017-12-26T04:57:32.56,BUY,3.527e-05,17.61969323
11672904,2017-12-26T04:57:40.623,BUY,3.527e-05,147.78325122
11672905,2017-12-26T04:58:02.42,SELL,3.525e-05,127.66973853
11672906,2017-12-26T04:58:02.42,SELL,3.52e-05,1472.33026147
11672907,2017-12-26T04:58:23.267,SELL,3.52e-05,500.0
11672908,2017-12-26T04:58:28.39,SELL,3.52e-05,300.0
11672913,2017-12-26T04:58:43.203,SELL,3.52e-05,500.0
11672915,2017-12-26T04:59:10.113,SELL,3.52e-05,852.28544601
11672918,2017-12-26T04:59:33.58,SELL,3.52e-05,96.72818387
11672924,2017-12-26T05:00:30.32,SELL,3.521e-05,6000.0
11672929,2017-12-26T05:01:33.227,SELL,3.521e-05,1084.51704545
11672932,2017-12-26T05:01:51.65,SELL,3.52e-05,328.26464145
11672933,2017-12-26T05:01:51.87,SELL,3.52e-05,990.257423
11672936,2017-12-26T05:02:16.01,SELL,3.52e-05,600.0
11672938,2017-12-26T05:02:23.357,SELL,3.52e-05,642.40840075
11672940,2017-12-26T05:02:39.53,SELL,3.52e-05,200.67530911
11672946,2017-12-26T05:03:02.89,BUY,3.521e-05,164.8304084
11672947,2017-12-26T05:03:54.47,SELL,3.52e-05,1218.05033434
11672948,2017-12-26T05:03:54.47,SELL,3.52e-05,814.87701989
11672951,2017-12-26T05:04:15.643,SELL,3.512e-05,100.0
11672952,2017-12-26T05:04:15.643,SELL,3.512e-05,700.0
11672955,2017-12-26T05:05:11.113,SELL,3.511e-05,3000.0
11672956,2017-12-26T05:05:11.113,SELL,3.508e-05,1558.89868528
11672957,2017-12-26T05:05:11.113,SELL,3.507e-05,319.40675245
11672958,2017-12-26T05:05:11.113,SELL,3.505e-05,569.18687589
11672959,2017-12-26T05:05:11.113,SELL,3.505e-05,261.50540848
11672960,2017-12-26T05:05:11.443,SELL,3.505e-05,400.0
11672961,2017-12-26T05:05:33.693,SELL,3.505e-05,2420.42477365
11672963,2017-12-26T05:05:36.617,SELL,3.505e-05,918.06981787
11672964,2017-12-26T05:05:36.617,SELL,3.5e-05,325.0
11672965,2017-12-26T05:05:36.617,SELL,3.5e-05,35.0
11672966,2017-12-26T05:05:36.617,SELL,3.5e-05,3420.0057
11672967,2017-12-26T05:05:36.617,SELL,3.5e-05,88.883235
11672968,2017-12-26T05:05:36.617,SELL,3.5e-05,5576.74929099
11672969,2017-12-26T05:05:37.07,SELL,3.5e-05,943.27851366
11672970,2017-12-26T05:05:37.083,SELL,3.5e-05,180.97219535
11672971,2017-12-26T05:05:37.083,SELL,3.5e-05,16.46466701
11672972,2017-12-26T05:05:37.1,SELL,3.5e-05,1000.06425665
11672975,2017-12-26T05:05:50.693,SELL,3.5e-05,2098.93455786
11672978,2017-12-26T05:05:56.023,SELL,3.5e-05,5217.07264577
11672985,2017-12-26T05:06:41.727,SELL,3.5e-05,1553.13106746
11672986,2017-12-26T05:06:44.12,SELL,3.5e-05,533.05064655
11672991,2017-12-26T05:06:58.98,SELL,3.5e-05,299.0
11672993,2017-12-26T05:07:08.15,SELL,3.5e-05,3564.2449087
11672994,2017-12-26T05:07:08.15,SELL,3.5e-05,38.52556449
11672995,2017-12-26T05:07:08.15,SELL,3.5e-05,38.99672262
11672996,2017-12-26T05:07:08.167,SELL,3.5e-05,38.72004795
11672997,2017-12-26T05:07:08.167,SELL,3.5e-05,38.46783372
11672998,2017-12-26T05:07:08.167,SELL,3.5e-05,40.07107583
11672999,2017-12-26T05:07:08.167,SELL,3.5e-05,38.90210865
11673000,2017-12-26T05:07:08.167,SELL,3.5e-05,38.72159224
11673001,2017-12-26T05:07:08.167,SELL,3.5e-05,38.36341463
11673002,2017-12-26T05:07:08.167,SELL,3.5e-05,47.09945799
11673003,2017-12-26T05:07:08.167,SELL,3.5e-05,39.98130081
11673004,2017-12-26T05:07:08.167,SELL,3.5e-05,41.97750677
11673005,2017-12-26T05:07:08.167,SELL,3.5e-05,39.01653116
11673006,2017-12-26T05:07:08.167,SELL,3.5e-05,40.71544715
11673007,2017-12-26T05:07:08.167,SELL,3.5e-05,39.9701897
11673008,2017-12-26T05:07:08.167,SELL,3.5e-05,43.52357723
11673009,2017-12-26T05:07:08.167,SELL,3.5e-05,40.14688346
11673010,2017-12-26T05:07:08.167,SELL,3.5e-05,39.66829268
11673011,2017-12-26T05:07:08.167,SELL,3.5e-05,39.26639566
11673012,2017-12-26T05:07:08.167,SELL,3.5e-05,47.21393576
11673013,2017-12-26T05:07:08.167,SELL,3.5e-05,38.97659227
11673014,2017-12-26T05:07:08.167,SELL,3.5e-05,38.41562329
11673015,2017-12-26T05:07:08.167,SELL,3.5e-05,43.17120304
11673016,2017-12-26T05:07:08.167,SELL,3.5e-05,40.51088731
11673017,2017-12-26T05:07:08.167,SELL,3.5e-05,39.66494284
11673018,2017-12-26T05:07:08.167,SELL,3.5e-05,41.38472339
11673019,2017-12-26T05:07:08.167,SELL,3.5e-05,28.5714286
11673020,2017-12-26T05:07:08.167,SELL,3.497e-05,6731.77008865
11673021,2017-12-26T05:07:08.167,SELL,3.495e-05,50.0
11673022,2017-12-26T05:07:08.167,SELL,3.472e-05,5104.48129536
11673023,2017-12-26T05:07:08.167,SELL,3.47e-05,143.75187346
11673024,2017-12-26T05:07:08.167,SELL,3.467e-05,62.116078
11673025,2017-12-26T05:07:08.167,SELL,3.45e-05,21.82894257
11673026,2017-12-26T05:07:08.167,SELL,3.45e-05,400.72815
11673027,2017-12-26T05:07:08.167,SELL,3.45e-05,289.13043478
11673028,2017-12-26T05:07:08.167,SELL,3.45e-05,1000.2286957
11673029,2017-12-26T05:07:09.277,SELL,3.412e-05,100.0
11673030,2017-12-26T05:07:09.277,SELL,3.407e-05,20.68965517
11673036,2017-12-26T05:07:25.417,BUY,3.449e-05,331.48909287
11673038,2017-12-26T05:07:27.683,BUY,3.449e-05,41.81628571
11673040,2017-12-26T05:07:28.323,BUY,3.449e-05,41.48914285
11673042,2017-12-26T05:07:29.963,BUY,3.449e-05,41.12085714
11673044,2017-12-26T05:07:49.717,SELL,3.407e-05,139.425825
11673048,2017-12-26T05:08:04.84,BUY,3.449e-05,51.0
11673054,2017-12-26T05:09:03.78,SELL,3.408e-05,75.88619976
11673065,2017-12-26T05:09:43.173,BUY,3.449e-05,101.581125
11673070,2017-12-26T05:10:23.33,SELL,3.407e-05,200.0
11673074,2017-12-26T05:10:49.223,SELL,3.407e-05,1103.78237718
11673076,2017-12-26T05:10:56.177,BUY,3.407e-05,38.74376284
11673077,2017-12-26T05:11:04.553,SELL,3.402e-05,127.7465508
11673080,2017-12-26T05:11:22.257,SELL,3.402e-05,622.28604641
11673082,2017-12-26T05:11:27.083,BUY,3.407e-05,171.79485471
11673085,2017-12-26T05:11:29.897,BUY,3.407e-05,0.43051723
11673087,2017-12-26T05:11:31.257,SELL,3.402e-05,19.62393946
11673089,2017-12-26T05:11:32.46,BUY,3.446e-05,1416.56228024
11673091,2017-12-26T05:11:38.443,SELL,3.402e-05,382.52206529
11673095,2017-12-26T05:12:14.603,SELL,3.402e-05,185.32119253
11673096,2017-12-26T05:12:23.68,SELL,3.402e-05,951.75869392
11673100,2017-12-26T05:12:37.883,BUY,3.407e-05,73.19489287
11673101,2017-12-26T05:12:38.54,SELL,3.402e-05,4411.74151159
11673102,2017-12-26T05:12:38.54,SELL,3.402e-05,301.05470679
11673103,2017-12-26T05:12:38.54,SELL,3.402e-05,1240.27707804
11673104,2017-12-26T05:12:38.54,SELL,3.401e-05,5991.0
11673105,2017-12-26T05:12:38.54,SELL,3.4e-05,38.89625895
11673106,2017-12-26T05:12:38.54,SELL,3.4e-05,39.77665707
11673107,2017-12-26T05:12:38.557,SELL,3.4e-05,39.4944489
11673108,2017-12-26T05:12:38.557,SELL,3.4e-05,38.23996781
11673109,2017-12-26T05:12:39.32,SELL,3.4e-05,0.99722258
11673110,2017-12-26T05:12:39.32,SELL,3.4e-05,39.68015082
11673111,2017-12-26T05:12:39.32,SELL,3.4e-05,39.49602408
11673112,2017-12-26T05:12:39.32,SELL,3.4e-05,45.22116991
11673113,2017-12-26T05:12:39.32,SELL,3.4e-05,44.73760445
11673114,2017-12-26T05:12:39.32,SELL,3.4e-05,42.15431754
11673115,2017-12-26T05:12:39.32,SELL,3.4e-05,44.7901062
11673116,2017-12-26T05:12:39.32,SELL,3.4e-05,45.13387367
11673117,2017-12-26T05:12:39.32,SELL,3.4e-05,44.89826718
11673118,2017-12-26T05:12:39.32,SELL,3.4e-05,43.5352152
11673119,2017-12-26T05:12:39.32,SELL,3.4e-05,44.77179702
11673120,2017-12-26T05:12:39.32,SELL,3.4e-05,45.8746846
11673121,2017-12-26T05:12:39.32,SELL,3.4e-05,44.86543313
11673122,2017-12-26T05:12:39.32,SELL,3.4e-05,43.21222315
11673123,2017-12-26T05:12:39.32,SELL,3.4e-05,39.49229044
11673124,2017-12-26T05:12:39.32,SELL,3.4e-05,48.78945892
11673125,2017-12-26T05:12:39.32,SELL,3.4e-05,41.70682392
11673126,2017-12-26T05:12:39.32,SELL,3.4e-05,47.6939062
11673127,2017-12-26T05:12:39.32,SELL,3.4e-05,42.21241785
11673128,2017-12-26T05:12:39.32,SELL,3.395e-05,4978.0
11673129,2017-12-26T05:12:39.337,SELL,3.394e-05,147.31879788
11673130,2017-12-26T05:12:39.337,SELL,3.392e-05,3942.86718659
11673134,2017-12-26T05:12:43.587,SELL,3.393e-05,71.42857142
11673141,2017-12-26T05:13:07.057,SELL,3.393e-05,1601.33187866
11673149,2017-12-26T05:13:29.857,SELL,3.392e-05,800.0
11673150,2017-12-26T05:13:45.073,SELL,3.392e-05,500.0
11673151,2017-12-26T05:13:54.92,SELL,3.392e-05,336.86950862
11673175,2017-12-26T05:14:15.89,SELL,3.394e-05,1833.05244549
11673176,2017-12-26T05:14:15.89,SELL,3.392e-05,98.26330479
11673177,2017-12-26T05:14:15.89,SELL,3.38e-05,602.96927219
11673178,2017-12-26T05:14:16.17,SELL,3.379e-05,619.99420231
11673179,2017-12-26T05:14:16.17,SELL,3.372e-05,59.31198116
11673180,2017-12-26T05:14:16.17,SELL,3.363e-05,889.83347458
11673181,2017-12-26T05:14:16.17,SELL,3.362e-05,593.39678763
11673182,2017-12-26T05:14:16.17,SELL,3.36e-05,37.71
11673183,2017-12-26T05:14:16.17,SELL,3.357e-05,31.60829972
11673184,2017-12-26T05:14:16.17,SELL,3.35e-05,20.0
11673185,2017-12-26T05:14:16.17,SELL,3.35e-05,900.0
11673186,2017-12-26T05:14:16.17,SELL,3.35e-05,30.0738806
11673187,2017-12-26T05:14:16.17,SELL,3.349e-05,50.0
11673188,2017-12-26T05:14:16.17,SELL,3.349e-05,192.05255599
11673189,2017-12-26T05:14:16.17,SELL,3.342e-05,500.0
11673190,2017-12-26T05:14:16.17,SELL,3.339e-05,3576.01881801
11673193,2017-12-26T05:14:19.623,BUY,3.38e-05,653.476
11673195,2017-12-26T05:14:20.153,SELL,3.339e-05,43.33013328
11673196,2017-12-26T05:14:21.75,SELL,3.339e-05,110.31130476
11673201,2017-12-26T05:14:33.407,BUY,3.379e-05,1437.70463236
11673202,2017-12-26T05:14:33.407,BUY,3.379e-05,1496.11889705
11673212,2017-12-26T05:14:45.86,SELL,3.339e-05,1499.99999999
11673218,2017-12-26T05:14:48.483,BUY,3.38e-05,316.21682065
11673228,2017-12-26T05:14:58.92,SELL,3.339e-05,993.94379
11673237,2017-12-26T05:15:21.533,SELL,3.339e-05,1776.39595396
11673238,2017-12-26T05:15:21.533,SELL,3.339e-05,1000.0
11673239,2017-12-26T05:15:21.533,SELL,3.333e-05,350.41489649
11673240,2017-12-26T05:15:21.533,SELL,3.333e-05,60.0
11673241,2017-12-26T05:15:21.533,SELL,3.33e-05,22638.11152703
11673242,2017-12-26T05:15:21.533,SELL,3.32e-05,3902.83969761
11673245,2017-12-26T05:15:21.907,SELL,3.32e-05,1234.00956522
11673285,2017-12-26T05:15:45.097,SELL,3.325e-05,45.11278195
11673286,2017-12-26T05:15:45.097,SELL,3.324e-05,45.12635379
11673287,2017-12-26T05:15:45.097,SELL,3.324e-05,314.06912347
11673288,2017-12-26T05:15:45.097,SELL,3.323e-05,1436.83892699
11673289,2017-12-26T05:15:45.097,SELL,3.32e-05,1782.3467897
11673300,2017-12-26T05:15:51.097,SELL,3.32e-05,381.17595048
11673301,2017-12-26T05:15:51.097,SELL,3.32e-05,773.14872967
11673302,2017-12-26T05:15:51.097,SELL,3.312e-05,485.15217188
11673306,2017-12-26T05:15:52.063,BUY,3.312e-05,233.5833
11673309,2017-12-26T05:15:56.72,SELL,3.302e-05,175.26010717
11673313,2017-12-26T05:16:03.143,SELL,3.302e-05,424.73989283
11673314,2017-12-26T05:16:03.143,SELL,3.3e-05,40.57219021
11673315,2017-12-26T05:16:03.143,SELL,3.3e-05,40.28433787
11673316,2017-12-26T05:16:03.143,SELL,3.3e-05,40.02193419
11673317,2017-12-26T05:16:03.143,SELL,3.3e-05,40.28594456
11673318,2017-12-26T05:16:03.143,SELL,3.3e-05,39.46124661
11673319,2017-12-26T05:16:03.143,SELL,3.3e-05,38.49564507
11673320,2017-12-26T05:16:03.143,SELL,3.3e-05,43.92926328
11673321,2017-12-26T05:16:03.143,SELL,3.3e-05,47.80217199
11673322,2017-12-26T05:16:03.143,SELL,3.3e-05,44.30516431
11673323,2017-12-26T05:16:03.143,SELL,3.3e-05,47.06426056
11673324,2017-12-26T05:16:03.143,SELL,3.3e-05,45.21279718
11673325,2017-12-26T05:16:03.143,SELL,3.3e-05,43.8197828
11673326,2017-12-26T05:16:03.143,SELL,3.3e-05,47.26357499
11673327,2017-12-26T05:16:03.143,SELL,3.3e-05,46.57792779
11673328,2017-12-26T05:16:03.143,SELL,3.3e-05,47.8377425
11673329,2017-12-26T05:16:03.143,SELL,3.3e-05,46.95048629
11673330,2017-12-26T05:16:03.143,SELL,3.3e-05,42.4137931
11673331,2017-12-26T05:16:03.143,SELL,3.3e-05,42.13354952
11673332,2017-12-26T05:16:03.143,SELL,3.3e-05,43.11379716
11673333,2017-12-26T05:16:03.143,SELL,3.3e-05,44.77505896
11673334,2017-12-26T05:16:03.143,SELL,3.3e-05,42.10731132
11673335,2017-12-26T05:16:03.143,SELL,3.3e-05,47.94784914
11673336,2017-12-26T05:16:03.143,SELL,3.3e-05,45.1614614
11673337,2017-12-26T05:16:03.16,SELL,3.3e-05,42.37713612
11673338,2017-12-26T05:16:03.16,SELL,3.3e-05,42.61255156
11673339,2017-12-26T05:16:03.16,SELL,3.3e-05,51.71272834
11673340,2017-12-26T05:16:03.16,SELL,3.3e-05,51.55774896
11673341,2017-12-26T05:16:03.16,SELL,3.3e-05,46.26929876
11673342,2017-12-26T05:16:03.16,SELL,3.3e-05,46.66529169
11673343,2017-12-26T05:16:03.16,SELL,3.3e-05,46.26684636
11673344,2017-12-26T05:16:03.16,SELL,3.3e-05,43.54028152
11673345,2017-12-26T05:16:03.16,SELL,3.3e-05,43.12488769
11673346,2017-12-26T05:16:03.16,SELL,3.3e-05,43.87870619
11673347,2017-12-26T05:16:03.16,SELL,3.3e-05,47.92093441
11673348,2017-12-26T05:16:03.16,SELL,3.3e-05,46.58161126
11673349,2017-12-26T05:16:03.16,SELL,3.3e-05,43.13686732
11673350,2017-12-26T05:16:03.16,SELL,3.3e-05,43.77837675
11673351,2017-12-26T05:16:03.16,SELL,3.3e-05,48.51602276
11673352,2017-12-26T05:16:03.16,SELL,3.3e-05,45.8721174
11673353,2017-12-26T05:16:03.16,SELL,3.3e-05,43.47648996
11673354,2017-12-26T05:16:03.16,SELL,3.3e-05,49.7079193
11673355,2017-12-26T05:16:03.16,SELL,3.3e-05,48.91568804
11673356,2017-12-26T05:16:03.16,SELL,3.3e-05,34.09371649
11673360,2017-12-26T05:16:04.363,SELL,3.3e-05,8.37210705
11673361,2017-12-26T05:16:04.38,SELL,3.3e-05,42.5353809
11673366,2017-12-26T05:16:05.207,BUY,3.3e-05,352.15588864
11673371,2017-12-26T05:16:07.097,BUY,3.3e-05,75.483
11673374,2017-12-26T05:16:08.44,BUY,3.3e-05,46.55511811
11673376,2017-12-26T05:16:09.52,SELL,3.287e-05,84.420882
11673377,2017-12-26T05:16:09.52,SELL,3.285e-05,12398.23444398
11673378,2017-12-26T05:16:09.52,SELL,3.284e-05,20701.38436634
11673383,2017-12-26T05:16:14.77,BUY,3.284e-05,167.26382866
11673387,2017-12-26T05:16:28.067,BUY,3.284e-05,42.76196244
11673390,2017-12-26T05:16:30.8,BUY,3.284e-05,76.126
11673391,2017-12-26T05:16:31.973,SELL,3.282e-05,1000.0
11673392,2017-12-26T05:16:31.973,SELL,3.281e-05,36.57421518
11673393,2017-12-26T05:16:31.973,SELL,3.28e-05,2916.79702469
11673395,2017-12-26T05:16:33.833,BUY,3.284e-05,516.26713969
11673398,2017-12-26T05:16:38.083,SELL,3.28e-05,5.10065519
11673399,2017-12-26T05:16:38.083,SELL,3.279e-05,409.206491
11673400,2017-12-26T05:16:38.1,SELL,3.278e-05,150.0
11673401,2017-12-26T05:16:38.1,SELL,3.277e-05,57.965489
11673402,2017-12-26T05:16:38.1,SELL,3.268e-05,34.94116868
11673403,2017-12-26T05:16:38.1,SELL,3.267e-05,476.114585
11673404,2017-12-26T05:16:38.1,SELL,3.266e-05,1200.0
11673405,2017-12-26T05:16:38.113,SELL,3.266e-05,486.96203001
11673406,2017-12-26T05:16:38.113,SELL,3.265e-05,2179.70958112
11673411,2017-12-26T05:16:50.833,SELL,3.265e-05,2725.06360418
11673412,2017-12-26T05:16:50.833,SELL,3.265e-05,3575.0
11673414,2017-12-26T05:16:53.113,BUY,3.265e-05,76.126
11673420,2017-12-26T05:17:02.46,SELL,3.264e-05,45.11278195
11673427,2017-12-26T05:17:06.507,SELL,3.264e-05,45.12635379
11673428,2017-12-26T05:17:10.35,SELL,3.264e-05,200.0
11673430,2017-12-26T05:17:17.24,SELL,3.264e-05,329.8985053
11673431,2017-12-26T05:17:17.867,SELL,3.264e-05,1000.0
11673434,2017-12-26T05:17:24.523,BUY,3.265e-05,1115.1196
11673439,2017-12-26T05:17:26.977,BUY,3.265e-05,366.46897397
11673442,2017-12-26T05:17:32.117,BUY,3.265e-05,45.48606749
11673451,2017-12-26T05:17:38.383,SELL,3.264e-05,382.99534275
11673452,2017-12-26T05:17:38.79,SELL,3.264e-05,51.10216582
11673453,2017-12-26T05:17:42.79,SELL,3.264e-05,478.97946127
11673455,2017-12-26T05:17:45.413,BUY,3.265e-05,76.5696784
11673456,2017-12-26T05:17:46.76,SELL,3.264e-05,41.78538912
11673458,2017-12-26T05:17:46.76,SELL,3.262e-05,3744.0
11673459,2017-12-26T05:17:46.76,BUY,3.265e-05,459.4455
11673460,2017-12-26T05:17:46.76,SELL,3.258e-05,3141.29794421
11673465,2017-12-26T05:17:49.9,SELL,3.258e-05,1000.0
11673475,2017-12-26T05:18:02.523,SELL,3.258e-05,1888.02983786
11673476,2017-12-26T05:18:03.383,SELL,3.258e-05,200.0
11673482,2017-12-26T05:18:22.993,SELL,3.258e-05,274.57610862
11673484,2017-12-26T05:18:25.48,BUY,3.264e-05,53.35929801
11673489,2017-12-26T05:18:42.603,SELL,3.258e-05,220.84012989
11673493,2017-12-26T05:18:58.433,SELL,3.258e-05,1171.78345441
11673497,2017-12-26T05:19:14.573,SELL,3.258e-05,114.47252501
11673509,2017-12-26T05:20:02.03,SELL,3.255e-05,900.0
11673510,2017-12-26T05:20:08.5,SELL,3.255e-05,680.600235
11673513,2017-12-26T05:20:17.653,SELL,3.255e-05,1582.83084735
11673514,2017-12-26T05:20:21.06,SELL,3.255e-05,80.56891765
11673516,2017-12-26T05:20:22.983,SELL,3.254e-05,7709.0
11673518,2017-12-26T05:20:34.157,SELL,3.251e-05,51.11226112
11673527,2017-12-26T05:20:55.08,BUY,3.254e-05,305.25030525
11673536,2017-12-26T05:21:38.74,SELL,3.251e-05,102.30207293
11673539,2017-12-26T05:21:42.397,SELL,3.25e-05,460.38461538
11673540,2017-12-26T05:21:42.397,SELL,3.25e-05,30.0
11673541,2017-12-26T05:21:42.397,SELL,3.25e-05,1500.0
11673542,2017-12-26T05:21:42.397,SELL,3.25e-05,200.0
11673543,2017-12-26T05:21:42.397,SELL,3.25e-05,2144.08928592
11673544,2017-12-26T05:21:45.07,SELL,3.25e-05,199.91071408
11673545,2017-12-26T05:21:45.07,SELL,3.25e-05,150.89404538
11673552,2017-12-26T05:21:57.443,BUY,3.25e-05,1530.84714549
11673554,2017-12-26T05:22:10.697,SELL,3.233e-05,62.31237404
11673559,2017-12-26T05:22:31.76,SELL,3.233e-05,25.0626566
11673560,2017-12-26T05:22:38.963,SELL,3.233e-05,1792.62496936
11673561,2017-12-26T05:22:38.963,SELL,3.224e-05,155.08684864
11673562,2017-12-26T05:22:38.963,SELL,3.221e-05,50.0
11673563,2017-12-26T05:22:38.963,SELL,3.221e-05,489.19917676
11673573,2017-12-26T05:23:55.967,SELL,3.221e-05,582.94767442
11673576,2017-12-26T05:24:09.2,SELL,3.222e-05,107.95907294
11673582,2017-12-26T05:24:34.39,SELL,3.222e-05,92.04092706
11673586,2017-12-26T05:24:45.53,SELL,3.221e-05,82.06997576
11673588,2017-12-26T05:24:48.25,BUY,3.222e-05,615.74074074
11673591,2017-12-26T05:24:50.61,BUY,3.222e-05,77.591
11673596,2017-12-26T05:24:58.953,BUY,3.222e-05,88.25473924
11673599,2017-12-26T05:25:01.877,SELL,3.221e-05,6488.78317306
11673600,2017-12-26T05:25:01.877,SELL,3.221e-05,7052.6668809
11673602,2017-12-26T05:25:03.377,BUY,3.222e-05,1697.06668036
11673612,2017-12-26T05:25:14.127,BUY,3.25e-05,457.03403936
11673615,2017-12-26T05:25:30.22,BUY,3.25e-05,327.57763382
11673616,2017-12-26T05:25:43.207,SELL,3.222e-05,36.433063
11673617,2017-12-26T05:25:45.533,SELL,3.222e-05,37.276207
11673619,2017-12-26T05:25:47.91,BUY,3.25e-05,151.16919878
11673621,2017-12-26T05:26:00.77,BUY,3.25e-05,283.86898204
11673622,2017-12-26T05:26:05.253,SELL,3.222e-05,330.17309885
11673623,2017-12-26T05:26:06.52,SELL,3.222e-05,189.73336404
11673628,2017-12-26T05:26:27.63,BUY,3.25e-05,42.88340465
11673630,2017-12-26T05:26:27.957,BUY,3.25e-05,292.39627018
11673634,2017-12-26T05:26:33.753,BUY,3.25e-05,276.31290425
11673635,2017-12-26T05:26:39.41,SELL,3.223e-05,2990.0
11673636,2017-12-26T05:26:39.41,SELL,3.222e-05,92.54063374
11673638,2017-12-26T05:26:49.787,BUY,3.25e-05,1085.81393462
11673641,2017-12-26T05:26:56.02,BUY,3.25e-05,27.62307692
11673645,2017-12-26T05:27:00.537,BUY,3.25e-05,239.5319229
11673649,2017-12-26T05:27:08.337,BUY,3.25e-05,61.38522923
11673651,2017-12-26T05:27:09.617,BUY,3.25e-05,153.46153846
11673655,2017-12-26T05:27:20.85,BUY,3.23e-05,256.57419287
11673657,2017-12-26T05:27:32.617,SELL,3.223e-05,30.949426
11673663,2017-12-26T05:27:47.43,BUY,3.223e-05,226.92919294
11673664,2017-12-26T05:27:50.01,SELL,3.222e-05,5356.53486735
11673665,2017-12-26T05:27:50.01,SELL,3.222e-05,542.71547942
11673666,2017-12-26T05:27:50.01,SELL,3.222e-05,77.591
11673667,2017-12-26T05:27:50.01,SELL,3.222e-05,482.8254
11673668,2017-12-26T05:27:50.01,SELL,3.221e-05,8431.65475834
11673669,2017-12-26T05:27:50.01,SELL,3.22e-05,52.77787377
11673671,2017-12-26T05:28:00.18,BUY,3.223e-05,226.92919294
11673673,2017-12-26T05:28:02.43,BUY,3.223e-05,77.62923662
11673675,2017-12-26T05:28:02.587,BUY,3.223e-05,77.62923662
11673677,2017-12-26T05:28:11.713,BUY,3.223e-05,500.0
11673678,2017-12-26T05:28:14.29,SELL,3.22e-05,9.17864797
11673680,2017-12-26T05:28:18.667,BUY,3.22e-05,221.24710359
11673682,2017-12-26T05:28:19.137,BUY,3.22e-05,49.99999999
11673683,2017-12-26T05:28:26.557,SELL,3.219e-05,200.0
11673684,2017-12-26T05:28:26.557,SELL,3.214e-05,62.44635339
11673685,2017-12-26T05:28:26.557,SELL,3.214e-05,50.0
11673686,2017-12-26T05:28:26.557,SELL,3.214e-05,7193.0
11673687,2017-12-26T05:28:26.557,SELL,3.212e-05,3131.05653876
11673688,2017-12-26T05:28:26.557,SELL,3.211e-05,622.8589225
11673689,2017-12-26T05:28:26.557,SELL,3.209e-05,289.1024813
11673690,2017-12-26T05:28:26.557,SELL,3.201e-05,329.09329483
11673692,2017-12-26T05:28:28.9,BUY,3.22e-05,241.42225797
11673694,2017-12-26T05:28:29.463,SELL,3.201e-05,2787.12038839
11673695,2017-12-26T05:28:29.463,SELL,3.201e-05,1159.32131876
11673696,2017-12-26T05:28:29.463,SELL,3.2e-05,80.0
11673697,2017-12-26T05:28:29.463,SELL,3.2e-05,31.17281016
11673698,2017-12-26T05:28:29.463,SELL,3.2e-05,155.859375
11673699,2017-12-26T05:28:29.463,SELL,3.2e-05,779.296875
11673700,2017-12-26T05:28:29.463,SELL,3.2e-05,200.0
11673701,2017-12-26T05:28:29.463,SELL,3.2e-05,6525.18652194
11673702,2017-12-26T05:28:29.9,SELL,3.2e-05,1256.93044355
11673708,2017-12-26T05:28:31.433,SELL,3.2e-05,1511.82182572
11673711,2017-12-26T05:28:41.073,BUY,3.22e-05,241.42225797
11673712,2017-12-26T05:28:42.027,SELL,3.2e-05,419.16627587
11673713,2017-12-26T05:28:43.823,SELL,3.2e-05,1058.27804776
11673714,2017-12-26T05:28:43.823,SELL,3.2e-05,311.71875
11673715,2017-12-26T05:28:43.823,SELL,3.2e-05,41.09002462
11673716,2017-12-26T05:28:43.823,SELL,3.2e-05,40.82237287
11673717,2017-12-26T05:28:43.823,SELL,3.2e-05,41.09166345
11673718,2017-12-26T05:28:43.823,SELL,3.2e-05,40.9189415
11673719,2017-12-26T05:28:43.823,SELL,3.2e-05,40.89916434
11673720,2017-12-26T05:28:43.823,SELL,3.2e-05,41.16126327
11673721,2017-12-26T05:28:43.823,SELL,3.2e-05,47.88949601
11673722,2017-12-26T05:28:43.823,SELL,3.2e-05,43.26206896
11673723,2017-12-26T05:28:43.823,SELL,3.2e-05,43.9760731
11673724,2017-12-26T05:28:43.823,SELL,3.2e-05,45.67056013
11673725,2017-12-26T05:28:43.823,SELL,3.2e-05,42.94945754
11673726,2017-12-26T05:28:43.823,SELL,3.2e-05,48.90680612
11673727,2017-12-26T05:28:43.823,SELL,3.2e-05,46.06469062
11673728,2017-12-26T05:28:43.823,SELL,3.2e-05,43.22467884
11673729,2017-12-26T05:28:43.823,SELL,3.2e-05,52.7469829
11673730,2017-12-26T05:28:43.823,SELL,3.2e-05,52.58890393
11673731,2017-12-26T05:28:43.823,SELL,3.2e-05,47.19468473
11673732,2017-12-26T05:28:43.823,SELL,3.2e-05,47.59859752
11673733,2017-12-26T05:28:43.823,SELL,3.2e-05,47.19218328
11673734,2017-12-26T05:28:43.823,SELL,3.2e-05,44.41108715
11673735,2017-12-26T05:28:43.823,SELL,3.2e-05,43.98738544
11673736,2017-12-26T05:28:43.823,SELL,3.2e-05,44.75628031
11673737,2017-12-26T05:28:43.84,SELL,3.2e-05,48.87935309
11673738,2017-12-26T05:28:43.84,SELL,3.2e-05,47.51324348
11673739,2017-12-26T05:28:43.84,SELL,3.2e-05,44.65394428
11673740,2017-12-26T05:28:43.84,SELL,3.2e-05,43.99960466
11673741,2017-12-26T05:28:43.84,SELL,3.2e-05,49.48634321
11673742,2017-12-26T05:28:43.84,SELL,3.2e-05,46.78955974
11673743,2017-12-26T05:28:43.84,SELL,3.2e-05,44.34601975
11673744,2017-12-26T05:28:43.84,SELL,3.2e-05,50.70207768
11673745,2017-12-26T05:28:43.84,SELL,3.2e-05,49.8940018
11673746,2017-12-26T05:28:43.84,SELL,3.2e-05,43.38608851
11673747,2017-12-26T05:28:43.84,SELL,3.2e-05,47.48622047
11673748,2017-12-26T05:28:43.84,SELL,3.2e-05,50.44820231
11673749,2017-12-26T05:28:43.84,SELL,3.2e-05,44.73004265
11673750,2017-12-26T05:28:43.84,SELL,3.2e-05,47.92892156
11673751,2017-12-26T05:28:43.84,SELL,3.2e-05,43.97640931
11673752,2017-12-26T05:28:43.84,SELL,3.2e-05,44.58731617
11673753,2017-12-26T05:28:43.84,SELL,3.2e-05,47.07322303
11673754,2017-12-26T05:28:43.84,SELL,3.2e-05,50.56813996
11673755,2017-12-26T05:28:43.84,SELL,3.2e-05,44.40454266
11673756,2017-12-26T05:28:43.84,SELL,3.2e-05,43.92892613
11673757,2017-12-26T05:28:43.84,SELL,3.2e-05,44.86813527
11673758,2017-12-26T05:28:43.84,SELL,3.2e-05,66.92352188
11673760,2017-12-26T05:28:45.103,BUY,3.2e-05,208.7962438
11673766,2017-12-26T05:29:03.107,BUY,3.2e-05,45.380625
11673768,2017-12-26T05:29:03.433,BUY,3.2e-05,76.1931762
11673771,2017-12-26T05:29:13.887,BUY,3.2e-05,103.24524026
11673772,2017-12-26T05:29:14.467,SELL,3.199e-05,15590.80962801
11673774,2017-12-26T05:29:15.183,BUY,3.199e-05,162.8893861
11673776,2017-12-26T05:29:17.23,BUY,3.199e-05,46.3671875
11673778,2017-12-26T05:29:22.077,SELL,3.196e-05,156.42033067
11673779,2017-12-26T05:29:22.077,SELL,3.182e-05,82.62788722
11673781,2017-12-26T05:29:24.153,SELL,3.151e-05,40.71325849
11673782,2017-12-26T05:29:24.153,SELL,3.151e-05,300.0
11673783,2017-12-26T05:29:24.153,SELL,3.15e-05,82.128
11673784,2017-12-26T05:29:24.153,SELL,3.15e-05,300.0
11673785,2017-12-26T05:29:24.153,SELL,3.15e-05,95.0
11673786,2017-12-26T05:29:24.543,SELL,3.142e-05,31.74761219
11673787,2017-12-26T05:29:24.543,SELL,3.134e-05,8168.68930431
11673789,2017-12-26T05:29:24.703,BUY,3.15e-05,304.32907338
11673791,2017-12-26T05:29:24.78,BUY,3.15e-05,304.32182758
11673796,2017-12-26T05:29:26.293,BUY,3.147e-05,104.0
11673799,2017-12-26T05:29:26.357,BUY,3.15e-05,45.4825
11673806,2017-12-26T05:29:28.09,BUY,3.15e-05,233.7929
11673809,2017-12-26T05:29:28.327,BUY,3.15e-05,630.16500957
11673813,2017-12-26T05:29:29.293,BUY,3.15e-05,1077.11849534
11673829,2017-12-26T05:29:36.56,BUY,3.16e-05,508.70587062
11673851,2017-12-26T05:29:45.56,BUY,3.16e-05,194.63241982
11673862,2017-12-26T05:29:49.06,BUY,3.16e-05,1906.79943854
11673879,2017-12-26T05:29:56.967,BUY,3.198e-05,40.61275603
11673890,2017-12-26T05:30:00.687,BUY,3.198e-05,247.16659576
11673899,2017-12-26T05:30:04.703,BUY,3.197e-05,238.83448768
11673928,2017-12-26T05:30:15.233,BUY,3.197e-05,238.30294209
11673932,2017-12-26T05:30:20.78,BUY,3.196e-05,50.0
11673942,2017-12-26T05:30:43.97,BUY,3.151e-05,1099.50911487
11673945,2017-12-26T05:30:45.313,BUY,3.151e-05,166.90287827
11673947,2017-12-26T05:30:46.86,BUY,3.151e-05,312.10888611
11673954,2017-12-26T05:30:50.267,SELL,3.147e-05,24.63052636
11673955,2017-12-26T05:30:50.267,SELL,3.134e-05,12.34855064
11673958,2017-12-26T05:30:50.517,BUY,3.15e-05,50.0
11673966,2017-12-26T05:30:52.69,SELL,3.134e-05,38.17443
11673973,2017-12-26T05:30:54.75,BUY,3.15e-05,42.601459
11673979,2017-12-26T05:30:58.407,BUY,3.15e-05,212.75158182
11673984,2017-12-26T05:31:00.05,BUY,3.15e-05,685.43969031
11673994,2017-12-26T05:31:02.36,BUY,3.15e-05,291.89592698
11674000,2017-12-26T05:31:03.533,BUY,3.151e-05,141.20578637
11674004,2017-12-26T05:31:04.5,BUY,3.151e-05,200.0
11674015,2017-12-26T05:31:09.393,BUY,3.151e-05,1645.4166213
11674028,2017-12-26T05:31:14.643,BUY,3.151e-05,41.09080227
11674034,2017-12-26T05:31:16.097,BUY,3.151e-05,1150.6643
11674063,2017-12-26T05:31:46.83,BUY,3.151e-05,15484.32163924
11674108,2017-12-26T05:32:25.397,BUY,3.151e-05,15484.32163924
11674112,2017-12-26T05:32:52.773,BUY,3.151e-05,22944.84021566
11674113,2017-12-26T05:32:52.773,BUY,3.151e-05,10128.39495915
11674114,2017-12-26T05:32:52.773,BUY,3.151e-05,300.54382519
11674121,2017-12-26T05:33:15.243,SELL,3.136e-05,30.93023256
11674147,2017-12-26T05:34:02.42,SELL,3.139e-05,109.27579101
11674165,2017-12-26T05:34:40.22,BUY,3.151e-05,0.00013181
11674166,2017-12-26T05:34:40.22,BUY,3.194e-05,429.60787774
11674172,2017-12-26T05:34:52.937,BUY,3.194e-05,930.02946227
