43343480,2017-12-25T12:57:04.53,BUY,7.315e-05,15.0
43343481,2017-12-25T12:57:04.53,BUY,7.32e-05,135.0
43343483,2017-12-25T12:57:11.297,SELL,7.29e-05,20.0
43343486,2017-12-25T12:57:13.093,SELL,7.29e-05,116.83127572
43343488,2017-12-25T12:57:14.847,BUY,7.29e-05,129.80473994
43343497,2017-12-25T12:57:19.893,SELL,7.315e-05,47.80794188
43343498,2017-12-25T12:57:19.893,SELL,7.308e-05,69.07418071
43343499,2017-12-25T12:57:19.893,SELL,7.29e-05,768.18555967
43343500,2017-12-25T12:57:19.893,SELL,7.285e-05,50.0
43343501,2017-12-25T12:57:19.893,SELL,7.285e-05,100.0
43343502,2017-12-25T12:57:19.893,SELL,7.285e-05,889.0429139
43343515,2017-12-25T12:57:33.82,SELL,7.285e-05,299.32220624
43343519,2017-12-25T12:57:34.727,BUY,7.285e-05,32.13122889
43343523,2017-12-25T12:57:36.307,BUY,7.285e-05,50.0
43343527,2017-12-25T12:57:38.04,BUY,7.285e-05,13.72495196
43343530,2017-12-25T12:57:38.633,BUY,7.285e-05,294.47658094
43343534,2017-12-25T12:57:40.573,SELL,7.282e-05,15.0
43343535,2017-12-25T12:57:40.573,SELL,7.282e-05,85.0
43343537,2017-12-25T12:57:41.433,BUY,7.285e-05,19.10161153
43343542,2017-12-25T12:57:44.823,BUY,7.285e-05,27.73658202
43343544,2017-12-25T12:57:45.417,BUY,7.285e-05,15.0
43343550,2017-12-25T12:57:47.777,BUY,7.285e-05,149.78903638
43343554,2017-12-25T12:57:49.31,BUY,7.285e-05,13.72495196
43343556,2017-12-25T12:57:49.56,BUY,7.285e-05,7386.27999029
43343557,2017-12-25T12:57:49.56,BUY,7.285e-05,96.67638994
43343558,2017-12-25T12:57:49.56,BUY,7.285e-05,260.7391956
43343559,2017-12-25T12:57:49.56,BUY,7.285e-05,10000.0
43343560,2017-12-25T12:57:49.56,BUY,7.32e-05,7249.60889506
43343561,2017-12-25T12:57:49.56,BUY,7.328e-05,1100.0
43343562,2017-12-25T12:57:49.56,BUY,7.338e-05,13056.32758144
43343565,2017-12-25T12:57:54.013,SELL,7.282e-05,404.61351085
43343569,2017-12-25T12:57:58.53,BUY,7.282e-05,13.73060551
43343573,2017-12-25T12:57:58.843,BUY,7.282e-05,2016.88841401
43343576,2017-12-25T12:58:04.97,BUY,7.282e-05,879.88441215
43343580,2017-12-25T12:58:10.97,SELL,7.28e-05,500.0
43343582,2017-12-25T12:58:11.923,SELL,7.28e-05,32.3154395
43343584,2017-12-25T12:58:12.473,BUY,7.282e-05,232.6700051
43343585,2017-12-25T12:58:12.473,BUY,7.282e-05,200.11150816
43343587,2017-12-25T12:58:17.52,SELL,7.28e-05,1025.4936093
43343588,2017-12-25T12:58:17.52,SELL,7.28e-05,100.0
43343607,2017-12-25T12:58:30.087,BUY,7.282e-05,427.09095338
43343615,2017-12-25T12:58:33.76,BUY,7.282e-05,360.00537805
43343620,2017-12-25T12:58:45.573,SELL,7.28e-05,39.57663462
43343621,2017-12-25T12:58:45.573,SELL,7.279e-05,256.92266586
43343622,2017-12-25T12:58:45.573,SELL,7.27e-05,1358.37464443
43343635,2017-12-25T12:58:51.547,SELL,7.279e-05,60.10949306
43343636,2017-12-25T12:58:51.547,SELL,7.267e-05,39.89050694
43343648,2017-12-25T12:58:57.937,SELL,7.267e-05,100.37165787
43343656,2017-12-25T12:59:02.58,SELL,7.267e-05,124.18795216
43343658,2017-12-25T12:59:02.703,BUY,7.266e-05,96.68597706
43343659,2017-12-25T12:59:02.703,BUY,7.27e-05,3.31402294
43343664,2017-12-25T12:59:08.503,SELL,7.259e-05,26.71257119
43343665,2017-12-25T12:59:08.503,SELL,7.258e-05,11.0
43343679,2017-12-25T12:59:16.6,SELL,7.255e-05,2749.82770503
43343680,2017-12-25T12:59:16.6,SELL,7.25e-05,100.0
43343681,2017-12-25T12:59:16.6,SELL,7.25e-05,2752.12577536
43343684,2017-12-25T12:59:18.473,BUY,7.255e-05,18.02071123
43343685,2017-12-25T12:59:18.473,BUY,7.258e-05,339.84996138
43343687,2017-12-25T12:59:19.02,SELL,7.258e-05,559.78361476
43343691,2017-12-25T12:59:20.257,SELL,7.258e-05,5000.0
43343693,2017-12-25T12:59:22.273,BUY,7.259e-05,257.44616669
43343694,2017-12-25T12:59:22.273,BUY,7.28e-05,10.0
43343703,2017-12-25T12:59:26.15,SELL,7.28e-05,134.46867006
43343706,2017-12-25T12:59:27.087,SELL,7.28e-05,598.08516325
43343715,2017-12-25T12:59:30.057,SELL,7.258e-05,9.01035561
43343727,2017-12-25T12:59:37.887,BUY,7.279e-05,452.74271332
43343728,2017-12-25T12:59:37.887,BUY,7.279e-05,115.39303312
43343730,2017-12-25T12:59:39.2,SELL,7.26e-05,16.78561674
43343731,2017-12-25T12:59:39.2,SELL,7.258e-05,4983.21438326
43343747,2017-12-25T13:00:05.33,SELL,7.26e-05,50.0
43343748,2017-12-25T13:00:05.33,SELL,7.26e-05,273.37449277
43343749,2017-12-25T13:00:05.33,SELL,7.26e-05,116.84206204
43343750,2017-12-25T13:00:05.847,SELL,7.26e-05,37.7758765
43343760,2017-12-25T13:00:17.287,SELL,7.261e-05,332.69247347
43343761,2017-12-25T13:00:17.287,SELL,7.26e-05,289.03312663
43343762,2017-12-25T13:00:17.287,SELL,7.26e-05,1468.63669938
43343763,2017-12-25T13:00:17.287,SELL,7.26e-05,1024.8397438
43343767,2017-12-25T13:00:20.96,BUY,7.26e-05,100.0
43343769,2017-12-25T13:00:22.663,BUY,7.26e-05,82.42890506
43343771,2017-12-25T13:00:22.897,BUY,7.26e-05,96.16705591
43343775,2017-12-25T13:00:24.43,BUY,7.26e-05,500.0
43343778,2017-12-25T13:00:25.697,BUY,7.26e-05,735.17715567
43343785,2017-12-25T13:00:28.68,BUY,7.26e-05,137.98685439
43343792,2017-12-25T13:00:36.2,SELL,7.258e-05,1100.65637338
43343795,2017-12-25T13:00:40.903,BUY,7.26e-05,512.00574655
43343796,2017-12-25T13:00:40.903,BUY,7.26e-05,861.9611956
43343797,2017-12-25T13:00:41.137,SELL,7.259e-05,666.0
43343800,2017-12-25T13:00:44.84,BUY,7.259e-05,31.8746119
43343801,2017-12-25T13:00:47.25,SELL,7.258e-05,334.46460038
43343802,2017-12-25T13:00:47.25,SELL,7.258e-05,575.63253927
43343803,2017-12-25T13:00:47.25,SELL,7.258e-05,20.50812173
43343814,2017-12-25T13:00:50.967,BUY,7.258e-05,3181.48346731
43343821,2017-12-25T13:00:54.047,BUY,7.259e-05,1500.0
43343829,2017-12-25T13:01:04.783,BUY,7.259e-05,2591.53990657
43343832,2017-12-25T13:01:06.677,BUY,7.259e-05,3210.58548153
43343833,2017-12-25T13:01:06.677,BUY,7.259e-05,1367.42786818
43343834,2017-12-25T13:01:09.723,SELL,7.258e-05,26.5725589
43343836,2017-12-25T13:01:10.397,BUY,7.258e-05,4727.39487369
43343838,2017-12-25T13:01:10.8,BUY,7.258e-05,480.88842975
43343840,2017-12-25T13:01:11.3,BUY,7.258e-05,35.35952338
43343844,2017-12-25T13:01:19.88,BUY,7.258e-05,2729.78461428
43343845,2017-12-25T13:01:19.88,BUY,7.258e-05,30.0
43343846,2017-12-25T13:01:19.88,BUY,7.258e-05,1300.0
43343853,2017-12-25T13:01:24.883,SELL,7.258e-05,413.33700744
43343854,2017-12-25T13:01:24.883,SELL,7.255e-05,274.31689972
43343855,2017-12-25T13:01:24.883,SELL,7.255e-05,249.72572015
43343857,2017-12-25T13:01:25.82,BUY,7.255e-05,5536.33218
43343860,2017-12-25T13:01:26.46,BUY,7.255e-05,20.0
43343866,2017-12-25T13:01:31.48,SELL,7.251e-05,1606.16797521
43343867,2017-12-25T13:01:31.48,SELL,7.25e-05,2393.83202479
43343871,2017-12-25T13:01:34.497,BUY,7.255e-05,263.22716504
43343878,2017-12-25T13:01:41.7,BUY,7.254e-05,105.29086601
43343881,2017-12-25T13:01:44.373,BUY,7.254e-05,172.3111089
43343891,2017-12-25T13:01:56.89,SELL,7.25e-05,627.22933502
43343892,2017-12-25T13:01:56.89,SELL,7.25e-05,94.63637301
43343902,2017-12-25T13:02:09.74,BUY,7.25e-05,50.43512346
43343908,2017-12-25T13:02:14.553,BUY,7.25e-05,15.69279158
43343909,2017-12-25T13:02:14.553,BUY,7.25e-05,8.45373864
43343910,2017-12-25T13:02:15.49,SELL,7.247e-05,130.26012035
43343911,2017-12-25T13:02:15.49,SELL,7.247e-05,1003.94431523
43343912,2017-12-25T13:02:15.49,SELL,7.242e-05,270.14218009
43343913,2017-12-25T13:02:15.49,SELL,7.242e-05,6000.0
43343914,2017-12-25T13:02:15.49,SELL,7.241e-05,11.93564425
43343915,2017-12-25T13:02:15.49,SELL,7.24e-05,583.71774008
43343917,2017-12-25T13:02:16.273,BUY,7.246e-05,263.26181387
43343922,2017-12-25T13:02:18.57,BUY,7.246e-05,137.85497656
43343925,2017-12-25T13:02:20.617,BUY,7.246e-05,2461.70832811
43343927,2017-12-25T13:02:22.96,SELL,7.245e-05,1000.0
43343928,2017-12-25T13:02:22.96,SELL,7.24e-05,116.28225992
43343929,2017-12-25T13:02:22.96,SELL,7.24e-05,9.89026761
43343933,2017-12-25T13:02:27.54,BUY,7.24e-05,183.39608059
43343944,2017-12-25T13:02:35.12,BUY,7.24e-05,690.03588186
43343946,2017-12-25T13:02:36.56,BUY,7.24e-05,2442.71465389
43343950,2017-12-25T13:02:40.967,BUY,7.24e-05,66.95677417
43343952,2017-12-25T13:02:43.983,BUY,7.24e-05,10.0
43343954,2017-12-25T13:02:45.013,BUY,7.24e-05,27.62430939
43343970,2017-12-25T13:02:49.843,SELL,7.236e-05,25.58233831
43343971,2017-12-25T13:02:49.843,SELL,7.236e-05,72.57129561
43343973,2017-12-25T13:02:50.14,SELL,7.235e-05,29.29079129
43343974,2017-12-25T13:02:50.14,SELL,7.233e-05,134.17059084
43343976,2017-12-25T13:02:50.343,BUY,7.236e-05,43.05921074
43343977,2017-12-25T13:02:50.343,BUY,7.24e-05,453.09977257
43343978,2017-12-25T13:02:50.343,BUY,7.24e-05,263.13020409
43343979,2017-12-25T13:02:50.343,BUY,7.24e-05,6730.18588183
43343999,2017-12-25T13:03:00.52,BUY,7.236e-05,27.01787649
43344000,2017-12-25T13:03:00.52,BUY,7.24e-05,218.1197623
43344011,2017-12-25T13:03:03.91,BUY,7.24e-05,138.12154696
43344014,2017-12-25T13:03:04.27,BUY,7.24e-05,4913.57280891
43344015,2017-12-25T13:03:04.27,BUY,7.24e-05,300.0
43344021,2017-12-25T13:03:06.583,SELL,7.24e-05,138.12154696
43344023,2017-12-25T13:03:06.957,BUY,7.24e-05,5325.49767004
43344024,2017-12-25T13:03:06.957,BUY,7.245e-05,1011.25080907
43344025,2017-12-25T13:03:06.957,BUY,7.246e-05,9740.55358517
43344026,2017-12-25T13:03:06.957,BUY,7.25e-05,1099.81609441
43344027,2017-12-25T13:03:06.957,BUY,7.25e-05,3674.0
43344028,2017-12-25T13:03:06.957,BUY,7.253e-05,1448.86197094
43344037,2017-12-25T13:03:11.16,SELL,7.245e-05,984.40110902
43344047,2017-12-25T13:03:14.537,BUY,7.24e-05,4015.59889098
43344052,2017-12-25T13:03:17.1,SELL,7.24e-05,126.6655309
43344060,2017-12-25T13:03:20.93,BUY,7.253e-05,6476.54199672
43344066,2017-12-25T13:03:25.227,SELL,7.241e-05,475.06272297
43344067,2017-12-25T13:03:25.227,SELL,7.24e-05,319.51592078
43344069,2017-12-25T13:03:25.9,BUY,7.253e-05,74.59603234
43344070,2017-12-25T13:03:25.9,BUY,7.254e-05,7722.39802509
43344074,2017-12-25T13:03:26.447,SELL,7.254e-05,1215.80014053
43344083,2017-12-25T13:03:29.26,SELL,7.254e-05,1053.77107857
43344091,2017-12-25T13:03:31.933,SELL,7.254e-05,4237.29775681
43344096,2017-12-25T13:03:33.747,BUY,7.255e-05,129.08318965
43344109,2017-12-25T13:03:38.513,BUY,7.255e-05,939.53359193
43344114,2017-12-25T13:03:40.17,BUY,7.255e-05,174.44424607
43344138,2017-12-25T13:03:49.5,SELL,7.256e-05,730.0
43344142,2017-12-25T13:03:49.97,BUY,7.265e-05,612.59559532
43344148,2017-12-25T13:03:57.643,SELL,7.256e-05,10000.0
43344154,2017-12-25T13:04:02.94,SELL,7.255e-05,719.98680242
43344155,2017-12-25T13:04:02.94,SELL,7.245e-05,138.02622498
43344156,2017-12-25T13:04:02.94,SELL,7.24e-05,641.9869726
43344158,2017-12-25T13:04:04.237,BUY,7.264e-05,56.44273127
43344162,2017-12-25T13:04:16.18,SELL,7.24e-05,68.31534362
43344173,2017-12-25T13:04:25.32,SELL,7.24e-05,176.23070311
43344175,2017-12-25T13:04:25.9,BUY,7.246e-05,54.73436084
43344188,2017-12-25T13:04:32.62,SELL,7.24e-05,465.14327107
43344189,2017-12-25T13:04:32.62,SELL,7.24e-05,246.84338876
43344190,2017-12-25T13:04:32.637,SELL,7.233e-05,558.01334017
43344200,2017-12-25T13:04:39.137,BUY,7.24e-05,9.43015849
43344202,2017-12-25T13:04:39.23,BUY,7.24e-05,1380.07176373
43344206,2017-12-25T13:04:40.53,BUY,7.24e-05,15.0
43344208,2017-12-25T13:04:41.513,BUY,7.24e-05,66.5247472
43344232,2017-12-25T13:05:01.237,SELL,7.233e-05,60.0
43344253,2017-12-25T13:05:20.663,SELL,7.234e-05,4136.71551009
43344259,2017-12-25T13:05:22.993,BUY,7.24e-05,111.33408874
43344278,2017-12-25T13:05:35.45,SELL,7.234e-05,10.0
43344283,2017-12-25T13:05:37.997,BUY,7.234e-05,58.322344
43344289,2017-12-25T13:05:39.637,BUY,7.234e-05,52.78283522
43344293,2017-12-25T13:05:40.793,BUY,7.234e-05,1206.87456112
43344295,2017-12-25T13:05:42.247,BUY,7.234e-05,2966.81905962
43344298,2017-12-25T13:05:46.75,SELL,7.233e-05,498.71027108
43344301,2017-12-25T13:05:54.283,SELL,7.233e-05,74.0
43344307,2017-12-25T13:05:58.47,SELL,7.233e-05,192.11118986
43344308,2017-12-25T13:05:58.47,SELL,7.231e-05,23.0
43344309,2017-12-25T13:05:58.47,SELL,7.23e-05,194.44932178
43344318,2017-12-25T13:06:09.943,BUY,7.233e-05,386.93635939
43344324,2017-12-25T13:06:29.947,SELL,7.23e-05,155.55067822
43344325,2017-12-25T13:06:29.947,SELL,7.23e-05,416.66306224
43344326,2017-12-25T13:06:29.947,SELL,7.23e-05,1383.12636445
43344327,2017-12-25T13:06:29.947,SELL,7.23e-05,44.65989509
43344328,2017-12-25T13:06:31.667,SELL,7.23e-05,155.34010491
43344329,2017-12-25T13:06:31.667,SELL,7.229e-05,137.3787941
43344330,2017-12-25T13:06:31.667,SELL,7.229e-05,75.0
43344331,2017-12-25T13:06:31.667,SELL,7.22e-05,432.28110099
43344344,2017-12-25T13:06:41.59,SELL,7.22e-05,100.0
43344346,2017-12-25T13:06:42.043,SELL,7.22e-05,593.05642085
43344347,2017-12-25T13:06:42.043,SELL,7.22e-05,69.07894737
43344348,2017-12-25T13:06:42.043,SELL,7.219e-05,131.55049176
43344349,2017-12-25T13:06:42.043,SELL,7.218e-05,276.39235245
43344350,2017-12-25T13:06:42.043,SELL,7.218e-05,751.78001242
43344351,2017-12-25T13:06:42.043,SELL,7.218e-05,78.0
43344352,2017-12-25T13:06:42.043,SELL,7.217e-05,113.50449806
43344353,2017-12-25T13:06:42.043,SELL,7.214e-05,130.0
43344354,2017-12-25T13:06:42.043,SELL,7.213e-05,181.27228615
43344355,2017-12-25T13:06:42.043,SELL,7.209e-05,6918.43528922
43344356,2017-12-25T13:06:42.043,SELL,7.208e-05,12270.68103083
43344361,2017-12-25T13:06:45.513,SELL,7.208e-05,1863.22633484
43344366,2017-12-25T13:06:49.86,SELL,7.208e-05,4742.54877515
43344374,2017-12-25T13:06:57.19,SELL,7.208e-05,1468.63669938
43344375,2017-12-25T13:07:02.363,SELL,7.208e-05,20.51245324
43344377,2017-12-25T13:07:04.847,SELL,7.208e-05,16.16693679
43344378,2017-12-25T13:07:06.067,SELL,7.208e-05,138.7347
43344379,2017-12-25T13:07:08.85,SELL,7.208e-05,2339.45353627
43344393,2017-12-25T13:07:23.227,SELL,7.208e-05,99.0
43344395,2017-12-25T13:07:25.057,BUY,7.21e-05,20.54923717
43344397,2017-12-25T13:07:25.93,BUY,7.21e-05,27.51031636
43344399,2017-12-25T13:07:26.68,BUY,7.21e-05,201.94044647
43344400,2017-12-25T13:07:26.68,BUY,7.21e-05,4099.41510199
43344414,2017-12-25T13:07:35.417,SELL,7.21e-05,10.85714286
43344417,2017-12-25T13:07:36.45,SELL,7.21e-05,86.23023578
43344418,2017-12-25T13:07:36.45,SELL,7.21e-05,184.51831586
43344419,2017-12-25T13:07:36.45,SELL,7.21e-05,100.0
43344420,2017-12-25T13:07:36.45,SELL,7.208e-05,1336.42010946
43344422,2017-12-25T13:07:38.403,BUY,7.231e-05,36.46783016
43344425,2017-12-25T13:07:39.7,BUY,7.21e-05,42.26636802
43344426,2017-12-25T13:07:39.7,BUY,7.21e-05,571.4766669
43344428,2017-12-25T13:07:39.717,BUY,7.21e-05,42.26636801
43344431,2017-12-25T13:07:40.043,BUY,7.21e-05,83.54258926
43344432,2017-12-25T13:07:40.043,BUY,7.231e-05,442.91174082
43344434,2017-12-25T13:07:42.577,BUY,7.231e-05,66.06765326
43344454,2017-12-25T13:08:02.83,BUY,7.231e-05,267.0204453
43344456,2017-12-25T13:08:03.377,SELL,7.21e-05,1701.65669417
43344457,2017-12-25T13:08:03.377,SELL,7.208e-05,5639.3370861
43344461,2017-12-25T13:08:04.363,BUY,7.208e-05,240.0
43344472,2017-12-25T13:08:11.223,BUY,7.208e-05,264.5852626
43344482,2017-12-25T13:08:20.243,BUY,7.208e-05,28.67139791
43344486,2017-12-25T13:08:22.413,BUY,7.208e-05,66.74438937
43344488,2017-12-25T13:08:22.96,BUY,7.208e-05,2000.0
43344500,2017-12-25T13:08:25.963,BUY,7.208e-05,150.0
43344504,2017-12-25T13:08:32.777,SELL,7.205e-05,10.0
43344505,2017-12-25T13:08:32.777,SELL,7.205e-05,640.0
43344507,2017-12-25T13:08:32.9,SELL,7.205e-05,19.53107876
43344508,2017-12-25T13:08:32.9,SELL,7.205e-05,42.4795056
43344509,2017-12-25T13:08:32.9,SELL,7.205e-05,275.81579015
43344510,2017-12-25T13:08:32.9,SELL,7.205e-05,100.74223907
43344511,2017-12-25T13:08:32.9,SELL,7.204e-05,13.88050068
43344512,2017-12-25T13:08:32.9,SELL,7.202e-05,547.55088574
43344518,2017-12-25T13:08:35.183,BUY,7.208e-05,100.05289489
43344519,2017-12-25T13:08:35.183,BUY,7.208e-05,138.7347
43344520,2017-12-25T13:08:35.183,BUY,7.208e-05,307.58143058
43344521,2017-12-25T13:08:35.183,BUY,7.208e-05,63.05099751
43344522,2017-12-25T13:08:35.183,BUY,7.208e-05,84.25367291
43344524,2017-12-25T13:08:38.2,SELL,7.202e-05,1702.44911426
43344533,2017-12-25T13:08:41.293,BUY,7.202e-05,5574.91289
43344535,2017-12-25T13:08:41.687,BUY,7.202e-05,13.3764501
43344542,2017-12-25T13:08:44.763,BUY,7.202e-05,1260.30378767
43344557,2017-12-25T13:08:51.233,SELL,7.203e-05,723.35295195
43344562,2017-12-25T13:08:54.407,SELL,7.203e-05,329.8065796
43344565,2017-12-25T13:08:55.8,BUY,7.208e-05,15.74632709
43344566,2017-12-25T13:08:55.8,BUY,7.208e-05,6.96894329
43344573,2017-12-25T13:08:56.5,BUY,7.208e-05,103.92358576
43344577,2017-12-25T13:08:58.05,BUY,7.208e-05,20.55493896
43344583,2017-12-25T13:08:58.533,BUY,7.208e-05,25.01825444
43344587,2017-12-25T13:08:59.97,SELL,7.203e-05,400.49321613
43344589,2017-12-25T13:09:00.16,BUY,7.207e-05,39.05233012
43344591,2017-12-25T13:09:00.253,BUY,7.207e-05,769.67782441
43344592,2017-12-25T13:09:00.253,BUY,7.208e-05,294.47658094
43344598,2017-12-25T13:09:01.097,SELL,7.208e-05,35.35930434
43344609,2017-12-25T13:09:04.02,SELL,7.208e-05,203.45581399
43344617,2017-12-25T13:09:09.397,SELL,7.209e-05,568.70654546
43344618,2017-12-25T13:09:09.397,SELL,7.208e-05,61.1306255
43344627,2017-12-25T13:09:13.553,BUY,7.231e-05,45.63758388
43344629,2017-12-25T13:09:13.74,BUY,7.231e-05,216.80216802
43344635,2017-12-25T13:09:17.303,SELL,7.209e-05,967.97498554
43344636,2017-12-25T13:09:17.303,SELL,7.208e-05,861.2548872
43344641,2017-12-25T13:09:18.147,BUY,7.208e-05,83.2408435
43344650,2017-12-25T13:09:20.587,BUY,7.208e-05,178.51583582
43344657,2017-12-25T13:09:21.273,BUY,7.208e-05,37.73333333
43344670,2017-12-25T13:09:33.167,BUY,7.206e-05,27.74694783
43344678,2017-12-25T13:09:49.547,SELL,7.204e-05,135.77732518
43344680,2017-12-25T13:09:53.89,BUY,7.206e-05,18.04052178
43344687,2017-12-25T13:09:59.143,BUY,7.206e-05,154.21253039
43344688,2017-12-25T13:09:59.143,BUY,7.206e-05,177.9184352
43344693,2017-12-25T13:10:00.957,BUY,7.206e-05,130.667712
43344704,2017-12-25T13:10:11.207,BUY,7.206e-05,291.79362609
43344710,2017-12-25T13:10:23.197,SELL,7.206e-05,14.38416031
43344711,2017-12-25T13:10:23.743,SELL,7.206e-05,138.8118
43344716,2017-12-25T13:10:25.227,BUY,7.208e-05,72.48892381
43344719,2017-12-25T13:10:26.65,BUY,7.208e-05,72.48892382
43344724,2017-12-25T13:10:27.87,SELL,7.206e-05,922.3855127
43344727,2017-12-25T13:10:31.37,SELL,7.206e-05,72.42962817
43344728,2017-12-25T13:10:31.37,SELL,7.206e-05,72.99319409
43344729,2017-12-25T13:10:31.4,SELL,7.206e-05,65.78055042
43344733,2017-12-25T13:10:32.853,BUY,7.206e-05,70.36873855
43344739,2017-12-25T13:10:37.683,BUY,7.206e-05,260.85071103
43344742,2017-12-25T13:10:41.543,BUY,7.208e-05,51.62047481
43344747,2017-12-25T13:10:47.293,SELL,7.206e-05,177.0
43344749,2017-12-25T13:10:47.717,SELL,7.206e-05,254.28306083
43344750,2017-12-25T13:10:47.717,SELL,7.204e-05,355.64579495
43344751,2017-12-25T13:10:47.717,SELL,7.204e-05,1250.0
43344752,2017-12-25T13:10:47.717,SELL,7.202e-05,41.6550958
43344753,2017-12-25T13:10:47.717,SELL,7.201e-05,135.24306162
43344754,2017-12-25T13:10:47.717,SELL,7.201e-05,83.11401055
43344755,2017-12-25T13:10:47.717,SELL,7.201e-05,1652.55219657
43344756,2017-12-25T13:10:47.717,SELL,7.201e-05,50.0
43344757,2017-12-25T13:10:47.717,SELL,7.2e-05,150.0
43344758,2017-12-25T13:10:47.717,SELL,7.2e-05,89.87614297
43344759,2017-12-25T13:10:47.717,SELL,7.2e-05,700.0
43344760,2017-12-25T13:10:47.717,SELL,7.2e-05,1000.0
43344761,2017-12-25T13:10:47.717,SELL,7.2e-05,30.77301354
43344762,2017-12-25T13:10:47.717,SELL,7.2e-05,50.0
43344763,2017-12-25T13:10:47.717,SELL,7.2e-05,138.54166667
43344764,2017-12-25T13:10:47.717,SELL,7.2e-05,10.0
43344765,2017-12-25T13:10:47.717,SELL,7.2e-05,277.08333333
43344766,2017-12-25T13:10:47.717,SELL,7.2e-05,138.54166667
43344767,2017-12-25T13:10:47.717,SELL,7.2e-05,69.27083333
43344768,2017-12-25T13:10:47.717,SELL,7.2e-05,232.0
43344769,2017-12-25T13:10:47.717,SELL,7.2e-05,25.0
43344770,2017-12-25T13:10:47.717,SELL,7.2e-05,100.0
43344771,2017-12-25T13:10:47.717,SELL,7.2e-05,397.55819688
43344772,2017-12-25T13:10:47.717,SELL,7.2e-05,138.8888
43344773,2017-12-25T13:10:47.717,SELL,7.2e-05,138.88888889
43344774,2017-12-25T13:10:47.717,SELL,7.2e-05,901.26743437
43344775,2017-12-25T13:10:47.717,SELL,7.2e-05,123.45503333
43344776,2017-12-25T13:10:47.717,SELL,7.2e-05,69.5893254
43344777,2017-12-25T13:10:47.717,SELL,7.199e-05,320.0
43344778,2017-12-25T13:10:47.717,SELL,7.199e-05,15.27912531
43344779,2017-12-25T13:10:47.717,SELL,7.199e-05,63.84597575
43344780,2017-12-25T13:10:47.717,SELL,7.198e-05,13.89218828
43344781,2017-12-25T13:10:47.717,SELL,7.198e-05,25.0
43344782,2017-12-25T13:10:47.733,SELL,7.194e-05,20.84975251
43344783,2017-12-25T13:10:47.733,SELL,7.192e-05,30.3794723
43344784,2017-12-25T13:10:47.733,SELL,7.191e-05,35.51868002
43344785,2017-12-25T13:10:47.733,SELL,7.191e-05,90.23875642
43344786,2017-12-25T13:10:47.733,SELL,7.19e-05,142.28101512
43344787,2017-12-25T13:10:47.733,SELL,7.188e-05,1010.0
43344788,2017-12-25T13:10:47.733,SELL,7.181e-05,323.35833841
43344789,2017-12-25T13:10:47.733,SELL,7.176e-05,69.51219512
43344790,2017-12-25T13:10:47.733,SELL,7.175e-05,1154.9784878
43344791,2017-12-25T13:10:47.733,SELL,7.175e-05,500.0
43344792,2017-12-25T13:10:47.733,SELL,7.174e-05,752.0
43344793,2017-12-25T13:10:47.733,SELL,7.172e-05,31.08494841
43344794,2017-12-25T13:10:47.733,SELL,7.17e-05,1798.55350885
43344796,2017-12-25T13:10:47.793,BUY,7.208e-05,22.52968863
43344801,2017-12-25T13:10:49.547,SELL,7.189e-05,75.45385779
43344802,2017-12-25T13:10:49.577,SELL,7.189e-05,800.0
43344804,2017-12-25T13:10:49.64,SELL,7.189e-05,126.23011785
43344805,2017-12-25T13:10:49.64,SELL,7.17e-05,23.76988215
43344806,2017-12-25T13:10:49.653,SELL,7.17e-05,20.0
43344812,2017-12-25T13:10:51.407,BUY,7.18e-05,161.24942267
43344815,2017-12-25T13:10:53.72,SELL,7.17e-05,1219.56895488
43344816,2017-12-25T13:10:53.72,SELL,7.17e-05,441.00003661
43344817,2017-12-25T13:10:53.72,SELL,7.17e-05,417.36401674
43344818,2017-12-25T13:10:53.72,SELL,7.169e-05,15.16789284
43344819,2017-12-25T13:10:53.72,SELL,7.169e-05,19.90156844
43344820,2017-12-25T13:10:53.72,SELL,7.168e-05,250.0
43344821,2017-12-25T13:10:53.72,SELL,7.167e-05,55.0
43344822,2017-12-25T13:10:53.72,SELL,7.164e-05,27.91194097
43344823,2017-12-25T13:10:53.72,SELL,7.16e-05,1000.0
43344824,2017-12-25T13:10:53.733,SELL,7.159e-05,48.90383734
43344825,2017-12-25T13:10:53.733,SELL,7.159e-05,212.0195558
43344826,2017-12-25T13:10:53.733,SELL,7.158e-05,696.77719643
43344827,2017-12-25T13:10:53.733,SELL,7.157e-05,3293.211738
43344828,2017-12-25T13:10:53.733,SELL,7.157e-05,10.0
43344829,2017-12-25T13:10:53.733,SELL,7.156e-05,68.44621441
43344830,2017-12-25T13:10:53.733,SELL,7.156e-05,37.72683258
43344831,2017-12-25T13:10:53.733,SELL,7.155e-05,109.54340505
43344832,2017-12-25T13:10:53.733,SELL,7.155e-05,18.16728435
43344833,2017-12-25T13:10:53.733,SELL,7.155e-05,365.43353524
43344834,2017-12-25T13:10:53.733,SELL,7.154e-05,288.98051502
43344835,2017-12-25T13:10:53.733,SELL,7.154e-05,41.25046669
43344836,2017-12-25T13:10:53.733,SELL,7.153e-05,6363.62500861
43344839,2017-12-25T13:10:54.22,BUY,7.18e-05,80.16510031
43344840,2017-12-25T13:10:54.343,SELL,7.18e-05,440.53263465
43344842,2017-12-25T13:10:54.623,BUY,7.162e-05,168.50469101
43344844,2017-12-25T13:10:55.203,BUY,7.162e-05,434.46694508
43344851,2017-12-25T13:10:56.593,BUY,7.164e-05,53.15343804
43344853,2017-12-25T13:10:56.877,BUY,7.164e-05,171.58676009
43344857,2017-12-25T13:10:57.047,BUY,7.164e-05,365.40919154
43344863,2017-12-25T13:10:57.673,SELL,7.169e-05,20.69520714
43344864,2017-12-25T13:10:57.673,SELL,7.169e-05,13.89990515
43344866,2017-12-25T13:10:57.673,BUY,7.195e-05,50.0
43344867,2017-12-25T13:10:57.673,BUY,7.2e-05,463.86152073
43344868,2017-12-25T13:10:57.673,BUY,7.2e-05,178.27003631
43344876,2017-12-25T13:10:59.11,BUY,7.2e-05,912.22908003
43344877,2017-12-25T13:10:59.11,BUY,7.2e-05,83.40011193
43344901,2017-12-25T13:11:06.58,SELL,7.172e-05,38.33475684
43344902,2017-12-25T13:11:06.58,SELL,7.171e-05,37.83850911
43344903,2017-12-25T13:11:06.597,SELL,7.169e-05,127.34278411
43344908,2017-12-25T13:11:08.973,SELL,7.171e-05,699.96488218
43344909,2017-12-25T13:11:08.973,SELL,7.169e-05,32.22771542
43344910,2017-12-25T13:11:08.973,SELL,7.169e-05,14.00498823
43344911,2017-12-25T13:11:08.973,SELL,7.154e-05,1397.81940173
43344912,2017-12-25T13:11:08.973,SELL,7.153e-05,20855.98301244
43344922,2017-12-25T13:11:13.567,BUY,7.168e-05,67.7506775
43344924,2017-12-25T13:11:13.677,BUY,7.168e-05,132.66118332
43344926,2017-12-25T13:11:13.85,BUY,7.168e-05,126.69387048
43344928,2017-12-25T13:11:14.13,BUY,7.168e-05,52.74261603
43344930,2017-12-25T13:11:14.177,BUY,7.168e-05,32.13281563
43344932,2017-12-25T13:11:14.3,BUY,7.168e-05,17.81065899
43344934,2017-12-25T13:11:14.3,BUY,7.168e-05,63.32435051
43344937,2017-12-25T13:11:14.693,BUY,7.168e-05,63.41656756
43344939,2017-12-25T13:11:14.787,BUY,7.168e-05,111.11111111
43344941,2017-12-25T13:11:14.91,BUY,7.168e-05,135.50135501
43344945,2017-12-25T13:11:16.49,BUY,7.168e-05,694.44444444
43344954,2017-12-25T13:11:18.63,BUY,7.168e-05,230.20634974
43344955,2017-12-25T13:11:18.63,BUY,7.171e-05,361.94283275
43344980,2017-12-25T13:11:26.257,BUY,7.171e-05,15.55597613
43344985,2017-12-25T13:11:30.103,BUY,7.171e-05,296.46213523
43344987,2017-12-25T13:11:30.523,BUY,7.171e-05,326.80594051
43345016,2017-12-25T13:11:44.95,BUY,7.199e-05,23.19766634
43345018,2017-12-25T13:11:45.45,BUY,7.199e-05,28.50663396
43345019,2017-12-25T13:11:45.45,BUY,7.199e-05,107.01308415
43345022,2017-12-25T13:11:45.95,BUY,7.199e-05,269.17900402
43345024,2017-12-25T13:11:46.17,BUY,7.199e-05,278.98407684
43345026,2017-12-25T13:11:47.28,BUY,7.199e-05,394.84074756
43345031,2017-12-25T13:11:48.403,BUY,7.198e-05,40.87750374
43345034,2017-12-25T13:11:48.733,BUY,7.198e-05,397.53840648
43345036,2017-12-25T13:11:48.747,BUY,7.198e-05,16.34877384
43345040,2017-12-25T13:11:50.827,BUY,7.198e-05,134.68013468
43345042,2017-12-25T13:11:51.233,BUY,7.198e-05,149.07168993
43345047,2017-12-25T13:11:55.17,BUY,7.198e-05,659.30289306
43345048,2017-12-25T13:11:55.17,BUY,7.198e-05,30.443058
43345051,2017-12-25T13:11:56.47,BUY,7.199e-05,84.3214756
43345052,2017-12-25T13:11:57.233,SELL,7.198e-05,47.02489927
43345057,2017-12-25T13:11:59.53,SELL,7.198e-05,179.60074515
43345060,2017-12-25T13:12:01.61,SELL,7.198e-05,151.46908345
43345064,2017-12-25T13:12:02.343,BUY,7.198e-05,41.0
43345072,2017-12-25T13:12:08.097,BUY,7.198e-05,135.50135501
43345075,2017-12-25T13:12:10.503,BUY,7.198e-05,400.0
43345078,2017-12-25T13:12:15.16,BUY,7.198e-05,160.93991462
43345082,2017-12-25T13:12:19.723,BUY,7.198e-05,205.50760378
43345087,2017-12-25T13:12:22.663,BUY,7.198e-05,138.92747985
43345090,2017-12-25T13:12:23.96,BUY,7.198e-05,1366.63597527
43345095,2017-12-25T13:12:29.803,BUY,7.198e-05,51.62004685
43345101,2017-12-25T13:12:32.447,BUY,7.198e-05,222.13194438
43345108,2017-12-25T13:12:34.603,BUY,7.198e-05,128.11272573
43345125,2017-12-25T13:12:45.37,BUY,7.19e-05,155.40656432
43345133,2017-12-25T13:12:50.98,BUY,7.19e-05,1277.3863777
43345135,2017-12-25T13:12:52.14,SELL,7.19e-05,1610.93010508
43345136,2017-12-25T13:12:52.14,SELL,7.173e-05,72.23180025
43345137,2017-12-25T13:12:52.14,SELL,7.172e-05,5827.87074728
43345152,2017-12-25T13:12:58.437,BUY,7.19e-05,100.40160642
43345160,2017-12-25T13:13:02.813,BUY,7.19e-05,39.7825222
43345162,2017-12-25T13:13:02.89,BUY,7.19e-05,41.71920679
43345169,2017-12-25T13:13:07.847,BUY,7.19e-05,63.90037256
43345174,2017-12-25T13:13:11.923,BUY,7.19e-05,0.25097206
43345175,2017-12-25T13:13:11.923,BUY,7.197e-05,160.35608997
43345177,2017-12-25T13:13:13.113,BUY,7.19e-05,35.56429502
43345178,2017-12-25T13:13:13.113,BUY,7.197e-05,172.30594671
43345180,2017-12-25T13:13:15.253,BUY,7.19e-05,82.010582
43345182,2017-12-25T13:13:15.94,BUY,7.19e-05,164.29353778
43345184,2017-12-25T13:13:17.067,BUY,7.19e-05,39.7810247
43345185,2017-12-25T13:13:17.067,BUY,7.196e-05,296.46213523
43345189,2017-12-25T13:13:19.96,SELL,7.197e-05,1076.7207482
43345190,2017-12-25T13:13:21.363,SELL,7.19e-05,95.00514638
43345193,2017-12-25T13:13:23.583,BUY,7.19e-05,151.35614096
43345200,2017-12-25T13:13:27.977,BUY,7.196e-05,195.83825436
43345201,2017-12-25T13:13:27.977,BUY,7.198e-05,157.45091613
43345202,2017-12-25T13:13:27.977,BUY,7.198e-05,8457.01830895
43345209,2017-12-25T13:13:34.993,BUY,7.199e-05,64.89237012
43345212,2017-12-25T13:13:36.37,SELL,7.198e-05,50.34985194
43345213,2017-12-25T13:13:36.37,SELL,7.19e-05,278.29823492
43345214,2017-12-25T13:13:36.37,SELL,7.19e-05,350.0
43345215,2017-12-25T13:13:36.37,SELL,7.172e-05,571.35191314
43345217,2017-12-25T13:13:36.587,BUY,7.199e-05,80.0
43345221,2017-12-25T13:13:38.823,SELL,7.196e-05,315.40933366
43345222,2017-12-25T13:13:38.823,SELL,7.172e-05,511.80999219
43345223,2017-12-25T13:13:38.823,SELL,7.171e-05,46.64186695
43345224,2017-12-25T13:13:38.823,SELL,7.171e-05,308.8191257
43345225,2017-12-25T13:13:38.837,SELL,7.171e-05,13.94555647
43345227,2017-12-25T13:13:39.213,BUY,7.171e-05,201.13275146
43345229,2017-12-25T13:13:39.463,BUY,7.171e-05,1510.56284005
43345237,2017-12-25T13:13:41.84,BUY,7.172e-05,18690.92823958
43345251,2017-12-25T13:13:47.403,BUY,7.171e-05,3356.02322952
43345254,2017-12-25T13:13:49.107,BUY,7.171e-05,191.17847876
43345256,2017-12-25T13:13:49.59,BUY,7.171e-05,399.59909328
43345258,2017-12-25T13:13:50.323,BUY,7.171e-05,399.59909328
43345260,2017-12-25T13:13:51.73,BUY,7.171e-05,21.09297199
43345261,2017-12-25T13:13:52.327,SELL,7.171e-05,547.95616642
43345262,2017-12-25T13:13:52.327,SELL,7.168e-05,924.65079418
43345273,2017-12-25T13:13:58.983,BUY,7.168e-05,253.00486508
43345281,2017-12-25T13:14:02.203,BUY,7.168e-05,5653.71025
43345283,2017-12-25T13:14:03.86,BUY,7.168e-05,33.77465549
43345285,2017-12-25T13:14:04.173,BUY,7.168e-05,138.92747986
43345287,2017-12-25T13:14:04.86,BUY,7.168e-05,5653.71025
43345290,2017-12-25T13:14:08.14,BUY,7.168e-05,182.44295789
43345292,2017-12-25T13:14:08.703,SELL,7.16e-05,400.0
43345294,2017-12-25T13:14:08.953,BUY,7.168e-05,56.37876674
43345300,2017-12-25T13:14:14.457,SELL,7.16e-05,140.01396648
43345301,2017-12-25T13:14:17.863,SELL,7.16e-05,1000.0
43345304,2017-12-25T13:14:19.833,SELL,7.16e-05,41.95314022
43345307,2017-12-25T13:14:21.833,BUY,7.168e-05,5246.37205392
43345308,2017-12-25T13:14:21.833,BUY,7.168e-05,953.84313608
43345317,2017-12-25T13:14:26.6,SELL,7.16e-05,436.37855457
43345323,2017-12-25T13:14:28.177,BUY,7.16e-05,536.41336602
43345326,2017-12-25T13:14:29.32,BUY,7.16e-05,204.83408438
43345330,2017-12-25T13:14:30.053,SELL,7.156e-05,600.0
43345331,2017-12-25T13:14:30.053,SELL,7.153e-05,670.78761714
43345332,2017-12-25T13:14:30.053,SELL,7.15e-05,69.75524476
43345333,2017-12-25T13:14:30.053,SELL,7.15e-05,4534.42299705
43345334,2017-12-25T13:14:30.257,SELL,7.15e-05,2695.94594595
43345336,2017-12-25T13:14:30.63,BUY,7.151e-05,1100.78313254
43345341,2017-12-25T13:14:31.68,BUY,7.16e-05,81.68730163
43345346,2017-12-25T13:14:32.397,BUY,7.16e-05,139.26370233
43345347,2017-12-25T13:14:32.397,BUY,7.168e-05,31.15686392
43345348,2017-12-25T13:14:32.397,BUY,7.168e-05,102.77868648
43345359,2017-12-25T13:14:36.57,SELL,7.15e-05,10.0
43345363,2017-12-25T13:14:40.633,SELL,7.151e-05,873.93587738
43345364,2017-12-25T13:14:40.633,SELL,7.15e-05,3706.2921327
43345367,2017-12-25T13:14:41.103,SELL,7.15e-05,1644.04350853
43345376,2017-12-25T13:14:43.417,BUY,7.15e-05,84.16394687
43345380,2017-12-25T13:14:43.87,BUY,7.15e-05,84.15984528
43345382,2017-12-25T13:14:44.073,BUY,7.15e-05,1043.69604492
43345384,2017-12-25T13:14:44.323,BUY,7.15e-05,24695.113903
43345389,2017-12-25T13:14:44.493,BUY,7.15e-05,52.6939797
43345391,2017-12-25T13:14:44.743,BUY,7.15e-05,26.34698985
43345393,2017-12-25T13:14:44.917,BUY,7.15e-05,1043.69604492
43345398,2017-12-25T13:14:45.917,BUY,7.15e-05,24.20981842
43345401,2017-12-25T13:14:45.98,BUY,7.15e-05,1043.69604492
43345403,2017-12-25T13:14:46.527,BUY,7.15e-05,426.31823274
43345416,2017-12-25T13:14:47.917,BUY,7.16e-05,79.52345158
43345419,2017-12-25T13:14:48.59,BUY,7.16e-05,420.47654842
43345421,2017-12-25T13:14:48.73,BUY,7.168e-05,16.35100149
43345429,2017-12-25T13:14:54.887,BUY,7.168e-05,29.17914614
43345431,2017-12-25T13:14:57.543,BUY,7.16e-05,999.80244625
43345438,2017-12-25T13:15:01.31,BUY,7.168e-05,158.20698746
43345442,2017-12-25T13:15:03.873,SELL,7.165e-05,47.02489927
43345444,2017-12-25T13:15:04.86,BUY,7.168e-05,16.205453
43345446,2017-12-25T13:15:06.937,SELL,7.165e-05,177.17100479
43345447,2017-12-25T13:15:06.937,SELL,7.15e-05,13.98651398
43345448,2017-12-25T13:15:06.937,SELL,7.15e-05,559.44055944
43345449,2017-12-25T13:15:06.937,SELL,7.15e-05,365.09886123
43345451,2017-12-25T13:15:07.313,BUY,7.15e-05,463.13534701
43345455,2017-12-25T13:15:09.297,BUY,7.15e-05,261.16430198
43345456,2017-12-25T13:15:09.297,BUY,7.168e-05,1133.92498373
43345466,2017-12-25T13:15:12.313,BUY,7.168e-05,253.70375051
43345467,2017-12-25T13:15:12.313,BUY,7.168e-05,421.33483469
43345471,2017-12-25T13:15:13.097,BUY,7.168e-05,46.42905912
43345473,2017-12-25T13:15:16.377,BUY,7.168e-05,13.95139285
43345475,2017-12-25T13:15:16.707,BUY,7.168e-05,23.29799107
43345481,2017-12-25T13:15:18.207,BUY,7.168e-05,541.59730517
43345482,2017-12-25T13:15:18.207,BUY,7.168e-05,461.63084466
43345483,2017-12-25T13:15:18.22,BUY,7.168e-05,526.38889953
43345484,2017-12-25T13:15:18.22,BUY,7.168e-05,29.41505064
43345497,2017-12-25T13:15:22.88,BUY,7.168e-05,18.42347677
43345500,2017-12-25T13:15:23.753,BUY,7.168e-05,13.95139285
43345502,2017-12-25T13:15:23.833,BUY,7.168e-05,13.95139285
43345506,2017-12-25T13:15:24.05,BUY,7.168e-05,33.07315782
43345508,2017-12-25T13:15:25.003,BUY,7.168e-05,56.68257148
43345509,2017-12-25T13:15:25.003,BUY,7.168e-05,267.04423466
43345519,2017-12-25T13:15:33.663,BUY,7.168e-05,13.95139285
43345524,2017-12-25T13:15:35.193,SELL,7.15e-05,100.0
43345525,2017-12-25T13:15:35.193,SELL,7.149e-05,38.90975556
43345526,2017-12-25T13:15:35.193,SELL,7.148e-05,29.703814
43345527,2017-12-25T13:15:35.193,SELL,7.148e-05,1111.7129127
43345528,2017-12-25T13:15:35.193,SELL,7.145e-05,26.98150245
43345529,2017-12-25T13:15:35.193,SELL,7.145e-05,1770.07628655
43345546,2017-12-25T13:15:46.087,BUY,7.168e-05,8.5332264
43345548,2017-12-25T13:15:46.167,BUY,7.168e-05,17.0
43345555,2017-12-25T13:15:51.387,BUY,7.167e-05,56.38663318
43345556,2017-12-25T13:15:55.23,SELL,7.15e-05,500.0
43345559,2017-12-25T13:15:57.403,BUY,7.15e-05,0.53386523
43345560,2017-12-25T13:15:57.403,BUY,7.167e-05,817.5492442
43345561,2017-12-25T13:15:57.403,BUY,7.168e-05,32.31151267
43345562,2017-12-25T13:15:57.403,BUY,7.168e-05,322.56157556
43345563,2017-12-25T13:15:57.403,BUY,7.168e-05,519.18486626
43345564,2017-12-25T13:15:57.403,BUY,7.175e-05,129.04401407
43345565,2017-12-25T13:15:57.403,BUY,7.198e-05,220.45736313
43345566,2017-12-25T13:15:57.403,BUY,7.2e-05,16.59988807
43345567,2017-12-25T13:15:57.403,BUY,7.2e-05,1224.43842009
43345574,2017-12-25T13:16:02.53,BUY,7.167e-05,527.00922264
43345580,2017-12-25T13:16:07.953,BUY,7.167e-05,50.0
43345582,2017-12-25T13:16:08.513,BUY,7.167e-05,29.72651604
43345584,2017-12-25T13:16:08.623,BUY,7.167e-05,395.10505005
43345588,2017-12-25T13:16:14.19,BUY,7.167e-05,140.40077704
43345593,2017-12-25T13:16:20.97,BUY,7.166e-05,600.0
43345594,2017-12-25T13:16:20.97,BUY,7.167e-05,819.11608476
43345603,2017-12-25T13:16:28.19,SELL,7.15e-05,50.0
43345610,2017-12-25T13:16:31.88,BUY,7.15e-05,51.62550579
43345614,2017-12-25T13:16:33.927,BUY,7.15e-05,24.23391488
43345617,2017-12-25T13:16:36.287,BUY,7.166e-05,5653.71025
43345625,2017-12-25T13:16:39.337,BUY,7.166e-05,33.83658945
43345628,2017-12-25T13:16:39.947,BUY,7.166e-05,1957.90750488
43345635,2017-12-25T13:16:42.32,BUY,7.167e-05,3259.41159118
43345636,2017-12-25T13:16:42.32,BUY,7.167e-05,1082.41662959
43345647,2017-12-25T13:16:48.463,BUY,7.166e-05,96.13259669
43345662,2017-12-25T13:16:53.667,BUY,7.167e-05,32.52914068
43345671,2017-12-25T13:16:56.37,BUY,7.167e-05,160.23391488
43345677,2017-12-25T13:17:00.67,BUY,7.167e-05,81.41112618
43345683,2017-12-25T13:17:04.763,BUY,7.167e-05,643.7653266
43345684,2017-12-25T13:17:04.763,BUY,7.167e-05,699.60874902
43345686,2017-12-25T13:17:06.093,BUY,7.167e-05,995.6958184
43345691,2017-12-25T13:17:08.14,SELL,7.167e-05,797.3903235
43345702,2017-12-25T13:17:16.627,BUY,7.15e-05,90.0
43345707,2017-12-25T13:17:21.423,BUY,7.15e-05,1610.0
43345721,2017-12-25T13:17:25.44,SELL,7.15e-05,8.45625636
43345728,2017-12-25T13:17:31.833,SELL,7.151e-05,246.0
43345732,2017-12-25T13:17:35.367,BUY,7.162e-05,123.64760428
43345733,2017-12-25T13:17:35.723,SELL,7.151e-05,1288.45255544
43345735,2017-12-25T13:17:37.053,BUY,7.162e-05,37.48828488
43345738,2017-12-25T13:17:40.117,SELL,7.151e-05,200.0
43345740,2017-12-25T13:17:41.35,BUY,7.162e-05,132.27513226
43345745,2017-12-25T13:17:45.29,SELL,7.151e-05,1078.06916843
43345746,2017-12-25T13:17:45.29,SELL,7.15e-05,41.95804195
43345749,2017-12-25T13:17:47.82,BUY,7.15e-05,1797.77804129
43345761,2017-12-25T13:17:54.637,BUY,7.162e-05,513.06007296
43345762,2017-12-25T13:17:54.637,BUY,7.162e-05,196.43469704
43345764,2017-12-25T13:17:56.323,SELL,7.147e-05,27.84385056
43345766,2017-12-25T13:17:56.37,BUY,7.162e-05,3.56530296
43345767,2017-12-25T13:17:56.387,BUY,7.167e-05,136.94860502
43345768,2017-12-25T13:17:56.387,BUY,7.2e-05,57.67860633
43345769,2017-12-25T13:17:56.387,BUY,7.2e-05,10.0
43345770,2017-12-25T13:17:56.387,BUY,7.2e-05,1061.02507162
43345771,2017-12-25T13:17:56.387,BUY,7.201e-05,80.31400966
43345772,2017-12-25T13:17:56.387,BUY,7.202e-05,162.87172805
43345773,2017-12-25T13:17:56.387,BUY,7.207e-05,1747.5426686
43345793,2017-12-25T13:18:09.623,BUY,7.207e-05,20.13422818
43345795,2017-12-25T13:18:13.453,SELL,7.167e-05,88.87250596
43345800,2017-12-25T13:18:16.47,BUY,7.207e-05,20.81309837
43345803,2017-12-25T13:18:17.173,BUY,7.207e-05,16.34877384
43345832,2017-12-25T13:18:43.24,BUY,7.207e-05,208.13098376
43345838,2017-12-25T13:18:45.93,SELL,7.17e-05,64.28350323
43345839,2017-12-25T13:18:45.93,SELL,7.169e-05,526.49156477
43345842,2017-12-25T13:18:48.71,BUY,7.207e-05,11.21465242
43345846,2017-12-25T13:18:53.68,SELL,7.169e-05,1248.130019
43345855,2017-12-25T13:19:01.823,BUY,7.207e-05,27.75079783
43345856,2017-12-25T13:19:02.7,SELL,7.17e-05,150.071387
43345858,2017-12-25T13:19:03.37,SELL,7.17e-05,222.31185031
43345859,2017-12-25T13:19:03.543,SELL,7.17e-05,205.01344679
43345860,2017-12-25T13:19:03.543,SELL,7.169e-05,1315.98655321
43345872,2017-12-25T13:19:15.437,SELL,7.169e-05,373.04455998
43345873,2017-12-25T13:19:15.437,SELL,7.169e-05,1557.39773302
43345882,2017-12-25T13:19:19.97,BUY,7.17e-05,100.86955183
43345887,2017-12-25T13:19:21.78,SELL,7.169e-05,102.5
43345897,2017-12-25T13:19:32.033,SELL,7.169e-05,80.457539
43345898,2017-12-25T13:19:32.8,SELL,7.169e-05,1922.24997426
43345899,2017-12-25T13:19:32.8,SELL,7.169e-05,604.86265157
43345901,2017-12-25T13:19:33.923,BUY,7.169e-05,40.26845636
43345907,2017-12-25T13:19:39.347,BUY,7.169e-05,82.25594503
43345915,2017-12-25T13:19:46.757,BUY,7.2e-05,11.22555556
43345919,2017-12-25T13:19:52.24,SELL,7.169e-05,16.60862461
43345925,2017-12-25T13:20:00.023,BUY,7.169e-05,113.85296158
43345927,2017-12-25T13:20:00.477,BUY,7.199e-05,10.64254356
43345929,2017-12-25T13:20:01.133,BUY,7.199e-05,694.44444444
43345944,2017-12-25T13:20:08.76,SELL,7.175e-05,3078.22986088
43345945,2017-12-25T13:20:08.76,SELL,7.169e-05,59.38683612
43345946,2017-12-25T13:20:08.76,SELL,7.169e-05,128.35010183
43345948,2017-12-25T13:20:09.62,BUY,7.16e-05,4734.03320117
43345955,2017-12-25T13:20:13.543,BUY,7.169e-05,68.70128152
43345957,2017-12-25T13:20:14.06,BUY,7.169e-05,250.39254745
43345958,2017-12-25T13:20:14.06,BUY,7.199e-05,449.05638291
43345962,2017-12-25T13:20:15.187,BUY,7.199e-05,279.92
43345964,2017-12-25T13:20:16.14,BUY,7.198e-05,3277.39963074
43345973,2017-12-25T13:20:34.627,BUY,7.191e-05,14.90514905
43345975,2017-12-25T13:20:39.643,BUY,7.19e-05,500.0
43345976,2017-12-25T13:20:39.643,BUY,7.191e-05,909.78894802
43345981,2017-12-25T13:20:43.457,BUY,7.19e-05,13.55197181
43345997,2017-12-25T13:20:55.743,BUY,7.184e-05,9.83262062
43346005,2017-12-25T13:20:59.023,BUY,7.182e-05,531.21590951
43346007,2017-12-25T13:20:59.667,BUY,7.182e-05,60.40268456
43346008,2017-12-25T13:21:02.883,SELL,7.17e-05,73.1514207
43346009,2017-12-25T13:21:02.883,SELL,7.169e-05,253.48699372
43346010,2017-12-25T13:21:02.883,SELL,7.158e-05,128.50484912
43346011,2017-12-25T13:21:02.883,SELL,7.158e-05,9.57921012
43346012,2017-12-25T13:21:02.9,SELL,7.158e-05,256.79036134
43346014,2017-12-25T13:21:04.98,BUY,7.179e-05,201.34228187
43346019,2017-12-25T13:21:09.747,SELL,7.171e-05,1203.757572
43346021,2017-12-25T13:21:10.213,BUY,7.179e-05,200.85698981
43346025,2017-12-25T13:21:16.247,BUY,7.178e-05,231.92259087
43346026,2017-12-25T13:21:16.827,SELL,7.171e-05,1.7e-07
43346027,2017-12-25T13:21:16.827,SELL,7.159e-05,1801.25841284
43346029,2017-12-25T13:21:17.247,BUY,7.159e-05,1286.96917618
43346032,2017-12-25T13:21:18.233,BUY,7.177e-05,275.06775067
43346036,2017-12-25T13:21:19.733,SELL,7.171e-05,172.86310678
43346042,2017-12-25T13:21:24.67,BUY,7.171e-05,20.0
43346043,2017-12-25T13:21:24.767,SELL,7.158e-05,259.648239
43346053,2017-12-25T13:21:30.267,BUY,7.171e-05,2360.79825503
43346054,2017-12-25T13:21:30.267,BUY,7.171e-05,50.0
43346055,2017-12-25T13:21:30.267,BUY,7.171e-05,1411.22283307
43346063,2017-12-25T13:21:45.3,BUY,7.178e-05,29.10437888
43346065,2017-12-25T13:21:49.007,SELL,7.158e-05,1972.0624159
43346066,2017-12-25T13:21:49.007,SELL,7.158e-05,13258.0524471
43346068,2017-12-25T13:21:49.147,BUY,7.171e-05,218.74306007
43346069,2017-12-25T13:21:49.91,SELL,7.158e-05,743.31714427
43346070,2017-12-25T13:21:49.91,SELL,7.158e-05,2393.53843593
43346072,2017-12-25T13:21:50.427,BUY,7.171e-05,1408.25693993
43346073,2017-12-25T13:21:50.427,BUY,7.178e-05,234.65413576
43346087,2017-12-25T13:22:00.35,BUY,7.178e-05,1512.27595684
43346104,2017-12-25T13:22:08.603,BUY,7.178e-05,13.92951664
43346113,2017-12-25T13:22:12.887,BUY,7.178e-05,236.16842541
43346118,2017-12-25T13:22:14.997,BUY,7.178e-05,105.61268045
43346125,2017-12-25T13:22:16.917,SELL,7.172e-05,13.93545683
43346126,2017-12-25T13:22:16.917,SELL,7.171e-05,91.32111804
43346127,2017-12-25T13:22:16.917,SELL,7.158e-05,4700.46110514
43346128,2017-12-25T13:22:16.917,SELL,7.158e-05,139.35456832
43346129,2017-12-25T13:22:16.917,SELL,7.158e-05,54.92775167
43346132,2017-12-25T13:22:17.293,SELL,7.158e-05,145.07224833
43346133,2017-12-25T13:22:17.293,SELL,7.15e-05,150.0
43346134,2017-12-25T13:22:17.293,SELL,7.148e-05,788.3051811
43346135,2017-12-25T13:22:17.293,SELL,7.148e-05,1000.89285521
43346136,2017-12-25T13:22:17.293,SELL,7.147e-05,754.5041598
43346141,2017-12-25T13:22:19.653,BUY,7.177e-05,859.41114726
43346154,2017-12-25T13:22:31.093,BUY,7.171e-05,176.85565287
43346155,2017-12-25T13:22:31.093,BUY,7.176e-05,1530.32835417
43346172,2017-12-25T13:22:50.643,BUY,7.176e-05,13.93339835
43346173,2017-12-25T13:22:50.66,SELL,7.171e-05,16.27395307
43346176,2017-12-25T13:22:53.223,BUY,7.171e-05,100.0
43346181,2017-12-25T13:22:59.943,SELL,7.145e-05,229.99323654
43346182,2017-12-25T13:22:59.943,SELL,7.145e-05,35.26220385
43346184,2017-12-25T13:23:01.663,BUY,7.171e-05,26.46754288
43346190,2017-12-25T13:23:10.18,BUY,7.171e-05,40.0
43346195,2017-12-25T13:23:13.93,BUY,7.171e-05,954.8948846
43346198,2017-12-25T13:23:17.383,SELL,7.145e-05,40.0
43346199,2017-12-25T13:23:18.417,SELL,7.145e-05,2397.55714306
43346207,2017-12-25T13:23:33.95,BUY,7.169e-05,28.07819526
43346208,2017-12-25T13:23:34.17,SELL,7.147e-05,558.2761998
43346210,2017-12-25T13:23:34.81,BUY,7.145e-05,292.88275767
43346212,2017-12-25T13:23:35.857,BUY,7.145e-05,13.0
43346214,2017-12-25T13:23:36.873,BUY,7.145e-05,625.44430563
43346222,2017-12-25T13:23:44.313,BUY,7.145e-05,1354.92624602
43346243,2017-12-25T13:23:55.707,BUY,7.169e-05,50.0
43346254,2017-12-25T13:24:08.21,SELL,7.169e-05,570.47705398
43346256,2017-12-25T13:24:08.443,BUY,7.171e-05,13.9431121
43346258,2017-12-25T13:24:08.913,BUY,7.171e-05,64.0568879
43346259,2017-12-25T13:24:08.913,BUY,7.175e-05,550.31185922
43346268,2017-12-25T13:24:13.803,SELL,7.169e-05,139.48946854
43346269,2017-12-25T13:24:13.803,SELL,7.169e-05,666.90818105
43346273,2017-12-25T13:24:16.43,SELL,7.145e-05,97.85598983
43346274,2017-12-25T13:24:16.43,SELL,7.145e-05,52.14401017
43346277,2017-12-25T13:24:18.43,BUY,7.173e-05,13.93534002
43346286,2017-12-25T13:24:24.37,BUY,7.174e-05,149.0
43346294,2017-12-25T13:24:31.34,SELL,7.15e-05,175.81096251
43346296,2017-12-25T13:24:32.823,BUY,7.15e-05,24.18903749
43346297,2017-12-25T13:24:32.823,BUY,7.174e-05,671.02980834
43346299,2017-12-25T13:24:33.887,BUY,7.174e-05,9.03658537
43346303,2017-12-25T13:24:34.527,BUY,7.174e-05,46.2351387
43346305,2017-12-25T13:24:36.293,SELL,7.145e-05,947.85598983
43346306,2017-12-25T13:24:36.293,SELL,7.145e-05,381.44610482
43346307,2017-12-25T13:24:36.293,SELL,7.144e-05,121.38913774
43346308,2017-12-25T13:24:36.293,SELL,7.143e-05,75.24529189
43346309,2017-12-25T13:24:36.293,SELL,7.142e-05,72.72870749
43346310,2017-12-25T13:24:36.293,SELL,7.142e-05,30.60950679
43346311,2017-12-25T13:24:36.293,SELL,7.142e-05,2384.81131721
43346313,2017-12-25T13:24:36.45,BUY,7.174e-05,695.35165905
43346314,2017-12-25T13:24:36.45,BUY,7.175e-05,604.86265157
43346315,2017-12-25T13:24:36.45,BUY,7.175e-05,3216.2770394
43346327,2017-12-25T13:24:51.657,SELL,7.175e-05,50.0
43346328,2017-12-25T13:24:51.657,SELL,7.175e-05,1891.808066
43346330,2017-12-25T13:24:54.517,BUY,7.176e-05,27.82814897
43346334,2017-12-25T13:25:02.487,BUY,7.176e-05,177.00524925
43346336,2017-12-25T13:25:11.63,SELL,7.175e-05,95.83712668
43346337,2017-12-25T13:25:11.63,SELL,7.175e-05,98.32194146
43346346,2017-12-25T13:25:20.99,BUY,7.175e-05,665.25207912
43346347,2017-12-25T13:25:20.99,BUY,7.176e-05,574.22729518
43346351,2017-12-25T13:25:23.867,SELL,7.175e-05,3443.92470522
43346356,2017-12-25T13:25:31.697,BUY,7.171e-05,59.82620976
43346365,2017-12-25T13:26:05.563,BUY,7.171e-05,36.25714684
43346372,2017-12-25T13:26:27.743,BUY,7.171e-05,19.35524221
43346373,2017-12-25T13:26:27.743,BUY,7.171e-05,119.74669615
43346375,2017-12-25T13:26:29.057,BUY,7.171e-05,27.32831798
43346376,2017-12-25T13:26:29.057,BUY,7.171e-05,74.20613856
43346379,2017-12-25T13:26:29.867,BUY,7.171e-05,13.9431121
43346385,2017-12-25T13:26:40.497,BUY,7.169e-05,3327.64799756
43346389,2017-12-25T13:26:42.933,BUY,7.17e-05,11891.74047459
43346393,2017-12-25T13:26:50.873,SELL,7.143e-05,300.0
43346395,2017-12-25T13:26:52.84,SELL,7.143e-05,27.36166633
43346399,2017-12-25T13:27:02.89,BUY,7.17e-05,10.0
43346402,2017-12-25T13:27:04.127,BUY,7.17e-05,1879.33195142
43346405,2017-12-25T13:27:09.597,BUY,7.17e-05,33.47280334
43346407,2017-12-25T13:27:10.91,BUY,7.17e-05,69.73500697
43346409,2017-12-25T13:27:11.83,BUY,7.17e-05,16.73640167
43346411,2017-12-25T13:27:21.94,SELL,7.143e-05,2241.18251867
43346412,2017-12-25T13:27:22.63,SELL,7.143e-05,224.42760632
43346422,2017-12-25T13:27:41.603,SELL,7.169e-05,304.98554973
43346428,2017-12-25T13:27:46.697,BUY,7.17e-05,262.73499764
43346429,2017-12-25T13:27:46.713,BUY,7.17e-05,370.26709441
43346431,2017-12-25T13:27:47.027,BUY,7.17e-05,1201.73290559
43346432,2017-12-25T13:27:47.027,BUY,7.171e-05,5.51266525
43346433,2017-12-25T13:27:47.027,BUY,7.171e-05,582.85767516
43346434,2017-12-25T13:27:47.027,BUY,7.171e-05,200.97322698
43346435,2017-12-25T13:27:47.027,BUY,7.171e-05,300.33679108
43346445,2017-12-25T13:27:57.357,BUY,7.17e-05,160.0
43346446,2017-12-25T13:27:57.357,BUY,7.171e-05,199.66320892
43346447,2017-12-25T13:27:57.357,BUY,7.171e-05,39.05063861
43346452,2017-12-25T13:28:01.407,SELL,7.171e-05,1000.0
43346454,2017-12-25T13:28:04.31,SELL,7.171e-05,144.14190799
43346455,2017-12-25T13:28:06.33,SELL,7.171e-05,889.78815398
43346456,2017-12-25T13:28:06.33,SELL,7.171e-05,1000.0
43346463,2017-12-25T13:28:17.533,BUY,7.17e-05,69.51219512
43346465,2017-12-25T13:28:18.05,BUY,7.17e-05,22.54174732
43346467,2017-12-25T13:28:18.33,BUY,7.17e-05,11909.77079948
43346469,2017-12-25T13:28:20.08,BUY,7.17e-05,478.2026248
43346471,2017-12-25T13:28:21.94,SELL,7.169e-05,132.61765286
43346472,2017-12-25T13:28:21.94,SELL,7.143e-05,135.18589773
43346473,2017-12-25T13:28:21.94,SELL,7.143e-05,204.95913646
43346475,2017-12-25T13:28:22.66,BUY,7.17e-05,75.62602349
43346479,2017-12-25T13:28:25.067,BUY,7.17e-05,1720.1810804
43346486,2017-12-25T13:28:35.74,SELL,7.169e-05,97.34951323
43346500,2017-12-25T13:28:48.853,BUY,7.169e-05,284.94062172
43346501,2017-12-25T13:28:48.853,BUY,7.17e-05,10492.53200333
43346503,2017-12-25T13:28:48.93,BUY,7.17e-05,976.29009762
43346507,2017-12-25T13:28:51.557,BUY,7.17e-05,1608.61840955
43346508,2017-12-25T13:28:51.667,SELL,7.143e-05,11.0
43346510,2017-12-25T13:28:51.76,BUY,7.17e-05,1608.61840955
43346518,2017-12-25T13:28:56.917,BUY,7.17e-05,200.0
43346519,2017-12-25T13:29:02.887,SELL,7.169e-05,105.0
43346522,2017-12-25T13:29:09.06,SELL,7.169e-05,106.83761199
43346523,2017-12-25T13:29:09.06,SELL,7.143e-05,546.24705002
43346524,2017-12-25T13:29:09.06,SELL,7.143e-05,7500.0
43346525,2017-12-25T13:29:09.06,SELL,7.143e-05,964.73464144
43346543,2017-12-25T13:29:41.723,SELL,7.145e-05,10447.59102942
43346547,2017-12-25T13:29:43.833,BUY,7.145e-05,1532.05036666
43346553,2017-12-25T13:29:45.227,BUY,7.145e-05,8696.27527418
43346555,2017-12-25T13:29:45.68,BUY,7.145e-05,3942.56451157
43346566,2017-12-25T13:29:52.447,BUY,7.169e-05,126.63421816
43346571,2017-12-25T13:29:59.587,BUY,7.169e-05,264.8655807
43346577,2017-12-25T13:30:08.857,SELL,7.145e-05,13.99580125
43346581,2017-12-25T13:30:10.387,BUY,7.145e-05,279.21623513
43346584,2017-12-25T13:30:12.433,BUY,7.145e-05,5673.75887
43346586,2017-12-25T13:30:12.577,BUY,7.145e-05,70.70317521
43346589,2017-12-25T13:30:14.857,BUY,7.145e-05,5673.75887
43346591,2017-12-25T13:30:15.263,BUY,7.145e-05,138.67497691
43346595,2017-12-25T13:30:17.39,BUY,7.145e-05,922.8360929
43346598,2017-12-25T13:30:18.89,BUY,7.145e-05,34.13901406
43346600,2017-12-25T13:30:20.593,BUY,7.145e-05,3762.91696454
43346601,2017-12-25T13:30:20.593,BUY,7.145e-05,156.51379793
43346606,2017-12-25T13:30:31.453,BUY,7.145e-05,34.88696622
43346608,2017-12-25T13:30:31.64,BUY,7.145e-05,27.41717032
43346611,2017-12-25T13:30:34.75,BUY,7.145e-05,730.19430947
43346620,2017-12-25T13:30:45.363,SELL,7.145e-05,155.85736543
43346621,2017-12-25T13:30:49.537,SELL,7.145e-05,315.09732622
43346623,2017-12-25T13:30:51.113,BUY,7.165e-05,189.47083502
43346633,2017-12-25T13:30:59.68,SELL,7.145e-05,1806.13251517
43346634,2017-12-25T13:30:59.68,SELL,7.145e-05,1571.65637283
43346639,2017-12-25T13:31:05.87,SELL,7.145e-05,5046.51185251
43346640,2017-12-25T13:31:05.87,SELL,7.145e-05,13.99580125
43346641,2017-12-25T13:31:05.87,SELL,7.145e-05,829.75737702
43346642,2017-12-25T13:31:05.87,SELL,7.145e-05,40.39459547
43346643,2017-12-25T13:31:05.87,SELL,7.145e-05,257.93687977
43346647,2017-12-25T13:31:08.587,BUY,7.15e-05,86.0869374
43346649,2017-12-25T13:31:08.79,BUY,7.165e-05,255.40823447
43346650,2017-12-25T13:31:09.04,SELL,7.15e-05,2086.23275288
43346655,2017-12-25T13:31:14.04,BUY,7.165e-05,1228.54649837
43346658,2017-12-25T13:31:14.637,BUY,7.165e-05,11931.86635643
43346666,2017-12-25T13:31:17.917,BUY,7.165e-05,54.23392882
43346674,2017-12-25T13:31:27.153,SELL,7.15e-05,16.06893771
43346695,2017-12-25T13:31:50.973,BUY,7.165e-05,10.21828332
43346704,2017-12-25T13:31:55.143,SELL,7.153e-05,350.0
43346710,2017-12-25T13:32:03.833,BUY,7.165e-05,353.18607491
43346711,2017-12-25T13:32:03.833,BUY,7.165e-05,250.0
43346712,2017-12-25T13:32:03.833,BUY,7.165e-05,544.72234613
43346719,2017-12-25T13:32:07.897,SELL,7.165e-05,72.87117219
43346720,2017-12-25T13:32:07.897,SELL,7.153e-05,67.83954281
43346744,2017-12-25T13:32:21.527,BUY,7.166e-05,15.70667039
43346750,2017-12-25T13:32:26.417,BUY,7.166e-05,9.58442646
43346755,2017-12-25T13:32:31.467,BUY,7.166e-05,28.25266711
43346759,2017-12-25T13:32:32.717,SELL,7.166e-05,50.0
43346772,2017-12-25T13:32:43,BUY,7.17e-05,222.31116946
43346783,2017-12-25T13:32:50.64,SELL,7.166e-05,605.7218788
43346784,2017-12-25T13:32:50.64,SELL,7.166e-05,167.5537642
43346786,2017-12-25T13:32:54.58,SELL,7.164e-05,352.60035283
43346787,2017-12-25T13:32:54.58,SELL,7.16e-05,3008.74573343
43346788,2017-12-25T13:32:54.58,SELL,7.159e-05,847.89114257
43346811,2017-12-25T13:33:05.99,SELL,7.159e-05,200.0
43346812,2017-12-25T13:33:06.613,SELL,7.159e-05,22.0
43346814,2017-12-25T13:33:09.443,BUY,7.165e-05,13.95478649
43346820,2017-12-25T13:33:18.71,SELL,7.159e-05,500.0
43346824,2017-12-25T13:33:23.197,BUY,7.165e-05,13.95478649
43346826,2017-12-25T13:33:26.117,SELL,7.159e-05,80.82009881
43346838,2017-12-25T13:33:32.54,BUY,7.165e-05,13.95478649
43346841,2017-12-25T13:33:33.633,BUY,7.164e-05,86.63822542
43346843,2017-12-25T13:33:36.98,BUY,7.164e-05,86.65031897
43346845,2017-12-25T13:33:41.48,BUY,7.164e-05,105.47629303
43346850,2017-12-25T13:33:44.763,BUY,7.164e-05,36.22695773
43346852,2017-12-25T13:33:45.73,BUY,7.164e-05,13.95673412
43346854,2017-12-25T13:33:46.793,SELL,7.159e-05,13916.91892018
43346861,2017-12-25T13:33:52.233,BUY,7.164e-05,15.71105528
43346866,2017-12-25T13:33:53.03,BUY,7.164e-05,405.34041545
43346867,2017-12-25T13:33:53.03,BUY,7.164e-05,692.85
43346870,2017-12-25T13:33:53.123,BUY,7.166e-05,100.0
43346871,2017-12-25T13:33:53.123,BUY,7.166e-05,45.87205963
43346872,2017-12-25T13:33:53.123,BUY,7.17e-05,1463.52791113
43346875,2017-12-25T13:33:53.233,BUY,7.17e-05,375.00774033
43346879,2017-12-25T13:33:54.25,SELL,7.159e-05,1396.8431
43346881,2017-12-25T13:33:54.45,BUY,7.17e-05,9.5790795
43346884,2017-12-25T13:33:55.343,BUY,7.17e-05,998.80486881
43346885,2017-12-25T13:33:55.343,BUY,7.172e-05,3881.71533129
43346889,2017-12-25T13:33:59.687,SELL,7.17e-05,200.0
43346897,2017-12-25T13:34:06.33,BUY,7.172e-05,544.76036871
43346899,2017-12-25T13:34:06.953,SELL,7.172e-05,684.68484146
43346900,2017-12-25T13:34:06.953,SELL,7.17e-05,365.60398154
43346908,2017-12-25T13:34:09.91,BUY,7.175e-05,13.93534002
43346913,2017-12-25T13:34:17.91,BUY,7.174e-05,200.67420299
43346917,2017-12-25T13:34:20.02,BUY,7.174e-05,13.93728222
43346920,2017-12-25T13:34:20.55,BUY,7.174e-05,100.60451658
43346922,2017-12-25T13:34:20.647,SELL,7.17e-05,1.3e-07
43346923,2017-12-25T13:34:20.647,SELL,7.164e-05,41.8760469
43346924,2017-12-25T13:34:20.647,SELL,7.159e-05,1672.27570024
43346925,2017-12-25T13:34:20.647,SELL,7.159e-05,1113.06452405
43346926,2017-12-25T13:34:20.647,SELL,7.159e-05,505.12854463
43346935,2017-12-25T13:34:33.68,BUY,7.17e-05,13.94505647
43346940,2017-12-25T13:34:44.04,BUY,7.17e-05,13.94505647
43346944,2017-12-25T13:34:47.447,BUY,7.17e-05,54.29494603
43346952,2017-12-25T13:34:52.463,BUY,7.17e-05,294.09666736
43346957,2017-12-25T13:34:53.34,BUY,7.17e-05,13.94505647
43346958,2017-12-25T13:34:54.137,SELL,7.165e-05,1395.6734
43346964,2017-12-25T13:35:06.25,BUY,7.17e-05,13.94505647
43346965,2017-12-25T13:35:06.717,SELL,7.165e-05,1251.3238067
43346967,2017-12-25T13:35:07.157,BUY,7.165e-05,298.51275509
43346969,2017-12-25T13:35:08.453,BUY,7.165e-05,455.86618572
43346970,2017-12-25T13:35:08.453,BUY,7.17e-05,254.59018905
43346971,2017-12-25T13:35:08.453,BUY,7.17e-05,240.38169677
43346972,2017-12-25T13:35:08.453,BUY,7.17e-05,1113.65523541
43346984,2017-12-25T13:35:14.33,SELL,7.17e-05,108.256953
43346999,2017-12-25T13:35:26.723,BUY,7.174e-05,13.93728222
43347005,2017-12-25T13:35:36.723,BUY,7.171e-05,200.0
43347006,2017-12-25T13:35:36.723,BUY,7.173e-05,500.0
43347007,2017-12-25T13:35:36.723,BUY,7.174e-05,1669.00729962
43347012,2017-12-25T13:35:40.007,BUY,7.174e-05,13.93728222
43347017,2017-12-25T13:35:44.367,SELL,7.165e-05,116.41509434
43347019,2017-12-25T13:35:49.447,BUY,7.173e-05,13.93728222
43347024,2017-12-25T13:35:54.917,SELL,7.171e-05,201.03033473
43347025,2017-12-25T13:35:54.917,SELL,7.165e-05,270.61189506
43347026,2017-12-25T13:35:54.93,SELL,7.165e-05,924.03117021
43347033,2017-12-25T13:36:01.917,BUY,7.171e-05,13.94116826
43347044,2017-12-25T13:36:10.2,BUY,7.17e-05,500.0
43347045,2017-12-25T13:36:10.2,BUY,7.171e-05,1586.23814835
43347052,2017-12-25T13:36:17.453,SELL,7.166e-05,141.69002823
43347058,2017-12-25T13:36:25.64,BUY,7.167e-05,13.9431121
43347060,2017-12-25T13:36:28.14,BUY,7.167e-05,186.0568879
43347062,2017-12-25T13:36:30.55,BUY,7.171e-05,5614.03509
43347068,2017-12-25T13:36:48.113,BUY,7.167e-05,138.59067149
43347069,2017-12-25T13:36:48.113,BUY,7.167e-05,125.88949351
43347075,2017-12-25T13:36:57.523,BUY,7.169e-05,500.0
43347076,2017-12-25T13:36:57.523,BUY,7.17e-05,529.50375105
43347078,2017-12-25T13:36:58.337,BUY,7.17e-05,13.25675778
43347082,2017-12-25T13:37:05.807,SELL,7.167e-05,83.46876761
43347083,2017-12-25T13:37:05.807,SELL,7.167e-05,13.84878506
43347084,2017-12-25T13:37:09.15,SELL,7.166e-05,100.0
43347085,2017-12-25T13:37:09.15,SELL,7.16e-05,740.8243358
43347086,2017-12-25T13:37:09.15,SELL,7.159e-05,226.50976868
43347087,2017-12-25T13:37:09.15,SELL,7.159e-05,13933.5102668
43347088,2017-12-25T13:37:09.15,SELL,7.159e-05,300.0
43347089,2017-12-25T13:37:09.15,SELL,7.159e-05,291.78649252
43347090,2017-12-25T13:37:09.15,SELL,7.159e-05,204.95994264
43347091,2017-12-25T13:37:09.15,SELL,7.155e-05,789.01558124
43347092,2017-12-25T13:37:09.15,SELL,7.154e-05,357.76614663
43347093,2017-12-25T13:37:09.15,SELL,7.153e-05,100.0
43347094,2017-12-25T13:37:09.15,SELL,7.15e-05,236.1255493
43347095,2017-12-25T13:37:09.15,SELL,7.145e-05,926.20060553
43347096,2017-12-25T13:37:09.15,SELL,7.145e-05,130.0
43347097,2017-12-25T13:37:09.15,SELL,7.145e-05,130.0
43347098,2017-12-25T13:37:09.15,SELL,7.145e-05,130.0
43347099,2017-12-25T13:37:09.15,SELL,7.142e-05,2615.18868279
43347100,2017-12-25T13:37:09.15,SELL,7.142e-05,88.77218963
43347102,2017-12-25T13:37:11.277,BUY,7.142e-05,4433.25631713
43347116,2017-12-25T13:37:16.107,BUY,7.17e-05,16.73682008
43347129,2017-12-25T13:37:28.5,BUY,7.17e-05,58.87905624
43347140,2017-12-25T13:37:49.66,BUY,7.17e-05,315.76140008
43347145,2017-12-25T13:38:01.663,BUY,7.17e-05,2676.10471728
43347148,2017-12-25T13:38:05.9,BUY,7.169e-05,236.18754161
43347149,2017-12-25T13:38:05.9,BUY,7.17e-05,82.74200186
43347168,2017-12-25T13:38:16.73,BUY,7.17e-05,21.02619002
43347169,2017-12-25T13:38:16.73,BUY,7.17e-05,248.97967853
43347170,2017-12-25T13:38:16.73,BUY,7.17e-05,122.37830351
43347177,2017-12-25T13:38:22.293,BUY,7.17e-05,78.89932845
43347180,2017-12-25T13:38:32.17,BUY,7.17e-05,16.73682008
43347182,2017-12-25T13:38:33.34,BUY,7.17e-05,781.98554796
43347183,2017-12-25T13:38:33.34,BUY,7.17e-05,376.30730744
43347186,2017-12-25T13:38:36.53,SELL,7.17e-05,3089.268113
43347188,2017-12-25T13:38:38.14,BUY,7.171e-05,13.9431121
43347189,2017-12-25T13:38:41.407,SELL,7.17e-05,100.0
43347190,2017-12-25T13:38:42.42,SELL,7.17e-05,192.86
43347192,2017-12-25T13:38:48.537,SELL,7.17e-05,39.80029955
43347194,2017-12-25T13:38:49.74,BUY,7.171e-05,13.9431121
43347200,2017-12-25T13:38:58.227,BUY,7.171e-05,13.9431121
43347202,2017-12-25T13:39:02.007,SELL,7.17e-05,214.009654
43347205,2017-12-25T13:39:02.337,BUY,7.171e-05,1743.95625709
43347207,2017-12-25T13:39:03.82,BUY,7.174e-05,846.13110825
43347209,2017-12-25T13:39:04.807,BUY,7.174e-05,12.83788681
43347213,2017-12-25T13:39:09.947,SELL,7.171e-05,1394.5056
43347216,2017-12-25T13:39:12.48,BUY,7.174e-05,13.93728222
43347221,2017-12-25T13:39:14.493,BUY,7.174e-05,2085.6565375
43347224,2017-12-25T13:39:16.853,BUY,7.174e-05,45.77252158
43347225,2017-12-25T13:39:18.747,SELL,7.171e-05,2405.95987802
43347226,2017-12-25T13:39:18.747,SELL,7.171e-05,45.79160104
43347227,2017-12-25T13:39:18.747,SELL,7.171e-05,438.24852094
43347230,2017-12-25T13:39:19.747,BUY,7.174e-05,1149.6612525
43347235,2017-12-25T13:39:24.827,BUY,7.174e-05,13.93728222
43347237,2017-12-25T13:39:25.107,BUY,7.174e-05,69.69612489
43347244,2017-12-25T13:39:27.03,SELL,7.171e-05,269.75147906
43347245,2017-12-25T13:39:27.03,SELL,7.171e-05,390.46158136
43347249,2017-12-25T13:39:33.123,BUY,7.171e-05,13.9431121
43347250,2017-12-25T13:39:33.187,SELL,7.17e-05,119.2253855
43347258,2017-12-25T13:39:49.66,SELL,7.17e-05,1000.0
43347260,2017-12-25T13:39:50.283,BUY,7.171e-05,93.03495801
43347262,2017-12-25T13:39:51.22,BUY,7.173e-05,13.29187092
43347273,2017-12-25T13:39:59.63,BUY,7.173e-05,217.87358075
43347283,2017-12-25T13:40:09.617,SELL,7.171e-05,0.32606494
43347284,2017-12-25T13:40:09.617,SELL,7.171e-05,300.0
43347285,2017-12-25T13:40:09.617,SELL,7.171e-05,919.49983998
43347286,2017-12-25T13:40:09.617,SELL,7.171e-05,174.67969508
43347288,2017-12-25T13:40:12.82,BUY,7.173e-05,102.00220903
43347305,2017-12-25T13:40:30.433,BUY,7.173e-05,50.0
43347306,2017-12-25T13:40:35.717,SELL,7.171e-05,16.18217391
43347309,2017-12-25T13:40:47.187,SELL,7.171e-05,76.77673217
43347311,2017-12-25T13:40:47.86,BUY,7.171e-05,161.81697098
43347312,2017-12-25T13:40:47.86,BUY,7.173e-05,538.18302902
43347314,2017-12-25T13:40:47.937,BUY,7.173e-05,13.93922497
43347315,2017-12-25T13:40:49.39,SELL,7.17e-05,7982.706346
43347318,2017-12-25T13:40:52.047,SELL,7.17e-05,15.97123776
43347320,2017-12-25T13:40:52.36,BUY,7.17e-05,100.0
43347329,2017-12-25T13:41:01.94,BUY,7.17e-05,13.94505647
43347333,2017-12-25T13:41:09.427,BUY,7.17e-05,70.08370577
43347334,2017-12-25T13:41:09.94,SELL,7.17e-05,21.52896408
43347335,2017-12-25T13:41:09.94,SELL,7.169e-05,48.41271994
43347338,2017-12-25T13:41:12.19,BUY,7.169e-05,13.94505647
43347350,2017-12-25T13:41:30.07,SELL,7.17e-05,13.94700139
43347356,2017-12-25T13:41:43.323,BUY,7.17e-05,13.94505647
43347357,2017-12-25T13:41:45.23,SELL,7.169e-05,8.99224892
43347358,2017-12-25T13:41:45.23,SELL,7.168e-05,69.91615513
43347359,2017-12-25T13:41:45.23,SELL,7.153e-05,2161.46548229
43347363,2017-12-25T13:41:49.887,SELL,7.153e-05,252.27753076
43347369,2017-12-25T13:41:53.763,BUY,7.17e-05,80.0
43347370,2017-12-25T13:41:54.357,SELL,7.153e-05,30.06027664
43347374,2017-12-25T13:42:00.467,BUY,7.153e-05,13.97819401
43347377,2017-12-25T13:42:07.36,BUY,7.152e-05,32.90401429
43347378,2017-12-25T13:42:07.36,BUY,7.153e-05,11.28172454
43347381,2017-12-25T13:42:09.593,BUY,7.153e-05,7.53080697
43347386,2017-12-25T13:42:12.39,SELL,7.154e-05,6.44738704
43347394,2017-12-25T13:42:20.08,BUY,7.151e-05,13.97819401
43347396,2017-12-25T13:42:20.863,BUY,7.151e-05,65.24859712
43347398,2017-12-25T13:42:23.143,BUY,7.151e-05,29.89052174
43347399,2017-12-25T13:42:23.143,BUY,7.152e-05,62.71432016
43347404,2017-12-25T13:42:32.067,BUY,7.152e-05,13.98014818
43347405,2017-12-25T13:42:32.397,SELL,7.142e-05,15.401167
43347406,2017-12-25T13:42:32.397,SELL,7.142e-05,15.0
43347408,2017-12-25T13:42:33.71,BUY,7.142e-05,412.91746278
43347414,2017-12-25T13:42:43.24,SELL,7.141e-05,15.403315
43347415,2017-12-25T13:42:43.24,SELL,7.141e-05,24.596685
43347418,2017-12-25T13:42:44.163,BUY,7.152e-05,10.0
43347420,2017-12-25T13:42:44.93,BUY,7.152e-05,13.98014818
43347427,2017-12-25T13:42:56.243,SELL,7.142e-05,100.0
43347429,2017-12-25T13:42:57.697,BUY,7.142e-05,401.52740459
43347430,2017-12-25T13:42:57.697,BUY,7.142e-05,1418.70263245
43347432,2017-12-25T13:42:58.277,BUY,7.152e-05,13.98014818
43347441,2017-12-25T13:43:05.683,BUY,7.152e-05,26.9839205
43347445,2017-12-25T13:43:13.06,SELL,7.15e-05,45.0
43347450,2017-12-25T13:43:16.45,BUY,7.152e-05,8.3613148
43347451,2017-12-25T13:43:16.45,BUY,7.152e-05,184.88623055
43347461,2017-12-25T13:43:32.27,BUY,7.153e-05,42.7236315
43347463,2017-12-25T13:43:35.533,BUY,7.153e-05,70.0
43347468,2017-12-25T13:43:40.91,BUY,7.153e-05,4.66574149
43347469,2017-12-25T13:43:40.91,BUY,7.153e-05,5.33425851
43347471,2017-12-25T13:43:42.35,BUY,7.153e-05,83.00163891
43347473,2017-12-25T13:43:46.427,BUY,7.153e-05,12.02891564
43347481,2017-12-25T13:44:07.057,SELL,7.153e-05,20.0
43347494,2017-12-25T13:44:17.09,SELL,7.153e-05,10.0
43347498,2017-12-25T13:44:21.827,SELL,7.153e-05,368.50604989
43347499,2017-12-25T13:44:21.827,SELL,7.153e-05,38.1408133
43347502,2017-12-25T13:44:22.623,BUY,7.153e-05,1446.58438618
43347506,2017-12-25T13:44:32,BUY,7.158e-05,4327.08299173
43347507,2017-12-25T13:44:32.25,SELL,7.158e-05,131.09268701
43347509,2017-12-25T13:44:32.33,BUY,7.168e-05,41.85267857
43347511,2017-12-25T13:44:35.33,BUY,7.168e-05,294.69407413
43347512,2017-12-25T13:44:35.36,SELL,7.168e-05,129.02601603
43347516,2017-12-25T13:44:40.52,SELL,7.168e-05,79.9055352
43347518,2017-12-25T13:44:40.88,BUY,7.169e-05,2448.26192318
43347519,2017-12-25T13:44:41.41,SELL,7.168e-05,10.0
43347521,2017-12-25T13:44:41.597,BUY,7.169e-05,670.18022155
43347525,2017-12-25T13:44:45.08,SELL,7.168e-05,73.08421833
43347526,2017-12-25T13:44:45.08,SELL,7.152e-05,85.69540767
43347527,2017-12-25T13:44:45.08,SELL,7.152e-05,98.15918751
43347528,2017-12-25T13:44:45.08,SELL,7.15e-05,586.66049382
43347531,2017-12-25T13:44:47.143,BUY,7.169e-05,28.0
43347534,2017-12-25T13:44:47.927,BUY,7.169e-05,10.43555587
43347537,2017-12-25T13:44:49.02,BUY,7.169e-05,5653.71025
43347540,2017-12-25T13:44:54.973,BUY,7.169e-05,5189.4120494
43347541,2017-12-25T13:44:54.973,BUY,7.169e-05,464.2982006
43347543,2017-12-25T13:44:58.147,BUY,7.169e-05,91.37068056
43347550,2017-12-25T13:45:21.34,BUY,7.169e-05,17.73951182
43347551,2017-12-25T13:45:21.34,BUY,7.169e-05,22.21786696
43347558,2017-12-25T13:45:45.563,BUY,7.169e-05,1291.87743432
43347559,2017-12-25T13:45:56.94,SELL,7.151e-05,1000.0
43347560,2017-12-25T13:45:56.94,SELL,7.151e-05,201.29036937
43347562,2017-12-25T13:45:57.753,BUY,7.151e-05,5653.71025
43347568,2017-12-25T13:46:01.16,BUY,7.151e-05,2208.68844059
43347585,2017-12-25T13:46:36.59,SELL,7.168e-05,50.0
43347596,2017-12-25T13:46:43.937,SELL,7.15e-05,96.09288
43347609,2017-12-25T13:46:54.877,BUY,7.168e-05,20.0
43347612,2017-12-25T13:46:59.237,SELL,7.151e-05,20.0
43347613,2017-12-25T13:46:59.237,SELL,7.15e-05,80.0
43347616,2017-12-25T13:47:03.83,SELL,7.152e-05,9.54729541
43347618,2017-12-25T13:47:05.33,SELL,7.152e-05,1000.0
43347620,2017-12-25T13:47:06.313,SELL,7.152e-05,25.0
43347633,2017-12-25T13:47:22.16,SELL,7.152e-05,82.80651341
43347635,2017-12-25T13:47:23.443,SELL,7.152e-05,2079.331904
43347637,2017-12-25T13:47:28.803,BUY,7.158e-05,9.0
43347638,2017-12-25T13:47:30.54,SELL,7.152e-05,338.36864057
43347639,2017-12-25T13:47:31.21,SELL,7.152e-05,498.75
43347640,2017-12-25T13:47:34.867,SELL,7.152e-05,2169.3516269
43347641,2017-12-25T13:47:34.867,SELL,7.152e-05,456.14110696
43347643,2017-12-25T13:47:42.213,BUY,7.152e-05,674.50726614
43347644,2017-12-25T13:47:42.23,BUY,7.152e-05,2121.91381551
43347647,2017-12-25T13:47:49.543,BUY,7.152e-05,5653.71025
43347649,2017-12-25T13:47:49.853,BUY,7.152e-05,400.0
43347652,2017-12-25T13:47:53.403,BUY,7.152e-05,697.16242661
43347654,2017-12-25T13:47:54.217,BUY,7.152e-05,857.6288585
43347656,2017-12-25T13:47:55.653,BUY,7.152e-05,13.98014818
43347658,2017-12-25T13:47:55.887,BUY,7.152e-05,2680.6045012
43347659,2017-12-25T13:47:55.887,BUY,7.152e-05,2973.1057488
43347661,2017-12-25T13:48:01.497,BUY,7.152e-05,4939.11553892
43347662,2017-12-25T13:48:01.497,BUY,7.152e-05,714.59471108
43347663,2017-12-25T13:48:04.2,SELL,7.15e-05,50.0
43347666,2017-12-25T13:48:07.217,BUY,7.152e-05,2134.69374661
43347668,2017-12-25T13:48:08.25,BUY,7.152e-05,5653.71025
43347671,2017-12-25T13:48:10.11,BUY,7.152e-05,1075.33108117
43347677,2017-12-25T13:48:14.97,BUY,7.152e-05,633.42783557
43347678,2017-12-25T13:48:14.97,BUY,7.152e-05,150.0
43347679,2017-12-25T13:48:14.97,BUY,7.152e-05,1500.0
43347686,2017-12-25T13:48:38.63,BUY,7.152e-05,40.0
43347687,2017-12-25T13:48:45.63,SELL,7.15e-05,103.09193326
43347690,2017-12-25T13:48:48.117,SELL,7.15e-05,39.15469292
43347691,2017-12-25T13:48:48.117,SELL,7.15e-05,0.60876051
43347695,2017-12-25T13:48:48.507,SELL,7.15e-05,80.76923077
43347699,2017-12-25T13:48:52.79,BUY,7.152e-05,79.29685158
43347700,2017-12-25T13:48:52.79,BUY,7.152e-05,930.2060081
43347701,2017-12-25T13:48:52.79,BUY,7.158e-05,141.0
43347702,2017-12-25T13:48:52.79,BUY,7.158e-05,15231.22154025
43347716,2017-12-25T13:49:19.747,BUY,7.158e-05,202.30744736
43347719,2017-12-25T13:49:21.17,BUY,7.158e-05,5633.80282
43347721,2017-12-25T13:49:21.78,BUY,7.158e-05,2486.51764078
43347726,2017-12-25T13:49:28.017,BUY,7.158e-05,376.68043566
43347727,2017-12-25T13:49:28.017,BUY,7.158e-05,99.73060898
43347740,2017-12-25T13:49:36.66,BUY,7.158e-05,0.26939102
43347741,2017-12-25T13:49:36.66,BUY,7.158e-05,37.68074345
43347742,2017-12-25T13:49:36.66,BUY,7.158e-05,489.43367276
43347743,2017-12-25T13:49:36.66,BUY,7.168e-05,2930.0
43347744,2017-12-25T13:49:36.66,BUY,7.169e-05,95.13377224
43347745,2017-12-25T13:49:36.66,BUY,7.171e-05,62.5
43347746,2017-12-25T13:49:36.66,BUY,7.173e-05,6268.83454833
43347747,2017-12-25T13:49:36.66,BUY,7.173e-05,52.57073703
43347748,2017-12-25T13:49:36.66,BUY,7.174e-05,20.74439787
43347749,2017-12-25T13:49:36.66,BUY,7.174e-05,45660.34040387
43347771,2017-12-25T13:49:52.523,BUY,7.173e-05,500.0
43347772,2017-12-25T13:49:52.523,BUY,7.174e-05,1589.76083147
43347779,2017-12-25T13:49:58.773,BUY,7.174e-05,1011.36523999
43347789,2017-12-25T13:50:03.68,BUY,7.174e-05,77.16617597
43347791,2017-12-25T13:50:05.167,SELL,7.158e-05,10.0
43347794,2017-12-25T13:50:06.26,BUY,7.158e-05,90.0
43347795,2017-12-25T13:50:06.26,BUY,7.174e-05,3904.12564212
43347798,2017-12-25T13:50:08.197,BUY,7.173e-05,116.0
43347799,2017-12-25T13:50:08.197,BUY,7.174e-05,389.42670366
43347803,2017-12-25T13:50:09.4,SELL,7.152e-05,150.0
43347804,2017-12-25T13:50:10.12,SELL,7.152e-05,585.0
43347818,2017-12-25T13:50:14.2,BUY,7.173e-05,20.45268611
43347821,2017-12-25T13:50:15.887,BUY,7.173e-05,54.64480874
43347823,2017-12-25T13:50:17.323,BUY,7.173e-05,424.90250515
43347824,2017-12-25T13:50:17.323,BUY,7.174e-05,12064.56618009
43347825,2017-12-25T13:50:17.323,BUY,7.174e-05,2000.0
43347834,2017-12-25T13:50:21.06,SELL,7.174e-05,29.77058314
43347836,2017-12-25T13:50:23.03,SELL,7.174e-05,100.0
43347847,2017-12-25T13:50:25.64,SELL,7.174e-05,17.43441699
43347856,2017-12-25T13:50:34.873,BUY,7.174e-05,500.0
43347883,2017-12-25T13:50:51.16,BUY,7.174e-05,19.42724631
43347893,2017-12-25T13:51:02.223,SELL,7.154e-05,75.05
43347896,2017-12-25T13:51:04.833,BUY,7.174e-05,480.57275369
43347897,2017-12-25T13:51:04.833,BUY,7.174e-05,15.0
43347898,2017-12-25T13:51:04.833,BUY,7.174e-05,729.57071368
43347908,2017-12-25T13:51:21.523,SELL,7.174e-05,907.1787
43347910,2017-12-25T13:51:21.727,SELL,7.174e-05,867.67783263
43347931,2017-12-25T13:51:37.31,SELL,7.174e-05,165.0
43347941,2017-12-25T13:51:42.59,SELL,7.174e-05,9411.61
43347980,2017-12-25T13:52:19.66,BUY,7.175e-05,25.0
43347993,2017-12-25T13:52:34.133,BUY,7.175e-05,65.23194015
43347994,2017-12-25T13:52:34.133,BUY,7.175e-05,100.10377588
43347999,2017-12-25T13:52:35.507,SELL,7.175e-05,30.73641982
43348000,2017-12-25T13:52:35.883,SELL,7.175e-05,521.60322279
43348001,2017-12-25T13:52:35.9,SELL,7.175e-05,661.08429275
43348002,2017-12-25T13:52:35.9,SELL,7.175e-05,582.76302275
43348015,2017-12-25T13:52:44.807,BUY,7.175e-05,300.0
43348017,2017-12-25T13:52:46.37,BUY,7.175e-05,13.93534002
43348024,2017-12-25T13:52:56.37,SELL,7.174e-05,100.0
43348026,2017-12-25T13:52:56.497,BUY,7.175e-05,13.93534002
43348035,2017-12-25T13:53:06.653,BUY,7.175e-05,13.93534002
43348046,2017-12-25T13:53:22.69,BUY,7.175e-05,13.93534002
43348047,2017-12-25T13:53:24.267,SELL,7.174e-05,56.45384165
43348048,2017-12-25T13:53:24.267,SELL,7.174e-05,43.54615835
43348053,2017-12-25T13:53:29.363,SELL,7.174e-05,173.45384165
43348054,2017-12-25T13:53:29.363,SELL,7.173e-05,50.0
43348055,2017-12-25T13:53:29.363,SELL,7.17e-05,531.68770535
43348061,2017-12-25T13:53:36.77,BUY,7.175e-05,260.0
43348064,2017-12-25T13:53:37.927,BUY,7.175e-05,2465.17087073
43348066,2017-12-25T13:53:38.66,BUY,7.174e-05,13.93534002
43348071,2017-12-25T13:53:43.443,BUY,7.174e-05,13.90243902
43348073,2017-12-25T13:53:44.88,BUY,7.174e-05,67.83855805
43348076,2017-12-25T13:53:52.007,BUY,7.174e-05,13.93728222
43348078,2017-12-25T13:53:52.74,BUY,7.174e-05,36.48510486
43348081,2017-12-25T13:53:53.227,SELL,7.171e-05,12.26096378
43348082,2017-12-25T13:53:53.227,SELL,7.17e-05,3186.15106846
43348086,2017-12-25T13:53:56.32,BUY,7.174e-05,53.90127583
43348087,2017-12-25T13:53:56.32,BUY,7.175e-05,336.22860378
43348090,2017-12-25T13:53:57.663,BUY,7.175e-05,336.17491289
43348102,2017-12-25T13:54:03.01,BUY,7.175e-05,112.60851355
43348117,2017-12-25T13:54:07.307,SELL,7.174e-05,53.90127583
43348119,2017-12-25T13:54:07.463,BUY,7.174e-05,46.09872417
43348124,2017-12-25T13:54:09.777,BUY,7.175e-05,390.12987961
43348128,2017-12-25T13:54:11.62,BUY,7.174e-05,10.0
43348129,2017-12-25T13:54:11.683,SELL,7.174e-05,103.48891483
43348131,2017-12-25T13:54:12.26,BUY,7.171e-05,13.93922498
43348138,2017-12-25T13:54:15.963,BUY,7.171e-05,245.57186019
43348139,2017-12-25T13:54:15.963,BUY,7.175e-05,144.55801942
43348143,2017-12-25T13:54:23.403,BUY,7.175e-05,1843.7861237
43348144,2017-12-25T13:54:23.403,BUY,7.175e-05,357.13457874
43348150,2017-12-25T13:54:31.17,SELL,7.17e-05,99.9
43348152,2017-12-25T13:54:31.797,BUY,7.175e-05,27.87456445
43348155,2017-12-25T13:54:32.97,BUY,7.175e-05,514.3902439
43348157,2017-12-25T13:54:33.75,BUY,7.175e-05,300.0
43348161,2017-12-25T13:54:36.127,BUY,7.175e-05,4771.89229018
43348165,2017-12-25T13:54:38.627,SELL,7.17e-05,400.0
43348173,2017-12-25T13:54:45.893,SELL,7.17e-05,4540.78467022
43348174,2017-12-25T13:54:45.893,SELL,7.169e-05,27.0
43348175,2017-12-25T13:54:45.893,SELL,7.159e-05,327.4133863
43348176,2017-12-25T13:54:45.893,SELL,7.159e-05,417.3421036
43348177,2017-12-25T13:54:45.893,SELL,7.152e-05,360.0
43348178,2017-12-25T13:54:45.893,SELL,7.152e-05,5903.07066219
43348179,2017-12-25T13:54:45.893,SELL,7.152e-05,145.33827623
43348180,2017-12-25T13:54:45.893,SELL,7.15e-05,110.93915979
43348181,2017-12-25T13:54:45.893,SELL,7.15e-05,500.0
43348182,2017-12-25T13:54:45.893,SELL,7.15e-05,65.44274167
43348189,2017-12-25T13:54:51.58,BUY,7.17e-05,35.4798885
43348198,2017-12-25T13:54:58.753,BUY,7.17e-05,97.38493724
43348201,2017-12-25T13:54:59.647,BUY,7.17e-05,350.06776351
43348202,2017-12-25T13:54:59.647,BUY,7.17e-05,40.0621161
43348205,2017-12-25T13:55:03.363,BUY,7.17e-05,127.28503452
43348209,2017-12-25T13:55:14.82,SELL,7.151e-05,100.0
43348212,2017-12-25T13:55:20.04,SELL,7.151e-05,500.0
43348214,2017-12-25T13:55:20.353,BUY,7.17e-05,632.65284938
43348215,2017-12-25T13:55:20.353,BUY,7.17e-05,150.5402702
43348216,2017-12-25T13:55:20.353,BUY,7.17e-05,33.0
43348218,2017-12-25T13:55:20.43,SELL,7.17e-05,820.71996201
43348219,2017-12-25T13:55:20.43,SELL,7.151e-05,468.68502077
43348220,2017-12-25T13:55:20.43,SELL,7.15e-05,234.55725833
43348221,2017-12-25T13:55:20.43,SELL,7.146e-05,15.392581
43348222,2017-12-25T13:55:20.43,SELL,7.145e-05,15.394726
43348223,2017-12-25T13:55:20.43,SELL,7.142e-05,291.02223438
43348224,2017-12-25T13:55:20.43,SELL,7.142e-05,279.33526586
43348225,2017-12-25T13:55:20.43,SELL,7.141e-05,110.0
43348226,2017-12-25T13:55:20.43,SELL,7.14e-05,200.0
43348227,2017-12-25T13:55:20.43,SELL,7.14e-05,406.11266424
43348228,2017-12-25T13:55:20.43,SELL,7.14e-05,5074.72928741
43348235,2017-12-25T13:55:26.04,SELL,7.14e-05,683.02984517
43348240,2017-12-25T13:55:32.497,SELL,7.14e-05,10.0
43348260,2017-12-25T13:55:59.937,BUY,7.175e-05,13.93728222
43348274,2017-12-25T13:56:10.783,BUY,7.168e-05,934.82905982
43348279,2017-12-25T13:56:19.94,SELL,7.152e-05,1000.0
43348282,2017-12-25T13:56:23.223,BUY,7.168e-05,3122.092787
43348285,2017-12-25T13:56:35.337,SELL,7.152e-05,404.54319254
43348293,2017-12-25T13:56:53.09,BUY,7.16e-05,13.96453009
43348299,2017-12-25T13:56:58.277,SELL,7.152e-05,595.45680746
43348300,2017-12-25T13:56:58.277,SELL,7.152e-05,144.74363425
43348301,2017-12-25T13:57:08.827,SELL,7.152e-05,98.23714088
43348302,2017-12-25T13:57:08.827,SELL,7.152e-05,593.75099622
43348303,2017-12-25T13:57:08.827,SELL,7.151e-05,2789.81960565
43348304,2017-12-25T13:57:08.827,SELL,7.146e-05,15.392581
43348305,2017-12-25T13:57:08.827,SELL,7.14e-05,799.34809818
43348306,2017-12-25T13:57:08.827,SELL,7.139e-05,10.0
43348307,2017-12-25T13:57:08.827,SELL,7.135e-05,559.21513665
43348308,2017-12-25T13:57:08.827,SELL,7.135e-05,50.0
43348309,2017-12-25T13:57:08.827,SELL,7.135e-05,40.0
43348310,2017-12-25T13:57:08.827,SELL,7.134e-05,77.90760439
43348311,2017-12-25T13:57:08.827,SELL,7.132e-05,191.0
43348312,2017-12-25T13:57:08.827,SELL,7.131e-05,1133.0
43348313,2017-12-25T13:57:08.827,SELL,7.13e-05,1000.0
43348314,2017-12-25T13:57:08.827,SELL,7.13e-05,100.0
43348315,2017-12-25T13:57:08.827,SELL,7.13e-05,10.0
43348316,2017-12-25T13:57:08.827,SELL,7.13e-05,1766.19132393
43348317,2017-12-25T13:57:09.357,SELL,7.129e-05,68.85506453
43348318,2017-12-25T13:57:09.357,SELL,7.129e-05,1250.0
43348319,2017-12-25T13:57:09.357,SELL,7.129e-05,120.0
43348320,2017-12-25T13:57:09.357,SELL,7.128e-05,30.1757944
43348321,2017-12-25T13:57:09.357,SELL,7.128e-05,38.84303344
43348322,2017-12-25T13:57:09.357,SELL,7.126e-05,14.03307877
43348323,2017-12-25T13:57:09.373,SELL,7.125e-05,38.3201
43348324,2017-12-25T13:57:09.373,SELL,7.125e-05,300.0
43348325,2017-12-25T13:57:09.373,SELL,7.124e-05,21.24054919
43348326,2017-12-25T13:57:09.843,SELL,7.124e-05,118.77910269
43348327,2017-12-25T13:57:09.843,SELL,7.122e-05,21.06132214
43348328,2017-12-25T13:57:09.843,SELL,7.122e-05,15.44509969
43348329,2017-12-25T13:57:09.843,SELL,7.119e-05,40.0
43348330,2017-12-25T13:57:09.843,SELL,7.117e-05,29.02101543
43348331,2017-12-25T13:57:09.843,SELL,7.116e-05,10.0
43348332,2017-12-25T13:57:09.843,SELL,7.115e-05,1000.0
43348333,2017-12-25T13:57:09.843,SELL,7.114e-05,31.26336625
43348334,2017-12-25T13:57:09.843,SELL,7.113e-05,10.0
43348335,2017-12-25T13:57:09.843,SELL,7.11e-05,77.35212658
43348336,2017-12-25T13:57:09.843,SELL,7.11e-05,1000.0
43348337,2017-12-25T13:57:09.843,SELL,7.109e-05,1316.61188212
43348338,2017-12-25T13:57:09.843,SELL,7.108e-05,381.70005414
43348339,2017-12-25T13:57:09.843,SELL,7.104e-05,229.54856419
43348340,2017-12-25T13:57:09.843,SELL,7.103e-05,77.92133671
43348341,2017-12-25T13:57:09.843,SELL,7.103e-05,13.93213853
43348342,2017-12-25T13:57:09.843,SELL,7.101e-05,100.0
43348343,2017-12-25T13:57:09.843,SELL,7.101e-05,1000.0
43348344,2017-12-25T13:57:09.843,SELL,7.1e-05,70.34665035
43348345,2017-12-25T13:57:09.843,SELL,7.1e-05,130.0
43348346,2017-12-25T13:57:09.843,SELL,7.1e-05,70.24647887
43348347,2017-12-25T13:57:09.843,SELL,7.1e-05,10.0
43348348,2017-12-25T13:57:09.843,SELL,7.1e-05,20.0
43348349,2017-12-25T13:57:09.843,SELL,7.1e-05,868.73281583
43348350,2017-12-25T13:57:09.843,SELL,7.1e-05,98.85915493
43348351,2017-12-25T13:57:09.843,SELL,7.1e-05,700.0
43348352,2017-12-25T13:57:09.843,SELL,7.098e-05,15.32110388
43348353,2017-12-25T13:57:09.843,SELL,7.098e-05,10.0
43348354,2017-12-25T13:57:09.843,SELL,7.097e-05,29.81719635
43348355,2017-12-25T13:57:09.843,SELL,7.095e-05,747.12428645
43348357,2017-12-25T13:57:09.95,BUY,7.129e-05,510.52183031
43348360,2017-12-25T13:57:10.403,BUY,7.129e-05,33.0
43348361,2017-12-25T13:57:10.857,SELL,7.114e-05,1147.0
43348362,2017-12-25T13:57:10.873,SELL,7.114e-05,264.47608919
43348363,2017-12-25T13:57:10.89,SELL,7.114e-05,1083.3018744
43348364,2017-12-25T13:57:10.89,SELL,7.095e-05,2327.69039085
43348365,2017-12-25T13:57:10.89,SELL,7.093e-05,31.12546814
43348366,2017-12-25T13:57:10.89,SELL,7.093e-05,2557.88226661
43348368,2017-12-25T13:57:10.937,BUY,7.1e-05,13.96453009
43348370,2017-12-25T13:57:10.967,BUY,7.1e-05,48.19676229
43348372,2017-12-25T13:57:12,BUY,7.096e-05,1606.16797521
43348373,2017-12-25T13:57:12,BUY,7.1e-05,236.9724437
43348374,2017-12-25T13:57:12,BUY,7.1e-05,200.0
43348375,2017-12-25T13:57:12,BUY,7.1e-05,133.001064
43348378,2017-12-25T13:57:12.17,BUY,7.11e-05,22.34636871
43348380,2017-12-25T13:57:12.81,BUY,7.11e-05,138.0
43348385,2017-12-25T13:57:13.297,BUY,7.11e-05,1667.74245686
43348394,2017-12-25T13:57:13.623,BUY,7.116e-05,18.11023175
43348397,2017-12-25T13:57:14.03,BUY,7.116e-05,70.29341755
43348407,2017-12-25T13:57:14.593,BUY,7.116e-05,848.84212547
43348408,2017-12-25T13:57:14.593,BUY,7.117e-05,817.73466321
43348425,2017-12-25T13:57:15.75,BUY,7.129e-05,196.0
43348444,2017-12-25T13:57:19.593,SELL,7.123e-05,196.0
43348458,2017-12-25T13:57:22.907,BUY,7.129e-05,5670.24168266
43348459,2017-12-25T13:57:22.907,BUY,7.129e-05,123.81466586
43348464,2017-12-25T13:57:24.72,SELL,7.129e-05,11.90355236
43348477,2017-12-25T13:57:26.673,BUY,7.13e-05,25.97402596
43348492,2017-12-25T13:57:29.58,BUY,7.13e-05,37.5033485
43348495,2017-12-25T13:57:30.063,BUY,7.13e-05,32.2190898
43348498,2017-12-25T13:57:30.487,SELL,7.129e-05,64.8082713
43348501,2017-12-25T13:57:31.707,BUY,7.13e-05,29.1005291
43348503,2017-12-25T13:57:32.317,BUY,7.13e-05,433.00095615
43348509,2017-12-25T13:57:33.783,BUY,7.13e-05,29.45301542
43348514,2017-12-25T13:57:34.77,BUY,7.13e-05,25.24544179
43348516,2017-12-25T13:57:35.283,BUY,7.13e-05,16.83029453
43348518,2017-12-25T13:57:35.317,BUY,7.13e-05,81.96721311
43348520,2017-12-25T13:57:36.207,BUY,7.13e-05,21.03786816
43348522,2017-12-25T13:57:36.283,BUY,7.13e-05,961.43121742
43348538,2017-12-25T13:57:40.597,SELL,7.13e-05,2000.0
43348539,2017-12-25T13:57:40.597,SELL,7.129e-05,3027.5411729
43348546,2017-12-25T13:57:46.567,BUY,7.152e-05,92.1658986
43348550,2017-12-25T13:57:48.367,BUY,7.152e-05,21.67874815
43348551,2017-12-25T13:57:48.677,SELL,7.129e-05,628.65552464
43348553,2017-12-25T13:57:49.223,BUY,7.152e-05,27.96420581
43348555,2017-12-25T13:57:51.24,BUY,7.152e-05,27.0968393
43348557,2017-12-25T13:57:51.46,BUY,7.152e-05,81.75500749
43348561,2017-12-25T13:57:52.13,BUY,7.152e-05,188.23529408
43348563,2017-12-25T13:57:54.617,SELL,7.131e-05,395.66196893
43348567,2017-12-25T13:57:56.24,BUY,7.152e-05,42.333642
43348574,2017-12-25T13:57:59.617,BUY,7.152e-05,130.39100299
43348584,2017-12-25T13:58:03.853,BUY,7.152e-05,29.83803835
43348589,2017-12-25T13:58:06.213,BUY,7.158e-05,157.55689196
43348593,2017-12-25T13:58:09.87,SELL,7.132e-05,33.91927902
43348599,2017-12-25T13:58:14.09,SELL,7.152e-05,105.0
43348610,2017-12-25T13:58:20.31,BUY,7.159e-05,44.6989803
43348612,2017-12-25T13:58:20.747,BUY,7.159e-05,16.76211761
43348614,2017-12-25T13:58:21.95,BUY,7.159e-05,209.52647017
43348618,2017-12-25T13:58:23.42,SELL,7.152e-05,195.0
43348619,2017-12-25T13:58:23.42,SELL,7.152e-05,56.08287725
43348620,2017-12-25T13:58:23.42,SELL,7.152e-05,10.31754195
43348621,2017-12-25T13:58:24.013,SELL,7.131e-05,28.0
43348622,2017-12-25T13:58:24.013,SELL,7.131e-05,191.54154186
43348623,2017-12-25T13:58:24.013,SELL,7.13e-05,80.64732534
43348624,2017-12-25T13:58:24.013,SELL,7.129e-05,1091.49983729
43348628,2017-12-25T13:58:26.123,BUY,7.152e-05,38.5995808
43348629,2017-12-25T13:58:26.123,BUY,7.158e-05,232.43985543
43348636,2017-12-25T13:58:30.5,BUY,7.152e-05,13.96648044
43348646,2017-12-25T13:58:39.953,BUY,7.152e-05,16.03351956
43348647,2017-12-25T13:58:39.953,BUY,7.157e-05,110.04719929
43348659,2017-12-25T13:58:50.75,BUY,7.151e-05,16.77852348
43348663,2017-12-25T13:58:53.19,BUY,7.151e-05,180.24917051
43348686,2017-12-25T13:59:07.897,BUY,7.151e-05,69.92029086
43348689,2017-12-25T13:59:10.367,BUY,7.151e-05,10.0
43348695,2017-12-25T13:59:13.787,BUY,7.151e-05,56.28342791
43348698,2017-12-25T13:59:17.553,BUY,7.151e-05,243.32261222
43348708,2017-12-25T13:59:25.133,BUY,7.151e-05,72.7171025
43348710,2017-12-25T13:59:27.103,BUY,7.151e-05,140.3051376
43348719,2017-12-25T13:59:32.883,BUY,7.151e-05,390.0
43348721,2017-12-25T13:59:37.9,BUY,7.151e-05,820.42373492
43348722,2017-12-25T13:59:37.9,BUY,7.151e-05,388.26383737
43348723,2017-12-25T13:59:37.9,BUY,7.151e-05,1699.57065921
43348724,2017-12-25T13:59:38.51,SELL,7.133e-05,49.64904435
43348725,2017-12-25T13:59:38.51,SELL,7.13e-05,16.89471077
43348729,2017-12-25T13:59:44.823,SELL,7.13e-05,161.0
43348741,2017-12-25T13:59:58.013,BUY,7.151e-05,810.45449692
43348742,2017-12-25T14:00:04.25,SELL,7.13e-05,749.49293088
43348743,2017-12-25T14:00:04.25,SELL,7.13e-05,2353.08885955
43348745,2017-12-25T14:00:08.08,SELL,7.13e-05,888.0
43348748,2017-12-25T14:00:09.033,SELL,7.13e-05,86.25
43348750,2017-12-25T14:00:09.52,BUY,7.15e-05,99.17355371
43348752,2017-12-25T14:00:12.91,BUY,7.15e-05,714.99013829
43348753,2017-12-25T14:00:12.91,BUY,7.151e-05,305.00986171
43348756,2017-12-25T14:00:22.52,SELL,7.13e-05,60.0
43348758,2017-12-25T14:00:26.43,SELL,7.13e-05,702.94949229
43348761,2017-12-25T14:00:34.29,SELL,7.131e-05,5930.57512
43348762,2017-12-25T14:00:37.85,SELL,7.131e-05,5416.982097
43348763,2017-12-25T14:00:38.71,SELL,7.131e-05,172.57384075
43348765,2017-12-25T14:00:41.493,BUY,7.151e-05,123.13139
43348766,2017-12-25T14:00:43.76,SELL,7.131e-05,1351.342717
43348768,2017-12-25T14:00:49.76,BUY,7.151e-05,183.92637916
43348769,2017-12-25T14:00:49.76,BUY,7.151e-05,222.13194439
43348770,2017-12-25T14:00:49.76,BUY,7.151e-05,25.0
43348771,2017-12-25T14:00:49.76,BUY,7.151e-05,100.0
43348772,2017-12-25T14:00:49.76,BUY,7.152e-05,201.13267944
43348776,2017-12-25T14:00:52.9,BUY,7.152e-05,22.53044
43348777,2017-12-25T14:00:56.277,SELL,7.131e-05,2598.60624043
43348779,2017-12-25T14:00:56.84,SELL,7.131e-05,488.44979757
43348783,2017-12-25T14:00:59.793,SELL,7.131e-05,1271.70000657
43348784,2017-12-25T14:01:00.217,SELL,7.131e-05,199.47623055
43348794,2017-12-25T14:01:13.687,BUY,7.152e-05,776.33688056
43348795,2017-12-25T14:01:13.687,BUY,7.152e-05,226.66412243
43348796,2017-12-25T14:01:15.373,SELL,7.132e-05,1471.86674368
43348797,2017-12-25T14:01:15.373,SELL,7.131e-05,3248.42563532
43348798,2017-12-25T14:01:15.373,SELL,7.13e-05,159.961481
43348800,2017-12-25T14:01:15.61,SELL,7.13e-05,2735.26798939
43348801,2017-12-25T14:01:15.61,SELL,7.129e-05,3408.7480858
43348802,2017-12-25T14:01:15.61,SELL,7.124e-05,2401.66127827
43348803,2017-12-25T14:01:15.61,SELL,7.122e-05,15.444241
43348804,2017-12-25T14:01:15.61,SELL,7.12e-05,3242.78016231
43348805,2017-12-25T14:01:15.61,SELL,7.11e-05,267.18956751
43348806,2017-12-25T14:01:15.61,SELL,7.107e-05,99.05431265
43348807,2017-12-25T14:01:15.61,SELL,7.093e-05,552.52675475
43348808,2017-12-25T14:01:15.61,SELL,7.093e-05,28.19387977
43348809,2017-12-25T14:01:15.61,SELL,7.093e-05,30.34998872
43348810,2017-12-25T14:01:15.61,SELL,7.093e-05,66.49161145
43348813,2017-12-25T14:01:18.203,BUY,7.093e-05,526.24790924
43348816,2017-12-25T14:01:18.58,BUY,7.093e-05,5271.43585118
43348822,2017-12-25T14:01:19.86,BUY,7.131e-05,9.45399068
43348823,2017-12-25T14:01:19.86,BUY,7.132e-05,3212.71370932
43348826,2017-12-25T14:01:22.94,BUY,7.132e-05,146.57071414
43348830,2017-12-25T14:01:28.19,SELL,7.1e-05,619.94196599
43348831,2017-12-25T14:01:28.19,SELL,7.1e-05,241.75472306
43348832,2017-12-25T14:01:28.19,SELL,7.093e-05,1769.5644
43348833,2017-12-25T14:01:28.19,SELL,7.093e-05,641.60007374
43348836,2017-12-25T14:01:33.47,BUY,7.132e-05,1991.2584551
43348843,2017-12-25T14:01:44.507,SELL,7.1e-05,25.38707746
43348844,2017-12-25T14:01:44.507,SELL,7.092e-05,34.9887552
43348851,2017-12-25T14:02:18.793,SELL,7.092e-05,203.14190031
43348853,2017-12-25T14:02:21.62,SELL,7.093e-05,832.84259395
43348858,2017-12-25T14:02:38.547,SELL,7.093e-05,141.38410384
43348862,2017-12-25T14:02:58.097,BUY,7.132e-05,140.21312394
43348865,2017-12-25T14:03:11.193,SELL,7.093e-05,506.72691704
43348866,2017-12-25T14:03:11.193,SELL,7.093e-05,20.0
43348867,2017-12-25T14:03:11.193,SELL,7.093e-05,20.0
43348868,2017-12-25T14:03:11.193,SELL,7.093e-05,286.11567691
43348869,2017-12-25T14:03:19.38,SELL,7.093e-05,24.41546365
43348873,2017-12-25T14:03:55.64,SELL,7.093e-05,24.41546365
43348875,2017-12-25T14:03:56.39,SELL,7.093e-05,1333.26380871
43348876,2017-12-25T14:03:56.39,SELL,7.093e-05,1772.33602344
43348879,2017-12-25T14:04:05.937,SELL,7.093e-05,141.38410384
43348880,2017-12-25T14:04:25.613,SELL,7.093e-05,1102.067762
43348887,2017-12-25T14:05:00.98,SELL,7.093e-05,408.95365457
43348888,2017-12-25T14:05:00.98,SELL,7.093e-05,2846.90083343
43348891,2017-12-25T14:05:28.077,SELL,7.094e-05,1140.038055
43348893,2017-12-25T14:05:36.94,SELL,7.094e-05,695.21884583
43348900,2017-12-25T14:05:45.8,SELL,7.094e-05,790.46973268
43348901,2017-12-25T14:05:45.8,SELL,7.094e-05,1480.7448534
43348902,2017-12-25T14:05:45.8,SELL,7.094e-05,1030.44489654
43348904,2017-12-25T14:05:48.457,SELL,7.094e-05,1595.28173697
43348905,2017-12-25T14:05:48.457,SELL,7.094e-05,714.83557203
43348908,2017-12-25T14:06:05.787,SELL,7.094e-05,765.90928137
43348909,2017-12-25T14:06:05.787,SELL,7.093e-05,234.09071863
43348911,2017-12-25T14:06:14.587,SELL,7.093e-05,343.74999179
43348912,2017-12-25T14:06:14.587,SELL,7.093e-05,435.76239721
43348914,2017-12-25T14:06:31.23,SELL,7.093e-05,50.0
43348916,2017-12-25T14:06:37.247,SELL,7.093e-05,995.19121762
43348917,2017-12-25T14:06:37.247,SELL,7.093e-05,1314.92609138
43348919,2017-12-25T14:06:40.543,SELL,7.093e-05,353.28432154
43348920,2017-12-25T14:06:40.543,SELL,7.093e-05,1127.51419646
43348921,2017-12-25T14:06:43.107,SELL,7.093e-05,1000.0
43348923,2017-12-25T14:06:48.7,SELL,7.094e-05,1242.918447
43348924,2017-12-25T14:06:48.717,SELL,7.094e-05,157.081553
43348925,2017-12-25T14:06:48.717,SELL,7.093e-05,25.0820431
43348927,2017-12-25T14:06:48.967,SELL,7.093e-05,1086.555174
43348928,2017-12-25T14:06:52.437,SELL,7.093e-05,185.59013029
43348929,2017-12-25T14:06:52.437,SELL,7.093e-05,0.78360543
43348931,2017-12-25T14:06:58.78,SELL,7.093e-05,58.14690031
43348934,2017-12-25T14:07:11.033,SELL,7.093e-05,151.31610832
43348935,2017-12-25T14:07:15.08,SELL,7.093e-05,1409.8407
43348938,2017-12-25T14:07:22.787,BUY,7.132e-05,177.91142332
43348939,2017-12-25T14:07:22.787,BUY,7.132e-05,176.16281855
43348941,2017-12-25T14:07:49.213,SELL,7.093e-05,40.05340453
43348944,2017-12-25T14:07:59.557,SELL,7.093e-05,506.30194025
43348945,2017-12-25T14:08:02.12,SELL,7.093e-05,8516.46757579
43348946,2017-12-25T14:08:02.12,SELL,7.093e-05,1484.32997321
43348947,2017-12-25T14:08:02.607,SELL,7.093e-05,1000.0
43348948,2017-12-25T14:08:04.45,SELL,7.093e-05,10934.550451
43348952,2017-12-25T14:08:13.95,SELL,7.103e-05,21.031969
43348953,2017-12-25T14:08:13.95,SELL,7.093e-05,21.09819916
43348954,2017-12-25T14:08:18.483,SELL,7.093e-05,1409.8407
43348955,2017-12-25T14:08:19.61,SELL,7.093e-05,256.00206765
43348956,2017-12-25T14:08:20.437,SELL,7.093e-05,186.37373572
43348957,2017-12-25T14:08:22.767,SELL,7.093e-05,706.89094543
43348958,2017-12-25T14:08:28.923,SELL,7.093e-05,718.41241712
43348959,2017-12-25T14:08:31,SELL,7.093e-05,535.3311296
43348961,2017-12-25T14:08:31.11,BUY,7.094e-05,24.41546365
43348962,2017-12-25T14:08:31.11,BUY,7.132e-05,6.00077755
43348963,2017-12-25T14:08:31.11,BUY,7.132e-05,96.16603728
43348964,2017-12-25T14:08:31.657,SELL,7.093e-05,449.5641587
43348966,2017-12-25T14:08:38.22,SELL,7.103e-05,15.485385
43348967,2017-12-25T14:08:38.22,SELL,7.093e-05,1688.36831774
43348968,2017-12-25T14:08:38.83,SELL,7.093e-05,21.43874904
43348969,2017-12-25T14:08:39.283,SELL,7.093e-05,5092.95195677
43348970,2017-12-25T14:08:39.363,SELL,7.093e-05,951.51647458
43348979,2017-12-25T14:08:56.803,BUY,7.109e-05,66.96023104
43348981,2017-12-25T14:08:59.993,BUY,7.109e-05,64.15864932
43348983,2017-12-25T14:09:02.087,SELL,7.101e-05,20.8935824
43348984,2017-12-25T14:09:02.087,SELL,7.093e-05,996.18239176
43348987,2017-12-25T14:09:02.807,BUY,7.109e-05,126.58227848
43348991,2017-12-25T14:09:08.103,BUY,7.109e-05,220.16378036
43348992,2017-12-25T14:09:08.493,SELL,7.093e-05,178.51583581
43348996,2017-12-25T14:09:10.947,SELL,7.093e-05,182.1635961
43348998,2017-12-25T14:09:12.29,BUY,7.109e-05,40.88864658
43349000,2017-12-25T14:09:13.23,SELL,7.093e-05,690.87820222
43349002,2017-12-25T14:09:16.09,BUY,7.109e-05,35.17538071
43349003,2017-12-25T14:09:16.793,SELL,7.093e-05,4978.71133637
43349004,2017-12-25T14:09:18.51,SELL,7.093e-05,482.21562977
43349006,2017-12-25T14:09:18.667,BUY,7.109e-05,1140.46788152
43349007,2017-12-25T14:09:18.667,BUY,7.109e-05,60.0
43349011,2017-12-25T14:09:23.81,SELL,7.109e-05,268.0
43349013,2017-12-25T14:09:24.683,SELL,7.109e-05,690.87820222
43349014,2017-12-25T14:09:25.997,SELL,7.109e-05,92.46127106
43349018,2017-12-25T14:09:31.687,SELL,7.109e-05,561.52785409
43349020,2017-12-25T14:09:32.233,SELL,7.093e-05,30.0
43349021,2017-12-25T14:09:32.937,SELL,7.093e-05,78.74642249
43349022,2017-12-25T14:09:33.2,SELL,7.093e-05,71.55194761
43349023,2017-12-25T14:09:33.327,SELL,7.093e-05,38.44929825
43349025,2017-12-25T14:09:37.92,BUY,7.109e-05,157.0376918
43349029,2017-12-25T14:09:39.343,SELL,7.109e-05,24.41546365
43349030,2017-12-25T14:09:39.483,SELL,7.109e-05,1023.59302779
43349031,2017-12-25T14:09:39.483,SELL,7.093e-05,23029.78697221
43349032,2017-12-25T14:09:39.577,SELL,7.093e-05,2800.0
43349040,2017-12-25T14:09:45.313,SELL,7.126e-05,29.4605096
43349041,2017-12-25T14:09:45.313,SELL,7.11e-05,71.17915549
43349042,2017-12-25T14:09:45.313,SELL,7.109e-05,113.79358608
43349043,2017-12-25T14:09:45.313,SELL,7.093e-05,772.9165291
43349048,2017-12-25T14:09:53.83,SELL,7.11e-05,71.17915549
43349051,2017-12-25T14:09:58.737,BUY,7.096e-05,10.05261541
43349054,2017-12-25T14:10:03.737,BUY,7.096e-05,41.59384906
43349055,2017-12-25T14:10:03.737,BUY,7.13e-05,226.2154707
43349062,2017-12-25T14:10:16.21,SELL,7.093e-05,5739.03370689
43349063,2017-12-25T14:10:16.21,SELL,7.093e-05,1390.0
43349064,2017-12-25T14:10:16.21,SELL,7.093e-05,85.913612
43349065,2017-12-25T14:10:16.21,SELL,7.093e-05,719.01875088
43349066,2017-12-25T14:10:16.21,SELL,7.093e-05,719.01875088
43349067,2017-12-25T14:10:16.21,SELL,7.093e-05,31.45176668
43349068,2017-12-25T14:10:16.21,SELL,7.092e-05,5255.63825775
43349069,2017-12-25T14:10:16.21,SELL,7.092e-05,71.01159256
43349070,2017-12-25T14:10:16.21,SELL,7.092e-05,20.0
43349071,2017-12-25T14:10:16.21,SELL,7.092e-05,20.0
43349072,2017-12-25T14:10:16.21,SELL,7.092e-05,71.01159256
43349073,2017-12-25T14:10:16.21,SELL,7.091e-05,15.51258881
43349074,2017-12-25T14:10:16.21,SELL,7.09e-05,95.62327221
43349075,2017-12-25T14:10:16.21,SELL,7.089e-05,697.23418025
43349076,2017-12-25T14:10:16.21,SELL,7.089e-05,29.88757088
43349077,2017-12-25T14:10:16.21,SELL,7.088e-05,49.39781549
43349078,2017-12-25T14:10:16.21,SELL,7.085e-05,38.10636757
43349079,2017-12-25T14:10:16.21,SELL,7.084e-05,110.64990409
43349080,2017-12-25T14:10:16.21,SELL,7.084e-05,18.35007424
43349081,2017-12-25T14:10:16.21,SELL,7.084e-05,369.12478307
43349082,2017-12-25T14:10:16.21,SELL,7.084e-05,28.09587451
43349083,2017-12-25T14:10:16.21,SELL,7.08e-05,700.76153868
43349084,2017-12-25T14:10:17.693,SELL,7.08e-05,1139.204209
43349086,2017-12-25T14:10:19.1,BUY,7.093e-05,50.34232782
43349088,2017-12-25T14:10:19.333,BUY,7.093e-05,40.16601954
43349090,2017-12-25T14:10:20.6,BUY,7.093e-05,33.87533875
43349091,2017-12-25T14:10:23.21,SELL,7.08e-05,50.0
43349095,2017-12-25T14:10:24.943,BUY,7.093e-05,162.60162601
43349099,2017-12-25T14:10:27.43,BUY,7.093e-05,140.9840688
43349101,2017-12-25T14:10:28.617,BUY,7.093e-05,629.41111224
43349102,2017-12-25T14:10:28.617,BUY,7.129e-05,1131.06792967
43349103,2017-12-25T14:10:29.4,SELL,7.08e-05,1544.270038
43349107,2017-12-25T14:10:36.883,BUY,7.093e-05,210.40819189
43349109,2017-12-25T14:10:37.087,BUY,7.093e-05,16.31543167
43349111,2017-12-25T14:10:37.417,SELL,7.08e-05,730.58257744
43349114,2017-12-25T14:10:38.29,SELL,7.08e-05,835.18163688
43349115,2017-12-25T14:10:38.29,SELL,7.08e-05,295.88629312
43349116,2017-12-25T14:10:39.79,SELL,7.08e-05,3761.01705433
43349117,2017-12-25T14:10:39.79,SELL,7.08e-05,586.13110056
43349118,2017-12-25T14:10:39.79,SELL,7.078e-05,848.95277207
43349119,2017-12-25T14:10:39.79,SELL,7.078e-05,52.41300604
43349121,2017-12-25T14:10:40.603,BUY,7.093e-05,138.37523767
43349122,2017-12-25T14:10:40.603,BUY,7.093e-05,169.75722401
43349124,2017-12-25T14:10:42.59,SELL,7.078e-05,116.70256333
43349125,2017-12-25T14:10:42.59,SELL,7.077e-05,500.0
43349126,2017-12-25T14:10:42.59,SELL,7.077e-05,26.81889466
43349127,2017-12-25T14:10:42.59,SELL,7.077e-05,26.04141691
43349128,2017-12-25T14:10:42.59,SELL,7.076e-05,1498.68478941
43349129,2017-12-25T14:10:42.59,SELL,7.076e-05,45.58524865
43349137,2017-12-25T14:10:54.077,BUY,7.093e-05,36.22702267
43349141,2017-12-25T14:10:59.907,BUY,7.075e-05,41.24969541
43349142,2017-12-25T14:10:59.983,SELL,7.073e-05,8.62433281
43349144,2017-12-25T14:11:02.187,BUY,7.075e-05,194.91872999
43349145,2017-12-25T14:11:02.187,BUY,7.092e-05,16.46796674
43349148,2017-12-25T14:11:02.61,BUY,7.092e-05,86.46375
43349153,2017-12-25T14:11:04.047,BUY,7.092e-05,28.19681376
43349156,2017-12-25T14:11:07.437,BUY,7.075e-05,42.29522064
43349158,2017-12-25T14:11:08.39,BUY,7.075e-05,25.0
43349161,2017-12-25T14:11:10.39,BUY,7.075e-05,703.33380222
43349163,2017-12-25T14:11:11.063,BUY,7.075e-05,384.13236306
43349167,2017-12-25T14:11:22.207,BUY,7.075e-05,55.00899185
43349169,2017-12-25T14:11:25.363,BUY,7.075e-05,734.51998656
43349171,2017-12-25T14:11:26.817,BUY,7.075e-05,324.2805026
43349173,2017-12-25T14:11:27.283,BUY,7.075e-05,384.13236306
43349175,2017-12-25T14:11:28.38,BUY,7.093e-05,81.64376105
43349179,2017-12-25T14:11:39.677,BUY,7.092e-05,105.94623228
43349186,2017-12-25T14:11:47.553,BUY,7.092e-05,70.50197405
43349188,2017-12-25T14:11:52.21,BUY,7.092e-05,54.80953685
43349190,2017-12-25T14:11:53.57,BUY,7.092e-05,134.96437692
43349192,2017-12-25T14:11:53.617,BUY,7.092e-05,32.00426722
43349199,2017-12-25T14:11:59.337,SELL,7.073e-05,62.22256525
43349201,2017-12-25T14:11:59.883,BUY,7.073e-05,24.13461306
43349203,2017-12-25T14:12:00.103,BUY,7.073e-05,42.9587864
43349206,2017-12-25T14:12:03.807,BUY,7.073e-05,67.7506775
43349208,2017-12-25T14:12:03.947,BUY,7.073e-05,80.54772452
43349211,2017-12-25T14:12:08.137,BUY,7.073e-05,105.27701012
43349215,2017-12-25T14:12:12.357,BUY,7.073e-05,20.0
43349218,2017-12-25T14:12:14.7,BUY,7.073e-05,55.02063272
43349221,2017-12-25T14:12:18.873,SELL,7.071e-05,60.0
43349223,2017-12-25T14:12:20.2,BUY,7.073e-05,49.99561943
43349225,2017-12-25T14:12:20.327,BUY,7.073e-05,2558.85985002
43349227,2017-12-25T14:12:21.747,BUY,7.092e-05,63.45177664
43349234,2017-12-25T14:12:28.217,SELL,7.073e-05,1000.0
43349235,2017-12-25T14:12:28.217,SELL,7.071e-05,4.92928864
43349236,2017-12-25T14:12:28.217,SELL,7.07e-05,130.0
43349237,2017-12-25T14:12:28.217,SELL,7.069e-05,87.51577309
43349238,2017-12-25T14:12:28.217,SELL,7.068e-05,47.18635081
43349239,2017-12-25T14:12:28.217,SELL,7.067e-05,4568.97274126
43349240,2017-12-25T14:12:28.217,SELL,7.067e-05,10.0
43349241,2017-12-25T14:12:28.217,SELL,7.067e-05,877.98604048
43349247,2017-12-25T14:12:43.58,BUY,7.071e-05,34.80589022
43349249,2017-12-25T14:12:44.22,BUY,7.071e-05,6.23660929
43349251,2017-12-25T14:12:45.05,SELL,7.071e-05,111.42159762
43349254,2017-12-25T14:12:51.847,SELL,7.072e-05,582.76302275
43349257,2017-12-25T14:12:52.957,BUY,7.073e-05,56.28211658
43349260,2017-12-25T14:12:55.613,BUY,7.073e-05,33.71788342
43349261,2017-12-25T14:12:56.317,SELL,7.072e-05,140.0
43349262,2017-12-25T14:12:57.66,SELL,7.072e-05,194.79785996
43349266,2017-12-25T14:13:00.083,BUY,7.092e-05,38.96103896
43349271,2017-12-25T14:13:08.083,SELL,7.073e-05,85.45315814
43349272,2017-12-25T14:13:08.083,SELL,7.073e-05,131.04249951
43349273,2017-12-25T14:13:08.083,SELL,7.073e-05,131.04249951
43349274,2017-12-25T14:13:08.083,SELL,7.072e-05,1652.46184284
43349276,2017-12-25T14:13:08.147,BUY,7.092e-05,189.06827035
43349283,2017-12-25T14:13:17.803,BUY,7.092e-05,15.23313824
43349285,2017-12-25T14:13:18.947,BUY,7.092e-05,705.01974055
43349287,2017-12-25T14:13:20.413,BUY,7.092e-05,471.87320765
43349288,2017-12-25T14:13:22.337,SELL,7.092e-05,450.0
43349298,2017-12-25T14:13:33.447,SELL,7.092e-05,1058.08383973
43349299,2017-12-25T14:13:33.447,SELL,7.092e-05,128.53470436
43349300,2017-12-25T14:13:33.447,SELL,7.092e-05,813.38145591
43349304,2017-12-25T14:13:36.62,BUY,7.093e-05,77.4708535
43349305,2017-12-25T14:13:36.62,BUY,7.093e-05,8.27405538
43349313,2017-12-25T14:13:44.137,BUY,7.093e-05,51.62550579
