10884754,2017-12-25T12:59:29.31,SELL,7.3e-07,42500.0
10884755,2017-12-25T12:59:29.31,SELL,7.3e-07,11375.55832192
10884756,2017-12-25T12:59:29.31,SELL,7.3e-07,64674.59321918
10884757,2017-12-25T12:59:29.31,SELL,7.3e-07,139777.21541096
10884759,2017-12-25T12:59:30.59,BUY,7.3e-07,15214.56486301
10884761,2017-12-25T12:59:31.17,BUY,7.3e-07,110702.397658
10884764,2017-12-25T12:59:32.183,BUY,7.3e-07,15000.0
10884766,2017-12-25T12:59:32.293,BUY,7.3e-07,78789.53675779
10884768,2017-12-25T12:59:33.433,BUY,7.3e-07,254264.245
10884770,2017-12-25T12:59:33.67,BUY,7.3e-07,6791.050171
10884773,2017-12-25T12:59:35.153,BUY,7.3e-07,92965.00043231
10884775,2017-12-25T12:59:35.357,BUY,7.3e-07,24716.25043173
10884777,2017-12-25T12:59:35.73,BUY,7.3e-07,30945.94594594
10884779,2017-12-25T12:59:36.763,BUY,7.3e-07,2000.0
10884781,2017-12-25T12:59:36.827,BUY,7.3e-07,12338.77126645
10884782,2017-12-25T12:59:36.827,BUY,7.3e-07,16598.73033355
10884786,2017-12-25T12:59:38.123,BUY,7.3e-07,6791.05369
10884788,2017-12-25T12:59:39.623,BUY,7.3e-07,3780.59550414
10884790,2017-12-25T12:59:39.67,BUY,7.3e-07,998.63455681
10884791,2017-12-25T12:59:39.67,BUY,7.3e-07,1001.36544319
10884793,2017-12-25T12:59:42.077,BUY,7.3e-07,53000.0
10884795,2017-12-25T12:59:42.14,BUY,7.3e-07,6791.055449
10884797,2017-12-25T12:59:46.25,SELL,7.2e-07,1500.0
10884801,2017-12-25T12:59:46.89,BUY,7.3e-07,2000.0
10884803,2017-12-25T12:59:47.717,BUY,7.3e-07,41471.15685811
10884804,2017-12-25T12:59:47.763,SELL,7.2e-07,10000.0
10884807,2017-12-25T12:59:48.89,BUY,7.3e-07,2000.0
10884808,2017-12-25T12:59:49.187,SELL,7.2e-07,2666.66666666
10884810,2017-12-25T12:59:50.86,SELL,7.2e-07,15000.0
10884813,2017-12-25T12:59:51.31,BUY,7.3e-07,6791.050171
10884814,2017-12-25T12:59:51.56,SELL,7.2e-07,66336.7691
10884816,2017-12-25T12:59:52.843,BUY,7.3e-07,61489.7260274
10884818,2017-12-25T12:59:53,BUY,7.3e-07,79957.729
10884820,2017-12-25T12:59:53.483,BUY,7.3e-07,12546.12646425
10884822,2017-12-25T12:59:54.67,BUY,7.3e-07,2546.38518164
10884823,2017-12-25T12:59:54.67,BUY,7.3e-07,14099.73043233
10884824,2017-12-25T12:59:54.67,BUY,7.3e-07,8325.76419103
10884826,2017-12-25T12:59:54.937,BUY,7.3e-07,3127.62013733
10884827,2017-12-25T12:59:54.937,BUY,7.3e-07,3663.43003367
10884829,2017-12-25T12:59:55.263,BUY,7.3e-07,13000.0
10884831,2017-12-25T12:59:55.86,BUY,7.3e-07,22467.095495
10884833,2017-12-25T12:59:56.28,BUY,7.3e-07,13000.0
10884836,2017-12-25T12:59:56.703,BUY,7.3e-07,2000.0
10884838,2017-12-25T12:59:57.157,BUY,7.3e-07,13000.0
10884841,2017-12-25T12:59:58.763,BUY,7.3e-07,2000.0
10884843,2017-12-25T12:59:58.89,BUY,7.3e-07,145488.38116438
10884845,2017-12-25T12:59:59.78,BUY,7.3e-07,6791.050171
10884847,2017-12-25T13:00:00.373,BUY,7.3e-07,2000.0
10884850,2017-12-25T13:00:02.483,BUY,7.3e-07,2000.0
10884852,2017-12-25T13:00:03.517,BUY,7.3e-07,6775.561698
10884855,2017-12-25T13:00:05.297,BUY,7.3e-07,269965.081081
10884857,2017-12-25T13:00:06.017,BUY,7.3e-07,864287.75652133
10884858,2017-12-25T13:00:06.017,BUY,7.3e-07,10000.0
10884859,2017-12-25T13:00:06.017,BUY,7.3e-07,385380.36878906
10884860,2017-12-25T13:00:06.017,BUY,7.3e-07,19226.02739726
10884861,2017-12-25T13:00:06.017,BUY,7.3e-07,432394.01410742
10884862,2017-12-25T13:00:06.373,SELL,7.2e-07,6338.61375
10884864,2017-12-25T13:00:06.83,BUY,7.3e-07,142284.316622
10884866,2017-12-25T13:00:07.703,BUY,7.3e-07,2000.0
10884868,2017-12-25T13:00:08.123,BUY,7.3e-07,60667.71770548
10884870,2017-12-25T13:00:08.58,BUY,7.3e-07,48000.0
10884872,2017-12-25T13:00:08.72,BUY,7.3e-07,2000.0
10884874,2017-12-25T13:00:08.843,BUY,7.3e-07,31023.5171901
10884875,2017-12-25T13:00:08.843,BUY,7.3e-07,16270.11507692
10884876,2017-12-25T13:00:08.843,BUY,7.3e-07,39680.36986301
10884877,2017-12-25T13:00:08.843,BUY,7.3e-07,28500.0
10884878,2017-12-25T13:00:08.843,BUY,7.3e-07,14912.77730253
10884879,2017-12-25T13:00:08.843,BUY,7.3e-07,14060.90329731
10884880,2017-12-25T13:00:08.843,BUY,7.4e-07,987889.75896913
10884883,2017-12-25T13:00:09.75,SELL,7.3e-07,6775.561698
10884884,2017-12-25T13:00:09.75,SELL,7.2e-07,2455.21122508
10884886,2017-12-25T13:00:11.453,BUY,7.4e-07,21521.35969033
10884893,2017-12-25T13:00:16.33,SELL,7.3e-07,223838.4015
10884896,2017-12-25T13:00:17.563,SELL,7.3e-07,29720.76923076
10884906,2017-12-25T13:00:24.44,BUY,7.4e-07,6716.385095
10884907,2017-12-25T13:00:25.313,SELL,7.3e-07,11121.47800297
10884911,2017-12-25T13:00:30.55,SELL,7.3e-07,17230.12753378
10884916,2017-12-25T13:00:31.66,BUY,7.4e-07,116541.67609143
10884924,2017-12-25T13:00:39.207,BUY,7.4e-07,134798.13978567
10884927,2017-12-25T13:00:41.673,SELL,7.3e-07,1570.41009811
10884930,2017-12-25T13:00:43.19,BUY,7.4e-07,1351.35135135
10884931,2017-12-25T13:00:45.347,SELL,7.3e-07,5000.0
10884943,2017-12-25T13:00:54.113,BUY,7.4e-07,1724.63706081
10884950,2017-12-25T13:00:59.957,SELL,7.3e-07,2438.4663546
10884953,2017-12-25T13:01:03.707,BUY,7.4e-07,22228.47871622
10884955,2017-12-25T13:01:05.05,BUY,7.4e-07,26959.45945946
10884959,2017-12-25T13:01:05.91,BUY,7.4e-07,111254.505807
10884961,2017-12-25T13:01:05.91,BUY,7.4e-07,630988.46716216
10884962,2017-12-25T13:01:06.083,SELL,7.3e-07,2749.11499813
10884964,2017-12-25T13:01:08.897,BUY,7.4e-07,6715.105661
10884969,2017-12-25T13:01:12.24,SELL,7.3e-07,64255.95865151
10884970,2017-12-25T13:01:12.24,SELL,7.3e-07,16397.26027397
10884971,2017-12-25T13:01:12.24,SELL,7.3e-07,57568.70307452
10884973,2017-12-25T13:01:12.99,BUY,7.4e-07,6715.105661
10884977,2017-12-25T13:01:15.71,BUY,7.4e-07,6832.19178082
10884980,2017-12-25T13:01:18.27,BUY,7.4e-07,10651.76418497
10884982,2017-12-25T13:01:19.257,BUY,7.4e-07,14783.757975
10884985,2017-12-25T13:01:22.163,SELL,7.3e-07,1500.0
10884986,2017-12-25T13:01:23.617,SELL,7.3e-07,100000.0
10884987,2017-12-25T13:01:26.32,SELL,7.3e-07,188207.54716981
10884991,2017-12-25T13:01:28.977,BUY,7.4e-07,363413.58424102
10884992,2017-12-25T13:01:28.99,BUY,7.4e-07,50294.96116438
10884993,2017-12-25T13:01:28.99,BUY,7.4e-07,831250.0
10884994,2017-12-25T13:01:28.99,BUY,7.4e-07,10926.0
10884995,2017-12-25T13:01:28.99,BUY,7.4e-07,2000000.0
10884996,2017-12-25T13:01:28.99,BUY,7.4e-07,27328.76712329
10884997,2017-12-25T13:01:28.99,BUY,7.4e-07,40881.14754098
10884998,2017-12-25T13:01:28.99,BUY,7.4e-07,12676.3086831
10884999,2017-12-25T13:01:28.99,BUY,7.4e-07,13547.2972973
10885000,2017-12-25T13:01:28.99,BUY,7.4e-07,16564.0
10885001,2017-12-25T13:01:28.99,BUY,7.4e-07,153439.3051241
10885002,2017-12-25T13:01:28.99,BUY,7.4e-07,500000.0
10885003,2017-12-25T13:01:28.99,BUY,7.4e-07,282821.45914272
10885004,2017-12-25T13:01:28.99,BUY,7.4e-07,23323.06010417
10885005,2017-12-25T13:01:28.99,BUY,7.4e-07,13479.83756757
10885006,2017-12-25T13:01:28.99,BUY,7.4e-07,50900.0
10885007,2017-12-25T13:01:28.99,BUY,7.4e-07,9579.0340625
10885008,2017-12-25T13:01:28.99,BUY,7.4e-07,20000.0
10885009,2017-12-25T13:01:28.99,BUY,7.4e-07,41000.0
10885010,2017-12-25T13:01:28.99,BUY,7.4e-07,30000.9625
10885011,2017-12-25T13:01:28.99,BUY,7.4e-07,6657.89462838
10885012,2017-12-25T13:01:28.99,BUY,7.4e-07,5000.0
10885013,2017-12-25T13:01:28.99,BUY,7.4e-07,16925.56614583
10885014,2017-12-25T13:01:28.99,BUY,7.4e-07,1400.0
10885015,2017-12-25T13:01:28.99,BUY,7.4e-07,224239.51344828
10885016,2017-12-25T13:01:28.99,BUY,7.4e-07,179504.45660959
10885017,2017-12-25T13:01:28.99,BUY,7.4e-07,2000.0
10885018,2017-12-25T13:01:28.99,BUY,7.4e-07,59222.79956512
10885019,2017-12-25T13:01:28.99,BUY,7.4e-07,10000.0
10885020,2017-12-25T13:01:28.99,BUY,7.4e-07,1076734.60302766
10885021,2017-12-25T13:01:28.99,BUY,7.4e-07,3000.0
10885022,2017-12-25T13:01:28.99,BUY,7.4e-07,53918.91891892
10885023,2017-12-25T13:01:28.99,BUY,7.4e-07,10515.0
10885024,2017-12-25T13:01:28.99,BUY,7.4e-07,1366338.29408482
10885026,2017-12-25T13:01:31.537,SELL,7.3e-07,73549.64285714
10885027,2017-12-25T13:01:31.787,SELL,7.3e-07,2004.27115114
10885030,2017-12-25T13:01:32.303,BUY,7.4e-07,3015.79297297
10885038,2017-12-25T13:01:40.647,BUY,7.4e-07,13390.96611342
10885043,2017-12-25T13:01:42.35,BUY,7.4e-07,3546.23332837
10885045,2017-12-25T13:01:42.693,BUY,7.4e-07,37466.92226351
10885050,2017-12-25T13:01:48.883,BUY,7.4e-07,1918.67777027
10885052,2017-12-25T13:01:50.023,BUY,7.4e-07,1271410.72752914
10885053,2017-12-25T13:01:50.023,BUY,7.4e-07,269694.71767356
10885058,2017-12-25T13:01:55.773,SELL,7.3e-07,20000.0
10885061,2017-12-25T13:01:58.65,BUY,7.4e-07,15637.66860512
10885062,2017-12-25T13:02:01.4,SELL,7.3e-07,1404929.57746479
10885064,2017-12-25T13:02:01.9,BUY,7.4e-07,15000.0
10885066,2017-12-25T13:02:04.447,SELL,7.3e-07,2000.0
10885068,2017-12-25T13:02:05.853,BUY,7.4e-07,4991.22040541
10885070,2017-12-25T13:02:07.37,SELL,7.3e-07,13479.72972973
10885074,2017-12-25T13:02:12.557,BUY,7.4e-07,38948.93243243
10885076,2017-12-25T13:02:12.713,BUY,7.4e-07,12520.28561166
10885077,2017-12-25T13:02:15.133,SELL,7.3e-07,15000.1140625
10885083,2017-12-25T13:02:19.527,BUY,7.4e-07,2500.0
10885084,2017-12-25T13:02:21.62,SELL,7.3e-07,10105.59576923
10885094,2017-12-25T13:02:27.573,SELL,7.3e-07,428713.20205479
10885097,2017-12-25T13:02:30.057,SELL,7.3e-07,15000.0
10885101,2017-12-25T13:02:33.167,BUY,7.4e-07,8361.13935811
10885102,2017-12-25T13:02:33.497,SELL,7.3e-07,79070.29039923
10885103,2017-12-25T13:02:33.497,SELL,7.3e-07,2459.80767123
10885104,2017-12-25T13:02:33.497,SELL,7.3e-07,5659.41873288
10885105,2017-12-25T13:02:33.497,SELL,7.3e-07,26933.51116438
10885106,2017-12-25T13:02:33.497,SELL,7.3e-07,11112.32285318
10885110,2017-12-25T13:02:37.2,SELL,7.3e-07,159692.47166737
10885111,2017-12-25T13:02:37.2,SELL,7.3e-07,237330.03719178
10885112,2017-12-25T13:02:37.2,SELL,7.3e-07,320888.53630492
10885127,2017-12-25T13:02:42.967,SELL,7.3e-07,3780.59550413
10885135,2017-12-25T13:02:45.62,SELL,7.3e-07,767307.6923077
10885136,2017-12-25T13:02:45.81,SELL,7.3e-07,16356.50921658
10885137,2017-12-25T13:02:45.81,SELL,7.3e-07,24072.01529046
10885142,2017-12-25T13:02:47.433,SELL,7.3e-07,59616.96392187
10885143,2017-12-25T13:02:47.433,SELL,7.3e-07,10000.0
10885144,2017-12-25T13:02:47.433,SELL,7.3e-07,330678.08219178
10885145,2017-12-25T13:02:47.433,SELL,7.3e-07,5000.0
10885146,2017-12-25T13:02:47.433,SELL,7.3e-07,191155.56861324
10885151,2017-12-25T13:02:49.153,BUY,7.4e-07,1351.35135135
10885154,2017-12-25T13:02:50.03,BUY,7.4e-07,10009.75074324
10885160,2017-12-25T13:02:52.247,SELL,7.3e-07,86621.43138676
10885161,2017-12-25T13:02:52.247,SELL,7.3e-07,4731.52510274
10885162,2017-12-25T13:02:52.247,SELL,7.3e-07,16706.0
10885163,2017-12-25T13:02:52.247,SELL,7.3e-07,82349.90938888
10885164,2017-12-25T13:02:52.67,SELL,7.3e-07,4433.15959459
10885166,2017-12-25T13:02:52.67,BUY,7.4e-07,17507.21844595
10885168,2017-12-25T13:02:53.077,SELL,7.3e-07,8867.61594804
10885169,2017-12-25T13:02:53.077,SELL,7.3e-07,36979.71626712
10885170,2017-12-25T13:02:53.077,SELL,7.3e-07,5571.81163901
10885176,2017-12-25T13:02:56.17,BUY,7.4e-07,3311.03434013
10885179,2017-12-25T13:02:57.153,BUY,7.4e-07,2004.33753925
10885181,2017-12-25T13:02:58.153,BUY,7.4e-07,359905.44085395
10885182,2017-12-25T13:02:58.153,BUY,7.4e-07,75350.49235954
10885183,2017-12-25T13:02:58.34,SELL,7.3e-07,1550.31818493
10885185,2017-12-25T13:02:59.123,BUY,7.4e-07,3630.45812993
10885189,2017-12-25T13:03:01.623,BUY,7.4e-07,87308.90341713
10885192,2017-12-25T13:03:02.293,SELL,7.3e-07,19197.91884044
10885193,2017-12-25T13:03:02.293,SELL,7.3e-07,25000.0
10885194,2017-12-25T13:03:02.293,SELL,7.3e-07,7427.52164384
10885195,2017-12-25T13:03:02.293,SELL,7.3e-07,28624.05503425
10885196,2017-12-25T13:03:02.293,SELL,7.3e-07,29848.23349315
10885197,2017-12-25T13:03:02.293,SELL,7.3e-07,21983.82434448
10885199,2017-12-25T13:03:02.733,SELL,7.3e-07,13863.87973086
10885200,2017-12-25T13:03:02.733,SELL,7.3e-07,7213.02198147
10885204,2017-12-25T13:03:06.95,BUY,7.4e-07,112612.612613
10885208,2017-12-25T13:03:10.047,SELL,7.3e-07,4286.97801853
10885209,2017-12-25T13:03:10.047,SELL,7.3e-07,142902.58529228
10885211,2017-12-25T13:03:11.797,SELL,7.3e-07,14640.0403584
10885212,2017-12-25T13:03:11.797,SELL,7.3e-07,20173.22136986
10885213,2017-12-25T13:03:11.797,SELL,7.3e-07,9939.34962329
10885214,2017-12-25T13:03:11.797,SELL,7.3e-07,2500.0
10885215,2017-12-25T13:03:11.797,SELL,7.3e-07,105750.0
10885216,2017-12-25T13:03:11.797,SELL,7.3e-07,30000.0
10885217,2017-12-25T13:03:11.797,SELL,7.3e-07,86066.33599315
10885218,2017-12-25T13:03:11.797,SELL,7.3e-07,6229.2287058
10885221,2017-12-25T13:03:12.403,BUY,7.3e-07,10931.50684932
10885227,2017-12-25T13:03:17.217,BUY,7.3e-07,10841.15069969
10885229,2017-12-25T13:03:18.217,BUY,7.3e-07,3730.29472603
10885233,2017-12-25T13:03:20.61,BUY,7.3e-07,60000.0
10885235,2017-12-25T13:03:21.767,BUY,7.3e-07,6311.71541096
10885237,2017-12-25T13:03:22.17,BUY,7.3e-07,22087.46392526
10885240,2017-12-25T13:03:22.92,BUY,7.3e-07,20000.0
10885242,2017-12-25T13:03:23.297,BUY,7.3e-07,68322.35506849
10885246,2017-12-25T13:03:28,BUY,7.3e-07,221602.89963461
10885247,2017-12-25T13:03:28,BUY,7.3e-07,181397.10036539
10885249,2017-12-25T13:03:29.017,SELL,7.2e-07,1122.24
10885251,2017-12-25T13:03:31.25,BUY,7.3e-07,10673.17785728
10885253,2017-12-25T13:03:31.33,BUY,7.3e-07,46766.72177733
10885254,2017-12-25T13:03:31.33,BUY,7.3e-07,50983.37496184
10885256,2017-12-25T13:03:33.203,BUY,7.3e-07,5418.05106164
10885259,2017-12-25T13:03:35.61,BUY,7.3e-07,10803.82814189
10885261,2017-12-25T13:03:37.627,BUY,7.3e-07,203297.35952055
10885263,2017-12-25T13:03:38.093,BUY,7.3e-07,60000.0
10885265,2017-12-25T13:03:38.58,BUY,7.3e-07,27224.13893836
10885268,2017-12-25T13:03:39.797,BUY,7.3e-07,2000.0
10885270,2017-12-25T13:03:39.907,BUY,7.3e-07,100000.0
10885272,2017-12-25T13:03:40.593,BUY,7.3e-07,12576.96527027
10885274,2017-12-25T13:03:43.44,BUY,7.3e-07,2000.0
10885275,2017-12-25T13:03:43.58,SELL,7.2e-07,112612.612613
10885278,2017-12-25T13:03:44.813,BUY,7.3e-07,6299.45193431
10885280,2017-12-25T13:03:45.783,BUY,7.3e-07,2000.0
10885283,2017-12-25T13:03:47.673,BUY,7.3e-07,2000.0
10885285,2017-12-25T13:03:49.3,BUY,7.3e-07,2000.0
10885288,2017-12-25T13:03:49.673,BUY,7.3e-07,19586.29510274
10885291,2017-12-25T13:03:51.017,BUY,7.3e-07,2000.0
10885295,2017-12-25T13:03:52.673,BUY,7.3e-07,2000.0
10885299,2017-12-25T13:03:54.207,BUY,7.3e-07,58202.6600684
10885300,2017-12-25T13:03:54.207,BUY,7.3e-07,12816.98113636
10885301,2017-12-25T13:03:54.207,BUY,7.3e-07,32019.20269912
10885302,2017-12-25T13:03:54.207,BUY,7.3e-07,7688.33954314
10885303,2017-12-25T13:03:54.207,BUY,7.3e-07,4991.22040541
10885304,2017-12-25T13:03:54.207,BUY,7.3e-07,16152.54520833
10885305,2017-12-25T13:03:54.207,BUY,7.3e-07,77000.0
10885306,2017-12-25T13:03:54.207,BUY,7.3e-07,14000.0
10885312,2017-12-25T13:03:56.817,SELL,7.3e-07,89648.10782595
10885314,2017-12-25T13:03:57.13,SELL,7.3e-07,5226.338548
10885317,2017-12-25T13:03:58.613,SELL,7.3e-07,64914.16615313
10885318,2017-12-25T13:03:58.613,SELL,7.3e-07,1971.27863014
10885319,2017-12-25T13:03:58.613,SELL,7.3e-07,2000.0
10885320,2017-12-25T13:03:58.613,SELL,7.3e-07,1614.03100039
10885323,2017-12-25T13:04:00.427,SELL,7.3e-07,385.96899961
10885328,2017-12-25T13:04:02.927,BUY,7.3e-07,7399.36304584
10885329,2017-12-25T13:04:02.927,BUY,7.3e-07,12000.0
10885330,2017-12-25T13:04:04.05,SELL,7.3e-07,48922.55476238
10885332,2017-12-25T13:04:04.253,BUY,7.3e-07,207240.89294948
10885338,2017-12-25T13:04:09.347,BUY,7.4e-07,19072.06793588
10885339,2017-12-25T13:04:10.567,SELL,7.3e-07,20000.0
10885344,2017-12-25T13:04:15.473,SELL,7.3e-07,5455.9514
10885345,2017-12-25T13:04:15.503,SELL,7.3e-07,964.11455463
10885346,2017-12-25T13:04:15.503,SELL,7.3e-07,10000.0
10885347,2017-12-25T13:04:15.503,SELL,7.3e-07,93052.63469178
10885348,2017-12-25T13:04:15.503,SELL,7.3e-07,13664.38356164
10885349,2017-12-25T13:04:15.503,SELL,7.3e-07,100000.0
10885351,2017-12-25T13:04:18.63,BUY,7.3e-07,4434.21544521
10885353,2017-12-25T13:04:20.49,BUY,7.3e-07,3283.30541096
10885358,2017-12-25T13:04:25.443,BUY,7.3e-07,34042.8439726
10885359,2017-12-25T13:04:25.693,SELL,7.2e-07,239391.83989583
10885363,2017-12-25T13:04:26.897,BUY,7.3e-07,80120.901
10885365,2017-12-25T13:04:27.21,BUY,7.3e-07,3736.28248649
10885368,2017-12-25T13:04:29.537,BUY,7.3e-07,2000.0
10885369,2017-12-25T13:04:30.803,SELL,7.2e-07,5547.70954
10885371,2017-12-25T13:04:31.037,BUY,7.3e-07,2000.0
10885373,2017-12-25T13:04:32.617,BUY,7.3e-07,2000.0
10885376,2017-12-25T13:04:34.223,BUY,7.3e-07,2000.0
10885377,2017-12-25T13:04:34.57,SELL,7.2e-07,5567.973058
10885379,2017-12-25T13:04:34.757,SELL,7.2e-07,39997.0
10885381,2017-12-25T13:04:35.46,BUY,7.3e-07,25837.26465372
10885382,2017-12-25T13:04:35.46,BUY,7.3e-07,134205.0773945
10885383,2017-12-25T13:04:35.46,BUY,7.3e-07,1600.0
10885386,2017-12-25T13:04:37.1,SELL,7.3e-07,28547.33456137
10885387,2017-12-25T13:04:37.1,SELL,7.3e-07,1452.66543863
10885393,2017-12-25T13:04:41.71,SELL,7.3e-07,547.33456137
10885394,2017-12-25T13:04:41.71,SELL,7.3e-07,2000.0
10885395,2017-12-25T13:04:41.71,SELL,7.3e-07,2963.78263063
10885396,2017-12-25T13:04:42.367,SELL,7.3e-07,48198.92154745
10885398,2017-12-25T13:04:42.413,BUY,7.3e-07,27000.0
10885400,2017-12-25T13:04:44.99,BUY,7.3e-07,35150.84858108
10885402,2017-12-25T13:04:45.287,BUY,7.3e-07,24785.36500661
10885407,2017-12-25T13:04:50.6,SELL,7.3e-07,19796.0109375
10885409,2017-12-25T13:04:50.773,SELL,7.3e-07,5511.192593
10885412,2017-12-25T13:04:51.93,SELL,7.3e-07,41562.5
10885415,2017-12-25T13:04:54.193,SELL,7.3e-07,8838.18761538
10885416,2017-12-25T13:04:54.46,SELL,7.3e-07,5511.192593
10885419,2017-12-25T13:04:55.087,SELL,7.3e-07,69713.42191492
10885420,2017-12-25T13:04:55.46,SELL,7.3e-07,4434.0
10885421,2017-12-25T13:04:55.587,SELL,7.3e-07,319848.12933959
10885422,2017-12-25T13:04:55.587,SELL,7.3e-07,44857.38369863
10885423,2017-12-25T13:04:55.587,SELL,7.3e-07,22161.3755137
10885424,2017-12-25T13:04:55.587,SELL,7.3e-07,4133.96794521
10885426,2017-12-25T13:04:55.727,BUY,7.3e-07,10000.0
10885430,2017-12-25T13:04:57.07,BUY,7.3e-07,12195.20270548
10885433,2017-12-25T13:04:57.773,BUY,7.3e-07,10000.0
10885440,2017-12-25T13:05:07.04,BUY,7.3e-07,20866.10126712
10885442,2017-12-25T13:05:09.76,BUY,7.3e-07,2000.0
10885443,2017-12-25T13:05:09.807,SELL,7.2e-07,1000000.0
10885445,2017-12-25T13:05:10.76,SELL,7.2e-07,5567.486125
10885447,2017-12-25T13:05:11.133,BUY,7.3e-07,5605.92267123
10885451,2017-12-25T13:05:13.963,BUY,7.3e-07,2000.0
10885453,2017-12-25T13:05:14.993,BUY,7.3e-07,404391.89189189
10885456,2017-12-25T13:05:15.76,BUY,7.3e-07,13739.26438356
10885458,2017-12-25T13:05:16.463,BUY,7.3e-07,2000.0
10885460,2017-12-25T13:05:18.07,BUY,7.3e-07,2000.0
10885462,2017-12-25T13:05:18.43,BUY,7.3e-07,817183.97465753
10885471,2017-12-25T13:05:22.917,BUY,7.3e-07,64394.62366438
10885472,2017-12-25T13:05:23.04,SELL,7.2e-07,5548.83199
10885475,2017-12-25T13:05:25.557,BUY,7.3e-07,2000.0
10885477,2017-12-25T13:05:25.68,BUY,7.3e-07,5555.0
10885480,2017-12-25T13:05:26.463,BUY,7.3e-07,422497.35867959
10885481,2017-12-25T13:05:26.463,BUY,7.3e-07,21514.70588235
10885482,2017-12-25T13:05:26.463,BUY,7.3e-07,105523.83061644
10885483,2017-12-25T13:05:26.463,BUY,7.3e-07,60484.5447973
10885484,2017-12-25T13:05:26.463,BUY,7.3e-07,50000.0
10885485,2017-12-25T13:05:26.463,BUY,7.3e-07,113242.55393836
10885486,2017-12-25T13:05:26.463,BUY,7.3e-07,281609.43728873
10885491,2017-12-25T13:05:29.213,SELL,7.3e-07,3000.0
10885492,2017-12-25T13:05:29.37,SELL,7.3e-07,16816.46884615
10885495,2017-12-25T13:05:31.307,BUY,7.4e-07,4000.0
10885496,2017-12-25T13:05:32.34,SELL,7.3e-07,5491.685763
10885499,2017-12-25T13:05:34.387,SELL,7.3e-07,400000.0
10885500,2017-12-25T13:05:34.777,SELL,7.3e-07,4000.0
10885503,2017-12-25T13:05:36.4,SELL,7.3e-07,5505.787117
10885504,2017-12-25T13:05:36.463,SELL,7.3e-07,123587.51611112
10885505,2017-12-25T13:05:36.76,SELL,7.3e-07,6053.079375
10885507,2017-12-25T13:05:38.15,SELL,7.3e-07,108108.1
10885513,2017-12-25T13:05:43.56,SELL,7.3e-07,5450.669217
10885522,2017-12-25T13:05:49.23,SELL,7.3e-07,5450.669217
10885523,2017-12-25T13:05:49.357,SELL,7.3e-07,166334.58708904
10885524,2017-12-25T13:05:51.59,SELL,7.3e-07,101319.85125
10885525,2017-12-25T13:05:51.95,SELL,7.3e-07,2151.97392857
10885530,2017-12-25T13:06:01.23,SELL,7.3e-07,5489.800555
10885531,2017-12-25T13:06:01.31,SELL,7.3e-07,9844.88325
10885533,2017-12-25T13:06:01.45,BUY,7.4e-07,145453.99418919
10885534,2017-12-25T13:06:01.873,SELL,7.3e-07,76125.25705055
10885538,2017-12-25T13:06:05.373,BUY,7.4e-07,29767.92070946
10885539,2017-12-25T13:06:05.98,SELL,7.3e-07,196942.78933099
10885541,2017-12-25T13:06:06.513,BUY,7.4e-07,10783.33497118
10885546,2017-12-25T13:06:11.467,BUY,7.4e-07,125547.62899148
10885547,2017-12-25T13:06:12.187,SELL,7.3e-07,5448.240542
10885550,2017-12-25T13:06:18.153,SELL,7.3e-07,9771.505722
10885551,2017-12-25T13:06:19.31,SELL,7.3e-07,751332.89494565
10885556,2017-12-25T13:06:30,SELL,7.3e-07,867310.7085625
10885557,2017-12-25T13:06:30,SELL,7.3e-07,2000.0
10885558,2017-12-25T13:06:30,SELL,7.3e-07,17810.99106164
10885559,2017-12-25T13:06:30,SELL,7.3e-07,26432.6705137
10885560,2017-12-25T13:06:30,SELL,7.3e-07,3964.21530822
10885561,2017-12-25T13:06:30,SELL,7.3e-07,3429.55530822
10885562,2017-12-25T13:06:30,SELL,7.3e-07,2602089.90229367
10885567,2017-12-25T13:06:33.483,BUY,7.4e-07,12537.501003
10885569,2017-12-25T13:06:34.36,BUY,7.4e-07,1572.72050676
10885572,2017-12-25T13:06:39.267,SELL,7.3e-07,4744.678276
10885573,2017-12-25T13:06:39.907,SELL,7.3e-07,1299510.73364583
10885577,2017-12-25T13:06:42.03,BUY,7.4e-07,1481.04486486
10885579,2017-12-25T13:06:42.42,BUY,7.4e-07,239687.59003378
10885581,2017-12-25T13:06:42.78,BUY,7.4e-07,296554.05405405
10885583,2017-12-25T13:06:42.953,SELL,7.3e-07,4744.678276
10885589,2017-12-25T13:06:46.923,BUY,7.4e-07,30884.51412162
10885591,2017-12-25T13:06:47.78,BUY,7.4e-07,1167.0
10885593,2017-12-25T13:06:49.593,SELL,7.3e-07,5468.37287
10885596,2017-12-25T13:06:51.563,SELL,7.3e-07,9531.62713
10885597,2017-12-25T13:06:51.563,SELL,7.3e-07,4328.63891167
10885598,2017-12-25T13:06:56.33,SELL,7.3e-07,21.36108833
10885599,2017-12-25T13:06:56.33,SELL,7.3e-07,1210.27244567
10885600,2017-12-25T13:06:57.767,SELL,7.3e-07,15346.15384615
10885601,2017-12-25T13:06:59.75,SELL,7.3e-07,3851.29288631
10885607,2017-12-25T13:07:07.393,SELL,7.3e-07,36207.14568673
10885608,2017-12-25T13:07:07.393,SELL,7.3e-07,6000.0
10885609,2017-12-25T13:07:07.393,SELL,7.3e-07,1737.95928082
10885610,2017-12-25T13:07:07.393,SELL,7.3e-07,2792.95900685
10885611,2017-12-25T13:07:07.393,SELL,7.3e-07,31518.81369863
10885612,2017-12-25T13:07:07.393,SELL,7.3e-07,2732.87671233
10885615,2017-12-25T13:07:13.05,BUY,7.4e-07,54657.53424658
10885617,2017-12-25T13:07:14.673,SELL,7.3e-07,5000.0
10885621,2017-12-25T13:07:17.94,BUY,7.3e-07,719.83975
10885623,2017-12-25T13:07:20.55,SELL,7.3e-07,503.35487329
10885625,2017-12-25T13:07:21.66,BUY,7.3e-07,1374020.86543802
10885626,2017-12-25T13:07:21.66,BUY,7.3e-07,736194.22027217
10885629,2017-12-25T13:07:22.003,BUY,7.4e-07,7150.0
10885631,2017-12-25T13:07:26.88,SELL,7.3e-07,22003.67647059
10885633,2017-12-25T13:07:27.613,SELL,7.3e-07,35955.70257442
10885639,2017-12-25T13:07:34.27,SELL,7.3e-07,3000.0
10885641,2017-12-25T13:07:36.05,SELL,7.3e-07,100000.0
10885652,2017-12-25T13:07:43.77,SELL,7.3e-07,10693.56893836
10885659,2017-12-25T13:07:49.817,SELL,7.3e-07,639236.62801877
10885660,2017-12-25T13:07:49.817,SELL,7.3e-07,2020.90767123
10885661,2017-12-25T13:07:49.817,SELL,7.3e-07,1651.72335616
10885662,2017-12-25T13:07:49.817,SELL,7.3e-07,115227.61993151
10885663,2017-12-25T13:07:49.817,SELL,7.3e-07,1500000.0
10885664,2017-12-25T13:07:49.817,SELL,7.3e-07,4000.0
10885665,2017-12-25T13:07:49.817,SELL,7.3e-07,106627.5165411
10885666,2017-12-25T13:07:49.817,SELL,7.3e-07,4919.17808219
10885667,2017-12-25T13:07:49.817,SELL,7.3e-07,8888.0
10885668,2017-12-25T13:07:49.817,SELL,7.3e-07,5000.0
10885669,2017-12-25T13:07:49.817,SELL,7.3e-07,2000.0
10885673,2017-12-25T13:07:55.85,BUY,7.3e-07,2135.97554284
10885679,2017-12-25T13:08:01.96,BUY,7.3e-07,161676.60369863
10885682,2017-12-25T13:08:05.07,BUY,7.3e-07,17523.64864865
10885686,2017-12-25T13:08:06.43,BUY,7.3e-07,68321.91780822
10885688,2017-12-25T13:08:09.273,SELL,7.2e-07,257959.26636986
10885693,2017-12-25T13:08:15.79,BUY,7.3e-07,161676.60369863
10885696,2017-12-25T13:08:17.79,SELL,7.2e-07,13664.46896457
10885698,2017-12-25T13:08:18.727,BUY,7.3e-07,200009.20510274
10885704,2017-12-25T13:08:23.743,BUY,7.3e-07,47825.34246575
10885706,2017-12-25T13:08:24.96,BUY,7.3e-07,2000.0
10885708,2017-12-25T13:08:25.663,BUY,7.3e-07,18489.89866435
10885709,2017-12-25T13:08:25.663,BUY,7.3e-07,4109.58904109
10885710,2017-12-25T13:08:25.663,BUY,7.3e-07,10000.0
10885711,2017-12-25T13:08:25.663,BUY,7.3e-07,3325.02078138
10885712,2017-12-25T13:08:25.663,BUY,7.3e-07,133937.8398351
10885716,2017-12-25T13:08:27.46,BUY,7.3e-07,54269.70733471
10885717,2017-12-25T13:08:27.46,BUY,7.3e-07,30443.3036788
10885719,2017-12-25T13:08:27.6,BUY,7.3e-07,6832.19178082
10885722,2017-12-25T13:08:29.197,BUY,7.3e-07,3000.0
10885724,2017-12-25T13:08:29.76,BUY,7.3e-07,2922.18086391
10885725,2017-12-25T13:08:29.76,BUY,7.3e-07,9377.81913609
10885727,2017-12-25T13:08:32.743,BUY,7.3e-07,141594.0488606
10885728,2017-12-25T13:08:32.807,SELL,7.2e-07,10380.80474489
10885736,2017-12-25T13:08:40.12,BUY,7.3e-07,12257.28
10885741,2017-12-25T13:08:44.633,SELL,7.2e-07,15000.0
10885743,2017-12-25T13:08:45.087,BUY,7.3e-07,1853.2730137
10885745,2017-12-25T13:08:45.447,BUY,7.3e-07,146089.53205479
10885752,2017-12-25T13:08:58.073,BUY,7.3e-07,161676.60369863
10885756,2017-12-25T13:08:59.777,BUY,7.3e-07,16521.38753425
10885758,2017-12-25T13:09:00.277,BUY,7.3e-07,10630.05570194
10885759,2017-12-25T13:09:00.277,BUY,7.3e-07,1504.87439632
10885760,2017-12-25T13:09:00.277,BUY,7.3e-07,24999.90523973
10885761,2017-12-25T13:09:00.277,BUY,7.3e-07,10000.0
10885762,2017-12-25T13:09:00.277,BUY,7.3e-07,99500.77327703
10885763,2017-12-25T13:09:00.277,BUY,7.3e-07,6927.08333333
10885764,2017-12-25T13:09:00.277,BUY,7.3e-07,100000.8675
10885765,2017-12-25T13:09:00.277,BUY,7.3e-07,11885.10814962
10885767,2017-12-25T13:09:00.527,BUY,7.3e-07,1699.96358327
10885773,2017-12-25T13:09:04.993,BUY,7.3e-07,16414.92826711
10885774,2017-12-25T13:09:04.993,BUY,7.3e-07,63751.24682946
10885780,2017-12-25T13:09:06.26,BUY,7.3e-07,5307.38321918
10885783,2017-12-25T13:09:06.4,BUY,7.3e-07,143173.90564285
10885784,2017-12-25T13:09:06.4,BUY,7.3e-07,1686.568
10885785,2017-12-25T13:09:06.4,BUY,7.3e-07,211326.0087676
10885786,2017-12-25T13:09:06.4,BUY,7.3e-07,200391.66580137
10885787,2017-12-25T13:09:06.4,BUY,7.3e-07,179736.23022727
10885788,2017-12-25T13:09:06.4,BUY,7.3e-07,6156.84952835
10885791,2017-12-25T13:09:09.76,SELL,7.2e-07,150000.0
10885797,2017-12-25T13:09:15.12,BUY,7.4e-07,518289.54222973
10885802,2017-12-25T13:09:17.137,BUY,7.4e-07,7330.41423028
10885815,2017-12-25T13:09:23.7,SELL,7.3e-07,4603.84615385
10885823,2017-12-25T13:09:31.92,BUY,7.4e-07,10783.78378378
10885824,2017-12-25T13:09:32.747,SELL,7.3e-07,21083.57738571
10885826,2017-12-25T13:09:33.59,BUY,7.4e-07,10000.0
10885836,2017-12-25T13:09:36.263,SELL,7.3e-07,2157.343125
10885838,2017-12-25T13:09:36.293,BUY,7.4e-07,1113.22347973
10885840,2017-12-25T13:09:38.293,SELL,7.3e-07,26419.05
10885841,2017-12-25T13:09:38.34,SELL,7.3e-07,5000.0
10885844,2017-12-25T13:09:43.56,BUY,7.4e-07,5000.0
10885847,2017-12-25T13:09:46.53,SELL,7.3e-07,30000.0
10885850,2017-12-25T13:09:47.623,SELL,7.3e-07,21167.95229452
10885852,2017-12-25T13:09:47.857,BUY,7.4e-07,63722.99973235
10885853,2017-12-25T13:09:49.5,SELL,7.3e-07,7762.73635977
10885856,2017-12-25T13:09:51.09,SELL,7.3e-07,4109.58904109
10885857,2017-12-25T13:09:51.513,SELL,7.3e-07,136343.63831129
10885858,2017-12-25T13:09:51.513,SELL,7.3e-07,13409.99373288
10885859,2017-12-25T13:09:51.513,SELL,7.3e-07,50246.36795583
10885871,2017-12-25T13:10:09.327,BUY,7.4e-07,5240.7302027
10885872,2017-12-25T13:10:09.407,SELL,7.3e-07,1933.06567164
10885875,2017-12-25T13:10:11.063,BUY,7.4e-07,146006.77659925
10885878,2017-12-25T13:10:13.89,SELL,7.3e-07,16045.15243902
10885885,2017-12-25T13:10:21.36,SELL,7.3e-07,106186.22561159
10885886,2017-12-25T13:10:21.36,SELL,7.3e-07,40993.15068493
10885887,2017-12-25T13:10:21.36,SELL,7.3e-07,28944.99041096
10885888,2017-12-25T13:10:21.36,SELL,7.3e-07,47074.64856164
10885889,2017-12-25T13:10:21.36,SELL,7.3e-07,20000.0
10885890,2017-12-25T13:10:21.36,SELL,7.3e-07,141238.90818493
10885891,2017-12-25T13:10:21.36,SELL,7.3e-07,6855.27092466
10885892,2017-12-25T13:10:21.36,SELL,7.3e-07,9000.0
10885893,2017-12-25T13:10:21.36,SELL,7.3e-07,600039.93232584
10885895,2017-12-25T13:10:21.937,BUY,7.4e-07,6961.640625
10885897,2017-12-25T13:10:25.03,SELL,7.3e-07,638097.41114583
10885898,2017-12-25T13:10:25.657,SELL,7.3e-07,4000.0
10885900,2017-12-25T13:10:26.703,BUY,7.4e-07,10841.12769684
10885903,2017-12-25T13:10:27.843,SELL,7.3e-07,1468603.0128297
10885904,2017-12-25T13:10:27.843,SELL,7.3e-07,16659.28849315
10885905,2017-12-25T13:10:27.843,SELL,7.3e-07,136903.21294521
10885907,2017-12-25T13:10:28.72,BUY,7.3e-07,10841.12769684
10885908,2017-12-25T13:10:28.813,SELL,7.2e-07,200000.0
10885910,2017-12-25T13:10:31.563,BUY,7.3e-07,284657.64549682
10885912,2017-12-25T13:10:32.157,BUY,7.3e-07,8110.31722603
10885914,2017-12-25T13:10:32.627,BUY,7.3e-07,214029.13407534
10885917,2017-12-25T13:10:36.487,BUY,7.3e-07,8521.34188356
10885919,2017-12-25T13:10:36.72,BUY,7.3e-07,100000.0
10885921,2017-12-25T13:10:36.767,BUY,7.3e-07,88593.1221
10885923,2017-12-25T13:10:36.86,BUY,7.3e-07,22139.89510274
10885926,2017-12-25T13:10:39.517,BUY,7.3e-07,141238.90818493
10885928,2017-12-25T13:10:40.127,BUY,7.3e-07,499702.99396568
10885929,2017-12-25T13:10:41.143,SELL,7.3e-07,104750.31510417
10885933,2017-12-25T13:10:45.313,SELL,7.3e-07,28737.00851562
10885940,2017-12-25T13:10:55.77,BUY,7.4e-07,217699.81885135
10885942,2017-12-25T13:10:57.567,BUY,7.4e-07,70183.46297361
10885945,2017-12-25T13:10:59.567,SELL,7.3e-07,113352.27272727
10885947,2017-12-25T13:11:03.8,SELL,7.3e-07,145488.38116438
10885949,2017-12-25T13:11:04.283,SELL,7.3e-07,15396.05625
10885950,2017-12-25T13:11:05.83,SELL,7.3e-07,28944.99041096
10885953,2017-12-25T13:11:07.16,SELL,7.3e-07,7000.0
10885954,2017-12-25T13:11:09.08,SELL,7.3e-07,30000.0
10885956,2017-12-25T13:11:12.13,SELL,7.3e-07,4302.03957382
10885957,2017-12-25T13:11:12.41,SELL,7.3e-07,20000.0
10885960,2017-12-25T13:11:17.473,BUY,7.4e-07,100000.0
10885961,2017-12-25T13:11:19.583,SELL,7.3e-07,16074.76791667
10885963,2017-12-25T13:11:20.677,SELL,7.3e-07,9404.26984375
10885964,2017-12-25T13:11:20.69,SELL,7.3e-07,120176.398125
10885966,2017-12-25T13:11:21.74,BUY,7.4e-07,3456.94408784
10885967,2017-12-25T13:11:22.38,SELL,7.3e-07,1985.0
10885968,2017-12-25T13:11:23.083,SELL,7.3e-07,25000.0
10885971,2017-12-25T13:11:24.427,BUY,7.4e-07,4629.62962963
10885973,2017-12-25T13:11:24.63,BUY,7.4e-07,279571.07963713
10885974,2017-12-25T13:11:24.91,SELL,7.3e-07,37305.33042432
10885976,2017-12-25T13:11:24.943,BUY,7.4e-07,1250.0
10885978,2017-12-25T13:11:26.77,SELL,7.3e-07,7678.14841216
10885986,2017-12-25T13:11:33.99,BUY,7.4e-07,50000.0
10885988,2017-12-25T13:11:37.117,SELL,7.3e-07,5218.49315068
10885992,2017-12-25T13:11:42.287,BUY,7.4e-07,5000.0
10885994,2017-12-25T13:11:44.037,SELL,7.3e-07,2000.0
10885997,2017-12-25T13:11:46.303,SELL,7.3e-07,50000.0
10886002,2017-12-25T13:11:59.773,SELL,7.3e-07,43924.18426502
10886005,2017-12-25T13:12:01.29,SELL,7.3e-07,6001.47939708
10886006,2017-12-25T13:12:01.29,SELL,7.3e-07,200000.0
10886007,2017-12-25T13:12:01.29,SELL,7.3e-07,121369.52804795
10886008,2017-12-25T13:12:01.29,SELL,7.3e-07,2383.31445205
10886009,2017-12-25T13:12:01.29,SELL,7.3e-07,156962.74382537
10886010,2017-12-25T13:12:01.29,SELL,7.3e-07,1369.8630137
10886011,2017-12-25T13:12:01.29,SELL,7.3e-07,59633.05058219
10886012,2017-12-25T13:12:01.29,SELL,7.3e-07,14878.59075208
10886016,2017-12-25T13:12:02.96,SELL,7.3e-07,2608.76175
10886018,2017-12-25T13:12:03.617,BUY,7.4e-07,55000.0
10886020,2017-12-25T13:12:04.383,BUY,7.4e-07,10529.49755313
10886022,2017-12-25T13:12:04.507,BUY,7.4e-07,10813.1838663
10886024,2017-12-25T13:12:05.54,BUY,7.4e-07,10000.0
10886027,2017-12-25T13:12:07.04,BUY,7.4e-07,13513.51351351
10886028,2017-12-25T13:12:08.71,SELL,7.3e-07,1122.25444444
10886034,2017-12-25T13:12:15.103,BUY,7.4e-07,3999.99995419
10886038,2017-12-25T13:12:18.087,SELL,7.3e-07,598871.65658088
10886039,2017-12-25T13:12:18.087,SELL,7.3e-07,296410.19144133
10886040,2017-12-25T13:12:19.913,SELL,7.3e-07,30000.0
10886045,2017-12-25T13:12:24.463,BUY,7.4e-07,17649.6444503
10886050,2017-12-25T13:12:27.76,BUY,7.4e-07,1300.97229452
10886056,2017-12-25T13:12:34.15,BUY,7.4e-07,206499.85933809
10886069,2017-12-25T13:12:38.04,BUY,7.4e-07,34524.25692525
10886072,2017-12-25T13:12:40.34,BUY,7.4e-07,168989.85841216
10886080,2017-12-25T13:12:46.713,BUY,7.4e-07,241853.92068729
10886083,2017-12-25T13:12:48.073,BUY,7.4e-07,2074059.80108108
10886086,2017-12-25T13:12:51.917,SELL,7.3e-07,20000.0
10886087,2017-12-25T13:12:52.59,SELL,7.3e-07,1636.36259338
10886100,2017-12-25T13:12:56.917,BUY,7.4e-07,3448.21428571
10886104,2017-12-25T13:12:58.48,SELL,7.3e-07,420279.62466392
10886105,2017-12-25T13:12:58.48,SELL,7.3e-07,713243.10260881
10886108,2017-12-25T13:12:59.793,SELL,7.3e-07,167694.3628364
10886109,2017-12-25T13:12:59.793,SELL,7.3e-07,273287.67123288
10886110,2017-12-25T13:12:59.793,SELL,7.3e-07,24521.26921233
10886111,2017-12-25T13:12:59.793,SELL,7.3e-07,4626.35034247
10886112,2017-12-25T13:12:59.793,SELL,7.3e-07,3000.0
10886113,2017-12-25T13:12:59.793,SELL,7.3e-07,276965.34637592
10886114,2017-12-25T13:13:00.527,SELL,7.3e-07,1800.0
10886116,2017-12-25T13:13:02.23,BUY,7.4e-07,13513.51351351
10886118,2017-12-25T13:13:05.31,BUY,7.4e-07,75597.65381757
10886122,2017-12-25T13:13:06.967,SELL,7.3e-07,244124.37672126
10886123,2017-12-25T13:13:08.06,SELL,7.3e-07,127615.38416667
10886127,2017-12-25T13:13:10.403,SELL,7.3e-07,1800.0
10886133,2017-12-25T13:13:14.45,SELL,7.3e-07,374546.16618243
10886134,2017-12-25T13:13:14.467,SELL,7.3e-07,30000.0
10886135,2017-12-25T13:13:15.09,SELL,7.3e-07,27155.34787671
10886136,2017-12-25T13:13:16.98,SELL,7.3e-07,32227.17380282
10886142,2017-12-25T13:13:21.747,SELL,7.3e-07,53952.5805
10886144,2017-12-25T13:13:23.497,SELL,7.3e-07,1925.106165
10886146,2017-12-25T13:13:24.827,BUY,7.4e-07,27328.76712329
10886158,2017-12-25T13:13:36.357,BUY,7.4e-07,94319.90655405
10886159,2017-12-25T13:13:37.577,SELL,7.3e-07,15124.13775
10886160,2017-12-25T13:13:40.36,SELL,7.3e-07,267375.12218637
10886164,2017-12-25T13:13:42.093,SELL,7.3e-07,31387.90652999
10886166,2017-12-25T13:13:43.92,BUY,7.4e-07,2446.8675
10886168,2017-12-25T13:13:47.407,BUY,7.4e-07,226100.0
10886173,2017-12-25T13:13:50.03,BUY,7.4e-07,21276.59574468
10886181,2017-12-25T13:13:56.983,BUY,7.4e-07,9000.0
10886186,2017-12-25T13:14:04.983,BUY,7.4e-07,1372.80263514
10886191,2017-12-25T13:14:08.39,SELL,7.3e-07,17543.85964912
10886193,2017-12-25T13:14:08.487,BUY,7.4e-07,67734.37837838
10886196,2017-12-25T13:14:08.563,BUY,7.4e-07,538967.74418919
10886199,2017-12-25T13:14:09.203,BUY,7.4e-07,20750.45331081
10886204,2017-12-25T13:14:15.39,BUY,7.4e-07,89000.0
10886206,2017-12-25T13:14:17.877,SELL,7.3e-07,291652.00150685
10886207,2017-12-25T13:14:19.893,SELL,7.3e-07,5000.0
10886210,2017-12-25T13:14:23,BUY,7.4e-07,28511.94689189
10886213,2017-12-25T13:14:24.69,BUY,7.4e-07,53040.64712838
10886216,2017-12-25T13:14:25.487,BUY,7.4e-07,6000.0
10886218,2017-12-25T13:14:26.097,SELL,7.3e-07,32400.0
10886221,2017-12-25T13:14:27,BUY,7.4e-07,200000.0
10886227,2017-12-25T13:14:29,BUY,7.4e-07,8092.97361486
10886228,2017-12-25T13:14:29.877,SELL,7.3e-07,39782.89911972
10886233,2017-12-25T13:14:33.267,SELL,7.3e-07,16625.0
10886242,2017-12-25T13:14:40.94,SELL,7.3e-07,23893.0430597
10886244,2017-12-25T13:14:41.77,SELL,7.3e-07,1424.91241757
10886247,2017-12-25T13:14:45.067,SELL,7.3e-07,249275.88729167
10886252,2017-12-25T13:14:48.237,BUY,7.4e-07,34186.9535473
10886256,2017-12-25T13:14:51.27,SELL,7.3e-07,56415.4365
10886262,2017-12-25T13:14:53.02,BUY,7.4e-07,6477.27272727
10886266,2017-12-25T13:14:55.393,BUY,7.4e-07,2437.95739865
10886268,2017-12-25T13:14:56.08,BUY,7.4e-07,1276.73260135
10886271,2017-12-25T13:14:57.94,SELL,7.3e-07,3000.0
10886274,2017-12-25T13:15:00.44,SELL,7.3e-07,100000.0
10886276,2017-12-25T13:15:01.893,SELL,7.3e-07,131147.43214286
10886285,2017-12-25T13:15:04.88,BUY,7.4e-07,39964.33875
10886286,2017-12-25T13:15:04.893,SELL,7.3e-07,1935.44776119
10886287,2017-12-25T13:15:04.973,SELL,7.3e-07,147534.3464
10886288,2017-12-25T13:15:05.44,SELL,7.3e-07,1960.10135417
10886293,2017-12-25T13:15:08.85,BUY,7.4e-07,22890.05863719
10886309,2017-12-25T13:15:17.41,BUY,7.4e-07,165184.43635135
10886314,2017-12-25T13:15:19.677,BUY,7.4e-07,2788.86172297
10886315,2017-12-25T13:15:20.363,SELL,7.3e-07,5000.0
10886319,2017-12-25T13:15:22.833,BUY,7.4e-07,2000.0
10886322,2017-12-25T13:15:28.257,BUY,7.4e-07,65387.71560811
10886324,2017-12-25T13:15:29.083,BUY,7.4e-07,8500.0
10886327,2017-12-25T13:15:37.397,SELL,7.3e-07,279740.71
10886329,2017-12-25T13:15:39.397,BUY,7.4e-07,1526.60635135
10886330,2017-12-25T13:15:40.88,SELL,7.3e-07,15262.26982394
10886332,2017-12-25T13:15:41.32,SELL,7.3e-07,5000.0
10886333,2017-12-25T13:15:42.13,SELL,7.3e-07,4592.58972278
10886339,2017-12-25T13:15:48.303,BUY,7.4e-07,58400.69989865
10886341,2017-12-25T13:15:51.773,SELL,7.3e-07,25000.0
10886343,2017-12-25T13:15:52.913,SELL,7.3e-07,3018.58530822
10886344,2017-12-25T13:15:53.9,SELL,7.3e-07,203297.35952055
10886347,2017-12-25T13:15:57.727,BUY,7.4e-07,120793.03084459
10886351,2017-12-25T13:16:04.163,BUY,7.4e-07,9320.82871622
10886353,2017-12-25T13:16:05.307,BUY,7.4e-07,1956400.17385135
10886355,2017-12-25T13:16:07.977,SELL,7.3e-07,500000.0
10886357,2017-12-25T13:16:08.617,BUY,7.4e-07,10874.06370337
10886359,2017-12-25T13:16:11.15,BUY,7.4e-07,18304.83098705
10886365,2017-12-25T13:16:15.227,BUY,7.4e-07,425955.8064527
10886366,2017-12-25T13:16:16.417,SELL,7.3e-07,5437.215252
10886369,2017-12-25T13:16:27.98,BUY,7.4e-07,150000.0
10886370,2017-12-25T13:16:28.12,SELL,7.3e-07,76257.77016047
10886371,2017-12-25T13:16:28.417,SELL,7.3e-07,158333.33333333
10886374,2017-12-25T13:16:31.103,SELL,7.3e-07,13888.88888889
10886376,2017-12-25T13:16:31.353,BUY,7.4e-07,4056.38766892
10886377,2017-12-25T13:16:32.18,SELL,7.3e-07,2500.0
10886385,2017-12-25T13:16:40.683,BUY,7.4e-07,9568.78558609
10886387,2017-12-25T13:16:41.34,SELL,7.3e-07,344728.88224576
10886393,2017-12-25T13:16:47.933,SELL,7.3e-07,10000.0
10886397,2017-12-25T13:16:50.603,BUY,7.4e-07,29702.51706081
10886400,2017-12-25T13:16:52.9,BUY,7.4e-07,5000.0
10886403,2017-12-25T13:16:54.45,BUY,7.4e-07,1311.99160325
10886412,2017-12-25T13:17:01.213,BUY,7.4e-07,6753.34459459
10886416,2017-12-25T13:17:02.67,BUY,7.4e-07,324733.60055401
10886417,2017-12-25T13:17:02.67,BUY,7.4e-07,254991.98644599
10886419,2017-12-25T13:17:04.12,SELL,7.3e-07,17611.48648649
10886423,2017-12-25T13:17:07.62,BUY,7.4e-07,37564.34027027
10886426,2017-12-25T13:17:13.497,SELL,7.3e-07,2202.80424657
10886427,2017-12-25T13:17:16.933,SELL,7.3e-07,7782.85714286
10886431,2017-12-25T13:17:23.513,SELL,7.3e-07,9901.42255005
10886432,2017-12-25T13:17:24.42,SELL,7.3e-07,47400.46875
10886441,2017-12-25T13:17:30.81,BUY,7.4e-07,407443.67328374
10886442,2017-12-25T13:17:30.81,BUY,7.4e-07,23748.24477268
10886443,2017-12-25T13:17:30.81,BUY,7.4e-07,98657.05964358
10886444,2017-12-25T13:17:31.09,SELL,7.3e-07,42553.19148936
10886448,2017-12-25T13:17:34.653,BUY,7.4e-07,67398.64864865
10886450,2017-12-25T13:17:35.093,BUY,7.4e-07,2738.20489865
10886452,2017-12-25T13:17:37.06,BUY,7.4e-07,23068.16878378
10886460,2017-12-25T13:17:40.92,BUY,7.4e-07,13664.38356164
10886465,2017-12-25T13:17:43.547,SELL,7.3e-07,5424.75122
10886467,2017-12-25T13:17:44.78,SELL,7.3e-07,1499.2425
10886469,2017-12-25T13:17:45.047,BUY,7.4e-07,110843.29185811
10886471,2017-12-25T13:17:47.233,BUY,7.4e-07,10047.25027112
10886474,2017-12-25T13:17:50.42,SELL,7.3e-07,6761.35561644
10886475,2017-12-25T13:17:50.623,SELL,7.3e-07,5424.75122
10886477,2017-12-25T13:17:50.86,BUY,7.4e-07,2021.97293919
10886480,2017-12-25T13:17:51.593,BUY,7.4e-07,121387.24429054
10886482,2017-12-25T13:17:52.97,BUY,7.4e-07,15080.64983108
10886484,2017-12-25T13:17:53.25,BUY,7.4e-07,6018.001003
10886487,2017-12-25T13:17:56.03,SELL,7.3e-07,5455.020626
10886491,2017-12-25T13:18:01.017,SELL,7.3e-07,5468.918289
10886497,2017-12-25T13:18:02.86,BUY,7.4e-07,94704.80675676
10886499,2017-12-25T13:18:03.97,BUY,7.4e-07,50000.0
10886500,2017-12-25T13:18:05.89,SELL,7.3e-07,5468.918289
10886505,2017-12-25T13:18:11.64,BUY,7.4e-07,10000.0
10886507,2017-12-25T13:18:13.907,BUY,7.4e-07,10456.08977305
10886510,2017-12-25T13:18:16.563,BUY,7.4e-07,62732.54584459
10886512,2017-12-25T13:18:17.843,BUY,7.4e-07,10000.0
10886514,2017-12-25T13:18:20.597,SELL,7.3e-07,5455.020626
10886517,2017-12-25T13:18:21.5,BUY,7.4e-07,68860.10746622
10886520,2017-12-25T13:18:24.33,SELL,7.3e-07,5469.203679
10886522,2017-12-25T13:18:24.767,BUY,7.4e-07,14397.53756757
10886523,2017-12-25T13:18:27.203,SELL,7.3e-07,138542.08229167
10886524,2017-12-25T13:18:31.36,SELL,7.3e-07,1379.652671
10886531,2017-12-25T13:18:37.173,BUY,7.4e-07,98873.52101351
10886539,2017-12-25T13:18:39.72,SELL,7.3e-07,5469.203679
10886541,2017-12-25T13:18:41.863,SELL,7.3e-07,100000.0
10886543,2017-12-25T13:18:42.097,BUY,7.4e-07,50150.00100299
10886544,2017-12-25T13:18:43.317,SELL,7.3e-07,5469.203679
10886546,2017-12-25T13:18:43.457,BUY,7.4e-07,82988.70438605
10886547,2017-12-25T13:18:44.597,SELL,7.3e-07,23800.358
10886550,2017-12-25T13:18:46.97,SELL,7.3e-07,5472.487172
10886551,2017-12-25T13:18:47.66,SELL,7.3e-07,185643.05384643
10886554,2017-12-25T13:18:49.16,SELL,7.3e-07,1546.07106385
10886556,2017-12-25T13:18:50.067,BUY,7.4e-07,10000.0
10886557,2017-12-25T13:18:50.613,SELL,7.3e-07,5472.713261
10886559,2017-12-25T13:18:52.237,BUY,7.4e-07,14067.16287162
10886560,2017-12-25T13:18:52.987,SELL,7.3e-07,15000.0
10886565,2017-12-25T13:18:54.27,SELL,7.3e-07,5472.713261
10886567,2017-12-25T13:18:55.88,BUY,7.4e-07,10000.0
10886569,2017-12-25T13:18:55.987,BUY,7.4e-07,1713.28712838
10886572,2017-12-25T13:18:56.613,BUY,7.4e-07,2976.00387788
10886574,2017-12-25T13:18:57.973,SELL,7.3e-07,5472.713261
10886576,2017-12-25T13:19:01.49,BUY,7.4e-07,20000.0
10886578,2017-12-25T13:19:01.753,BUY,7.4e-07,13479.72972973
10886581,2017-12-25T13:19:02.69,BUY,7.4e-07,1500.0
10886582,2017-12-25T13:19:03.113,SELL,7.3e-07,5472.713261
10886585,2017-12-25T13:19:05.083,SELL,7.3e-07,65387.71560811
10886588,2017-12-25T13:19:08.613,SELL,7.3e-07,61329.88716741
10886591,2017-12-25T13:19:11.24,SELL,7.3e-07,2746.57534247
10886593,2017-12-25T13:19:11.55,BUY,7.4e-07,10196.10800676
10886599,2017-12-25T13:19:16.3,BUY,7.4e-07,10483.37913265
10886602,2017-12-25T13:19:17.647,BUY,7.4e-07,8284.49361486
10886603,2017-12-25T13:19:17.71,SELL,7.3e-07,31467.33996575
10886604,2017-12-25T13:19:18.193,SELL,7.3e-07,1202.58610053
10886606,2017-12-25T13:19:19.71,BUY,7.4e-07,10808.24565824
10886607,2017-12-25T13:19:21.583,SELL,7.3e-07,153660.76072537
10886611,2017-12-25T13:19:23.147,BUY,7.4e-07,15645.11669008
10886619,2017-12-25T13:19:29.24,SELL,7.3e-07,6739.86486486
10886626,2017-12-25T13:19:39.083,BUY,7.4e-07,20000.0
10886635,2017-12-25T13:19:47.68,BUY,7.4e-07,59881.48864865
10886636,2017-12-25T13:19:49.943,SELL,7.3e-07,3172.95880004
10886638,2017-12-25T13:19:50.897,BUY,7.4e-07,10000.0
10886640,2017-12-25T13:19:51.117,SELL,7.3e-07,100000.0
10886651,2017-12-25T13:19:59.71,BUY,7.4e-07,3426.3194
10886652,2017-12-25T13:19:59.9,SELL,7.3e-07,24937.5
10886654,2017-12-25T13:20:00.993,SELL,7.3e-07,1549.2958
10886655,2017-12-25T13:20:01.727,SELL,7.3e-07,5000.3679863
10886657,2017-12-25T13:20:02.35,BUY,7.4e-07,5000.0
10886659,2017-12-25T13:20:02.4,BUY,7.4e-07,10047.80821918
10886665,2017-12-25T13:20:07.9,BUY,7.4e-07,4333.94878378
10886669,2017-12-25T13:20:12.51,SELL,7.3e-07,7000.0
10886670,2017-12-25T13:20:12.54,SELL,7.3e-07,15936.82520548
10886675,2017-12-25T13:20:15.103,BUY,7.4e-07,1680.10003378
10886676,2017-12-25T13:20:15.96,SELL,7.3e-07,14250.0
10886678,2017-12-25T13:20:16.697,BUY,7.4e-07,84757.37280405
10886686,2017-12-25T13:20:22.417,BUY,7.4e-07,26046.98959459
10886696,2017-12-25T13:20:33.027,SELL,7.3e-07,264654.70248751
10886700,2017-12-25T13:20:34.68,SELL,7.3e-07,2402.85411565
10886704,2017-12-25T13:20:40.23,BUY,7.4e-07,2946.83710352
10886706,2017-12-25T13:20:41.853,SELL,7.3e-07,12982.79044521
10886709,2017-12-25T13:20:47.7,BUY,7.4e-07,83846.11611486
10886715,2017-12-25T13:20:55.543,BUY,7.4e-07,10850.83465451
10886717,2017-12-25T13:20:58.417,SELL,7.3e-07,87729.98645833
10886721,2017-12-25T13:20:59.277,BUY,7.4e-07,46636.73756757
10886723,2017-12-25T13:20:59.793,SELL,7.3e-07,1312.22472973
10886726,2017-12-25T13:21:02.417,BUY,7.4e-07,3000.0
10886731,2017-12-25T13:21:07.403,SELL,7.3e-07,49997.0
10886733,2017-12-25T13:21:07.403,BUY,7.4e-07,10924.04465788
10886736,2017-12-25T13:21:09.823,SELL,7.3e-07,20000.0
10886739,2017-12-25T13:21:14.73,SELL,7.3e-07,72361.6995
10886741,2017-12-25T13:21:16.997,SELL,7.3e-07,4990.35
10886746,2017-12-25T13:21:20.2,SELL,7.3e-07,2219.4375
10886748,2017-12-25T13:21:20.45,BUY,7.4e-07,1515.24293919
10886758,2017-12-25T13:21:30.2,BUY,7.4e-07,243884.40952703
10886759,2017-12-25T13:21:32.467,SELL,7.3e-07,1373287.67123288
10886770,2017-12-25T13:21:40.857,BUY,7.4e-07,40479.50706081
10886776,2017-12-25T13:21:47.327,BUY,7.4e-07,12186.45100299
10886779,2017-12-25T13:21:51.45,BUY,7.4e-07,10000.0
10886784,2017-12-25T13:21:53.907,BUY,7.4e-07,75000.0
10886785,2017-12-25T13:21:55.733,SELL,7.3e-07,55859.375
10886786,2017-12-25T13:21:56.187,SELL,7.3e-07,529849.0
10886793,2017-12-25T13:22:00.89,BUY,7.4e-07,1347.97297297
10886795,2017-12-25T13:22:01.06,BUY,7.4e-07,2500.0
10886797,2017-12-25T13:22:03.03,BUY,7.4e-07,100300.001003
10886800,2017-12-25T13:22:04.937,BUY,7.4e-07,19787.83885135
10886802,2017-12-25T13:22:06.687,SELL,7.3e-07,6264.45454225
10886810,2017-12-25T13:22:16.733,BUY,7.4e-07,22632.22358108
10886811,2017-12-25T13:22:17.187,SELL,7.3e-07,100000.0
10886812,2017-12-25T13:22:17.517,SELL,7.3e-07,141432.89814019
10886816,2017-12-25T13:22:20.377,SELL,7.3e-07,631396.17440278
10886820,2017-12-25T13:22:22.33,BUY,7.4e-07,75265.14932432
10886821,2017-12-25T13:22:23.157,SELL,7.3e-07,30430.40082814
10886825,2017-12-25T13:22:25.063,BUY,7.4e-07,1259.2174
10886826,2017-12-25T13:22:26.813,SELL,7.3e-07,115678.50947917
10886831,2017-12-25T13:22:27.25,BUY,7.4e-07,16122.06652632
10886834,2017-12-25T13:22:30.093,BUY,7.4e-07,96730.13614865
10886838,2017-12-25T13:22:35.783,BUY,7.4e-07,198331.41527027
10886863,2017-12-25T13:22:37.767,SELL,7.3e-07,15888.23465753
10886864,2017-12-25T13:22:37.767,SELL,7.3e-07,5113.30797945
10886865,2017-12-25T13:22:37.767,SELL,7.3e-07,19023.17219178
10886866,2017-12-25T13:22:37.767,SELL,7.3e-07,5000.0
10886867,2017-12-25T13:22:37.767,SELL,7.3e-07,50000.0
10886868,2017-12-25T13:22:37.767,SELL,7.3e-07,70003.90297297
10886869,2017-12-25T13:22:37.783,SELL,7.3e-07,404391.89189189
10886870,2017-12-25T13:22:37.783,SELL,7.3e-07,55884.11763699
10886871,2017-12-25T13:22:37.783,SELL,7.3e-07,20496.57534247
10886872,2017-12-25T13:22:37.783,SELL,7.3e-07,108496.81787671
10886873,2017-12-25T13:22:37.783,SELL,7.3e-07,71384.52976027
10886874,2017-12-25T13:22:37.783,SELL,7.3e-07,859407.43910959
10886875,2017-12-25T13:22:37.783,SELL,7.3e-07,362363.09578767
10886876,2017-12-25T13:22:37.783,SELL,7.3e-07,19041.09589041
10886877,2017-12-25T13:22:37.783,SELL,7.3e-07,54657.53424658
10886878,2017-12-25T13:22:37.783,SELL,7.3e-07,25674.91212329
10886879,2017-12-25T13:22:37.783,SELL,7.3e-07,453727.87849315
10886880,2017-12-25T13:22:37.783,SELL,7.3e-07,261231.72226027
10886881,2017-12-25T13:22:37.783,SELL,7.3e-07,83978.33619863
10886882,2017-12-25T13:22:37.783,SELL,7.3e-07,14790.72503425
10886883,2017-12-25T13:22:37.783,SELL,7.3e-07,150311.10236301
10886884,2017-12-25T13:22:37.783,SELL,7.3e-07,1232.00815068
10886885,2017-12-25T13:22:37.783,SELL,7.3e-07,3628.03047945
10886886,2017-12-25T13:22:37.783,SELL,7.3e-07,9536.78474114
10886887,2017-12-25T13:22:37.783,SELL,7.3e-07,122797.59277397
10886888,2017-12-25T13:22:37.783,SELL,7.3e-07,13698.63013698
10886889,2017-12-25T13:22:37.783,SELL,7.3e-07,54657.64356164
10886890,2017-12-25T13:22:37.783,SELL,7.3e-07,64496.75126712
10886891,2017-12-25T13:22:37.783,SELL,7.3e-07,15986.00332192
10886892,2017-12-25T13:22:37.783,SELL,7.3e-07,160727.85821918
10886893,2017-12-25T13:22:37.783,SELL,7.3e-07,30500.0
10886894,2017-12-25T13:22:37.783,SELL,7.3e-07,1079308.32302492
10886896,2017-12-25T13:22:37.847,BUY,7.4e-07,33948.87087694
10886897,2017-12-25T13:22:37.847,BUY,7.4e-07,1500.0
10886898,2017-12-25T13:22:37.847,BUY,7.4e-07,164551.12912306
10886899,2017-12-25T13:22:39.25,SELL,7.3e-07,145570.06540006
10886900,2017-12-25T13:22:40.033,SELL,7.3e-07,245622.4465625
10886902,2017-12-25T13:22:41,BUY,7.4e-07,18821.66574324
10886905,2017-12-25T13:22:44.16,SELL,7.3e-07,351819.96
10886913,2017-12-25T13:22:45.94,SELL,7.3e-07,373.52826594
10886914,2017-12-25T13:22:45.94,SELL,7.3e-07,26682.25047945
10886915,2017-12-25T13:22:45.94,SELL,7.3e-07,5479.45205479
10886916,2017-12-25T13:22:45.94,SELL,7.3e-07,15000.0
10886917,2017-12-25T13:22:45.94,SELL,7.3e-07,52064.76919982
10886918,2017-12-25T13:22:46.017,SELL,7.3e-07,57226.83754676
10886919,2017-12-25T13:22:46.017,SELL,7.3e-07,4372.08349315
10886920,2017-12-25T13:22:46.017,SELL,7.3e-07,1366.43835616
10886921,2017-12-25T13:22:46.017,SELL,7.3e-07,15000.0
10886922,2017-12-25T13:22:46.017,SELL,7.3e-07,3094.64126712
10886923,2017-12-25T13:22:46.017,SELL,7.3e-07,2000.0
10886924,2017-12-25T13:22:46.017,SELL,7.3e-07,1377.0
10886925,2017-12-25T13:22:46.017,SELL,7.3e-07,14189.17787671
10886926,2017-12-25T13:22:46.017,SELL,7.3e-07,72514.99787671
10886927,2017-12-25T13:22:46.017,SELL,7.3e-07,2579.43934932
10886928,2017-12-25T13:22:46.017,SELL,7.3e-07,130991.09876712
10886929,2017-12-25T13:22:46.017,SELL,7.3e-07,211943.04729452
10886930,2017-12-25T13:22:46.017,SELL,7.3e-07,37370.0
10886931,2017-12-25T13:22:46.017,SELL,7.3e-07,18619.66294521
10886932,2017-12-25T13:22:46.017,SELL,7.3e-07,27328.76712329
10886933,2017-12-25T13:22:46.017,SELL,7.3e-07,6832.19178082
10886934,2017-12-25T13:22:46.017,SELL,7.3e-07,277033.96695205
10886935,2017-12-25T13:22:46.033,SELL,7.3e-07,10534.92544521
10886936,2017-12-25T13:22:46.033,SELL,7.3e-07,14881.55392585
10886938,2017-12-25T13:22:48.47,SELL,7.3e-07,2000.0
10886939,2017-12-25T13:22:48.707,SELL,7.3e-07,44203.61069744
10886940,2017-12-25T13:22:48.707,SELL,7.3e-07,1600.0
10886941,2017-12-25T13:22:48.707,SELL,7.3e-07,34220.90371817
10886942,2017-12-25T13:22:49.847,SELL,7.3e-07,4817.39112676
10886944,2017-12-25T13:22:51.017,SELL,7.3e-07,4500.0
10886946,2017-12-25T13:22:53.22,BUY,7.4e-07,89914.87636658
10886947,2017-12-25T13:22:53.22,BUY,7.4e-07,19000.0
10886948,2017-12-25T13:22:53.22,BUY,7.4e-07,25882.42093072
10886950,2017-12-25T13:22:53.503,BUY,7.4e-07,20000.0
10886951,2017-12-25T13:22:54.063,SELL,7.3e-07,6461.70515507
10886952,2017-12-25T13:22:54.063,SELL,7.3e-07,34737.18247496
10886956,2017-12-25T13:22:56.987,BUY,7.4e-07,65221.14658784
10886957,2017-12-25T13:22:57.36,SELL,7.3e-07,82193.6208812
10886958,2017-12-25T13:22:57.36,SELL,7.3e-07,3893.80273973
10886959,2017-12-25T13:22:57.36,SELL,7.3e-07,247519.41770548
10886960,2017-12-25T13:22:57.36,SELL,7.3e-07,313641.99832192
10886961,2017-12-25T13:22:57.36,SELL,7.3e-07,11482.67342466
10886962,2017-12-25T13:22:57.36,SELL,7.3e-07,67625.45784247
10886963,2017-12-25T13:22:57.36,SELL,7.3e-07,8506.88496575
10886964,2017-12-25T13:22:57.36,SELL,7.3e-07,15084.16767123
10886965,2017-12-25T13:22:57.36,SELL,7.3e-07,1366.43835616
10886966,2017-12-25T13:22:57.36,SELL,7.3e-07,263862.66267123
10886967,2017-12-25T13:22:57.36,SELL,7.3e-07,9589.04109589
10886968,2017-12-25T13:22:57.36,SELL,7.3e-07,6000.0
10886969,2017-12-25T13:22:57.36,SELL,7.3e-07,9500.0
10886970,2017-12-25T13:22:57.377,SELL,7.3e-07,10000.0
10886971,2017-12-25T13:22:57.377,SELL,7.3e-07,4151.26027397
10886972,2017-12-25T13:22:57.377,SELL,7.3e-07,3630.19178082
10886973,2017-12-25T13:22:57.377,SELL,7.3e-07,3582.2684589
10886974,2017-12-25T13:22:57.377,SELL,7.3e-07,137359.45304795
10886975,2017-12-25T13:22:57.377,SELL,7.3e-07,10462.81849315
10886977,2017-12-25T13:22:57.457,BUY,7.3e-07,58923.43658499
10886979,2017-12-25T13:22:57.94,BUY,7.3e-07,2528.65349315
10886980,2017-12-25T13:22:58.673,SELL,7.2e-07,191380.59798598
10886983,2017-12-25T13:22:59.317,BUY,7.3e-07,5000.0
10886988,2017-12-25T13:23:00.613,BUY,7.3e-07,51257.48034247
10886991,2017-12-25T13:23:05.253,BUY,7.3e-07,77767.84931367
10886992,2017-12-25T13:23:05.253,BUY,7.3e-07,61000.0
10886998,2017-12-25T13:23:08.44,BUY,7.3e-07,1343.01760274
10886999,2017-12-25T13:23:08.8,SELL,7.2e-07,3384.44562615
10887003,2017-12-25T13:23:11.143,BUY,7.3e-07,18.23412526
10887004,2017-12-25T13:23:11.143,BUY,7.4e-07,6721.6307396
10887007,2017-12-25T13:23:12.707,BUY,7.4e-07,10841.05856035
10887009,2017-12-25T13:23:13.3,BUY,7.4e-07,1347.97297297
10887012,2017-12-25T13:23:14.08,BUY,7.4e-07,43501.0
10887014,2017-12-25T13:23:16.223,SELL,7.3e-07,2317.06993344
10887019,2017-12-25T13:23:19.41,BUY,7.4e-07,6402.80981244
10887021,2017-12-25T13:23:20.44,SELL,7.3e-07,5496.79849122
10887023,2017-12-25T13:23:24.66,BUY,7.3e-07,75640.6683338
10887025,2017-12-25T13:23:25.3,BUY,7.3e-07,23425.4539726
10887029,2017-12-25T13:23:26.973,BUY,7.3e-07,49148.6560274
10887034,2017-12-25T13:23:29.74,BUY,7.3e-07,34160.95890411
10887036,2017-12-25T13:23:29.88,BUY,7.3e-07,10506.70375004
10887037,2017-12-25T13:23:29.88,BUY,7.3e-07,5000.0
10887038,2017-12-25T13:23:29.88,BUY,7.3e-07,5000.0
10887041,2017-12-25T13:23:32.05,SELL,7.3e-07,18658.4769
10887042,2017-12-25T13:23:32.753,SELL,7.3e-07,5191.04811708
10887043,2017-12-25T13:23:32.753,SELL,7.3e-07,3462.65529508
10887049,2017-12-25T13:23:36.1,SELL,7.3e-07,4340.17230766
10887050,2017-12-25T13:23:36.1,SELL,7.3e-07,2153.33418585
10887052,2017-12-25T13:23:38.13,SELL,7.3e-07,3823.4441
10887056,2017-12-25T13:23:42.16,SELL,7.3e-07,179067.23308401
10887057,2017-12-25T13:23:42.16,SELL,7.3e-07,933.62532815
10887062,2017-12-25T13:23:43.63,BUY,7.4e-07,50000.0
10887066,2017-12-25T13:23:48.41,SELL,7.3e-07,89618.42183824
10887072,2017-12-25T13:23:57.367,BUY,7.4e-07,54324.94672297
10887078,2017-12-25T13:24:04.083,BUY,7.4e-07,2500.0
10887079,2017-12-25T13:24:04.21,SELL,7.3e-07,292358.69609589
10887084,2017-12-25T13:24:04.727,BUY,7.4e-07,7000.0
10887085,2017-12-25T13:24:05.833,SELL,7.3e-07,92735.16173772
10887086,2017-12-25T13:24:05.833,SELL,7.3e-07,20000.0
10887087,2017-12-25T13:24:05.833,SELL,7.3e-07,4429.56955479
10887088,2017-12-25T13:24:05.833,SELL,7.3e-07,5000.0
10887089,2017-12-25T13:24:05.833,SELL,7.3e-07,1366.43835616
10887090,2017-12-25T13:24:05.833,SELL,7.3e-07,1500.0
10887094,2017-12-25T13:24:08.693,BUY,7.3e-07,28229.68332274
10887096,2017-12-25T13:24:08.727,BUY,7.3e-07,5598.20229452
10887098,2017-12-25T13:24:09.79,BUY,7.3e-07,361232.16
10887101,2017-12-25T13:24:11.897,BUY,7.3e-07,5000.0
10887103,2017-12-25T13:24:12.04,BUY,7.3e-07,20015.79456081
10887105,2017-12-25T13:24:12.71,BUY,7.3e-07,10841.05856035
10887107,2017-12-25T13:24:14.68,BUY,7.3e-07,68.90536291
10887108,2017-12-25T13:24:14.68,BUY,7.3e-07,10309.45497871
10887112,2017-12-25T13:24:15.617,BUY,7.3e-07,306058.97599315
10887113,2017-12-25T13:24:16.803,SELL,7.2e-07,148252.06771378
10887115,2017-12-25T13:24:18.57,BUY,7.3e-07,28247.97020548
10887119,2017-12-25T13:24:24.273,BUY,7.3e-07,33890.9780137
10887121,2017-12-25T13:24:26.243,BUY,7.3e-07,80611.00849315
10887124,2017-12-25T13:24:30.21,BUY,7.3e-07,40881.61231581
10887125,2017-12-25T13:24:30.21,BUY,7.3e-07,97419.72916667
10887126,2017-12-25T13:24:30.21,BUY,7.3e-07,20097.6821819
10887128,2017-12-25T13:24:30.35,BUY,7.3e-07,1614.84318493
10887130,2017-12-25T13:24:31.85,BUY,7.3e-07,5000.0
10887133,2017-12-25T13:24:34.46,BUY,7.3e-07,11043.500779
10887134,2017-12-25T13:24:34.46,BUY,7.3e-07,5000.0
10887135,2017-12-25T13:24:34.57,SELL,7.3e-07,154695.99679545
10887136,2017-12-25T13:24:35.32,SELL,7.3e-07,16811.53191185
10887138,2017-12-25T13:24:35.493,BUY,7.3e-07,11516.40226623
10887142,2017-12-25T13:24:43.383,BUY,7.4e-07,6257.01367311
10887143,2017-12-25T13:24:43.383,BUY,7.4e-07,46156.38119175
10887148,2017-12-25T13:24:47.51,SELL,7.3e-07,3143.92355569
10887149,2017-12-25T13:24:47.51,SELL,7.3e-07,409931.50684932
10887150,2017-12-25T13:24:47.51,SELL,7.3e-07,86256.68085616
10887151,2017-12-25T13:24:47.51,SELL,7.3e-07,1500.0
10887153,2017-12-25T13:24:53.337,BUY,7.3e-07,116649.15226623
10887158,2017-12-25T13:24:59.213,SELL,7.3e-07,5027.67015625
10887162,2017-12-25T13:25:01.103,BUY,7.4e-07,11052.74483108
10887165,2017-12-25T13:25:02.883,SELL,7.3e-07,14967.01319396
10887166,2017-12-25T13:25:02.883,SELL,7.3e-07,10000.0
10887167,2017-12-25T13:25:02.883,SELL,7.3e-07,1715.22174658
10887168,2017-12-25T13:25:02.883,SELL,7.3e-07,13317.76505946
10887170,2017-12-25T13:25:03.057,BUY,7.4e-07,10212.71503378
10887173,2017-12-25T13:25:03.4,BUY,7.4e-07,10000.0
10887175,2017-12-25T13:25:04.167,BUY,7.4e-07,69923.60422297
10887179,2017-12-25T13:25:09.23,SELL,7.3e-07,5400.0
10887181,2017-12-25T13:25:10.183,BUY,7.4e-07,125942.2259533
10887182,2017-12-25T13:25:10.183,BUY,7.4e-07,35167.14945205
10887183,2017-12-25T13:25:10.183,BUY,7.4e-07,36849.13212766
10887184,2017-12-25T13:25:10.183,BUY,7.4e-07,1147.80821918
10887185,2017-12-25T13:25:10.183,BUY,7.4e-07,664619.87586943
10887187,2017-12-25T13:25:12.243,BUY,7.4e-07,52497.02515302
10887190,2017-12-25T13:25:13.73,BUY,7.4e-07,10445.27237709
10887194,2017-12-25T13:25:16.76,BUY,7.4e-07,10378.36034162
10887196,2017-12-25T13:25:18.65,BUY,7.4e-07,1296.53668035
10887198,2017-12-25T13:25:19.027,BUY,7.4e-07,2965.54054054
10887201,2017-12-25T13:25:20.323,BUY,7.4e-07,55649.62185811
10887203,2017-12-25T13:25:24.73,BUY,7.4e-07,6500.0
10887207,2017-12-25T13:25:28.56,BUY,7.4e-07,9724.01858314
10887210,2017-12-25T13:25:30.73,BUY,7.4e-07,3300.0
10887211,2017-12-25T13:25:32.293,SELL,7.3e-07,51750.97771451
10887212,2017-12-25T13:25:32.293,SELL,7.3e-07,466538.56451522
10887215,2017-12-25T13:25:37.607,SELL,7.3e-07,2000.0
10887219,2017-12-25T13:25:40.107,SELL,7.3e-07,39974.61245
10887221,2017-12-25T13:25:41.277,BUY,7.4e-07,3196.7118648
10887231,2017-12-25T13:25:51.933,BUY,7.4e-07,18418.19047297
10887234,2017-12-25T13:25:58.73,SELL,7.3e-07,90910.18008957
10887235,2017-12-25T13:25:58.73,SELL,7.3e-07,5000.0
10887236,2017-12-25T13:25:58.73,SELL,7.3e-07,23852.30713646
10887241,2017-12-25T13:26:01.733,SELL,7.3e-07,60000.0
10887243,2017-12-25T13:26:02.217,BUY,7.4e-07,10980.45304054
10887245,2017-12-25T13:26:04.187,BUY,7.4e-07,4000.0
10887250,2017-12-25T13:26:04.513,BUY,7.4e-07,81495.553125
10887252,2017-12-25T13:26:05.077,BUY,7.4e-07,109609.45175676
10887257,2017-12-25T13:26:09.7,BUY,7.4e-07,72270.04095671
10887260,2017-12-25T13:26:12.107,BUY,7.4e-07,3000.0
10887262,2017-12-25T13:26:12.873,BUY,7.4e-07,54588.24457243
10887264,2017-12-25T13:26:13.717,SELL,7.3e-07,190120.29560327
10887265,2017-12-25T13:26:13.717,SELL,7.3e-07,255960.34280072
10887270,2017-12-25T13:26:17.077,BUY,7.4e-07,10424.35327161
10887274,2017-12-25T13:26:21.2,BUY,7.4e-07,27830.38733588
10887275,2017-12-25T13:26:21.2,BUY,7.4e-07,11122.65723443
10887278,2017-12-25T13:26:23.577,BUY,7.4e-07,4006.9855053
10887279,2017-12-25T13:26:23.577,BUY,7.4e-07,10000.0
10887280,2017-12-25T13:26:23.577,BUY,7.4e-07,7275.94263699
10887281,2017-12-25T13:26:23.577,BUY,7.4e-07,34902.27033744
10887287,2017-12-25T13:26:33.89,BUY,7.4e-07,239903.11346333
10887288,2017-12-25T13:26:33.89,BUY,7.4e-07,60096.88653667
10887289,2017-12-25T13:26:34.093,SELL,7.3e-07,16692.48117188
10887290,2017-12-25T13:26:34.093,SELL,7.3e-07,3307.51882812
10887296,2017-12-25T13:26:41.127,SELL,7.3e-07,11435.72247325
10887297,2017-12-25T13:26:41.127,SELL,7.3e-07,23651.996825
10887298,2017-12-25T13:26:43.58,SELL,7.3e-07,7142.85714285
10887299,2017-12-25T13:26:44.093,SELL,7.3e-07,53494.05644366
10887303,2017-12-25T13:26:45.843,BUY,7.4e-07,11053.25706081
10887308,2017-12-25T13:26:55.517,SELL,7.3e-07,67500.0
10887310,2017-12-25T13:26:56.767,SELL,7.3e-07,30000.0
10887317,2017-12-25T13:27:05.627,SELL,7.3e-07,10000.0
10887319,2017-12-25T13:27:07.08,SELL,7.3e-07,55349.5
10887322,2017-12-25T13:27:08.3,BUY,7.4e-07,9911.4270267
10887323,2017-12-25T13:27:08.393,SELL,7.3e-07,4335.3725
10887324,2017-12-25T13:27:09.893,SELL,7.3e-07,83552.77636364
10887326,2017-12-25T13:27:10.423,BUY,7.4e-07,8203.22432432
10887331,2017-12-25T13:27:11.08,BUY,7.4e-07,4899.23472973
10887333,2017-12-25T13:27:11.517,BUY,7.4e-07,11030.25369492
10887335,2017-12-25T13:27:11.517,BUY,7.4e-07,6396.27675072
10887336,2017-12-25T13:27:15.063,SELL,7.3e-07,29000.0
10887345,2017-12-25T13:27:26.393,BUY,7.4e-07,15283.58871437
10887347,2017-12-25T13:27:26.58,SELL,7.3e-07,17000.0
10887356,2017-12-25T13:27:31.113,BUY,7.4e-07,23773.1703143
10887357,2017-12-25T13:27:31.113,BUY,7.4e-07,29700.0
10887358,2017-12-25T13:27:31.113,BUY,7.4e-07,6547.12541096
10887359,2017-12-25T13:27:31.113,BUY,7.4e-07,7000.0
10887360,2017-12-25T13:27:31.113,BUY,7.4e-07,115353.0201869
10887367,2017-12-25T13:27:41.05,BUY,7.4e-07,17117.81071875
10887370,2017-12-25T13:27:46.113,BUY,7.4e-07,467276.76830668
10887371,2017-12-25T13:27:46.113,BUY,7.4e-07,13664.38356164
10887372,2017-12-25T13:27:46.113,BUY,7.4e-07,6000.0
10887373,2017-12-25T13:27:46.113,BUY,7.4e-07,10000.0
10887374,2017-12-25T13:27:46.113,BUY,7.4e-07,67736.48648649
10887375,2017-12-25T13:27:46.113,BUY,7.4e-07,61489.7260274
10887376,2017-12-25T13:27:46.113,BUY,7.4e-07,47819.12210428
10887380,2017-12-25T13:27:48.317,BUY,7.4e-07,20732.51179054
10887388,2017-12-25T13:27:57.41,SELL,7.3e-07,3300.0
10887397,2017-12-25T13:28:15.007,SELL,7.3e-07,200009.20510274
10887400,2017-12-25T13:28:17.303,SELL,7.3e-07,20000.0
10887402,2017-12-25T13:28:18.32,BUY,7.4e-07,11001.31384846
10887404,2017-12-25T13:28:19.117,SELL,7.3e-07,130974.25747143
10887405,2017-12-25T13:28:19.117,SELL,7.3e-07,209025.74252857
10887414,2017-12-25T13:28:29.537,BUY,7.4e-07,34304.32155405
10887417,2017-12-25T13:28:37.32,BUY,7.4e-07,6963.64185811
10887419,2017-12-25T13:28:39.46,BUY,7.4e-07,1453.31706081
10887423,2017-12-25T13:28:45.897,SELL,7.3e-07,12889.18772143
10887424,2017-12-25T13:28:45.897,SELL,7.3e-07,1366438.35616438
10887425,2017-12-25T13:28:45.897,SELL,7.3e-07,70264.25527397
10887426,2017-12-25T13:28:45.897,SELL,7.3e-07,35471.11366438
10887427,2017-12-25T13:28:45.897,SELL,7.3e-07,500000.90106164
10887428,2017-12-25T13:28:45.897,SELL,7.3e-07,80000.0
10887429,2017-12-25T13:28:45.897,SELL,7.3e-07,24294.09883562
10887430,2017-12-25T13:28:45.897,SELL,7.3e-07,30000.0
10887431,2017-12-25T13:28:45.897,SELL,7.3e-07,4500.0
10887432,2017-12-25T13:28:45.897,SELL,7.3e-07,2657.92756849
10887433,2017-12-25T13:28:45.897,SELL,7.3e-07,1809.56164384
10887434,2017-12-25T13:28:45.897,SELL,7.3e-07,84060.02188356
10887435,2017-12-25T13:28:45.897,SELL,7.3e-07,20000.02530822
10887436,2017-12-25T13:28:45.913,SELL,7.3e-07,815319.94777397
10887437,2017-12-25T13:28:45.913,SELL,7.3e-07,17500.0
10887438,2017-12-25T13:28:45.913,SELL,7.3e-07,46325.34842466
10887439,2017-12-25T13:28:45.913,SELL,7.3e-07,90988.26061644
10887440,2017-12-25T13:28:45.913,SELL,7.3e-07,4500.0
10887441,2017-12-25T13:28:45.913,SELL,7.3e-07,21691.99027397
10887442,2017-12-25T13:28:45.913,SELL,7.3e-07,148720.04886986
10887443,2017-12-25T13:28:45.913,SELL,7.3e-07,1935.83321918
10887444,2017-12-25T13:28:45.913,SELL,7.3e-07,1202.0
10887445,2017-12-25T13:28:45.913,SELL,7.3e-07,533427.14465753
10887446,2017-12-25T13:28:45.913,SELL,7.3e-07,9754.18356164
10887447,2017-12-25T13:28:45.913,SELL,7.3e-07,19415.04794521
10887448,2017-12-25T13:28:45.913,SELL,7.3e-07,213091.74369863
10887449,2017-12-25T13:28:45.913,SELL,7.3e-07,5421.32876712
10887450,2017-12-25T13:28:45.913,SELL,7.3e-07,14905.69715753
10887451,2017-12-25T13:28:45.913,SELL,7.3e-07,5000.0
10887452,2017-12-25T13:28:45.913,SELL,7.3e-07,6603.72328767
10887453,2017-12-25T13:28:45.913,SELL,7.3e-07,355180.05729452
10887454,2017-12-25T13:28:45.913,SELL,7.3e-07,886334.4460274
10887456,2017-12-25T13:28:46.82,BUY,7.3e-07,4510.17575342
10887458,2017-12-25T13:28:49.693,BUY,7.3e-07,15551.09332192
10887460,2017-12-25T13:28:49.757,BUY,7.3e-07,60519.00821918
10887462,2017-12-25T13:28:51.163,BUY,7.3e-07,299251.66953269
10887464,2017-12-25T13:28:53.697,BUY,7.3e-07,131500.03346508
10887465,2017-12-25T13:28:53.697,BUY,7.4e-07,162581.47785171
10887472,2017-12-25T13:29:00.023,SELL,7.3e-07,10170.85032609
10887479,2017-12-25T13:29:12.197,SELL,7.3e-07,25000.0
10887480,2017-12-25T13:29:13.15,SELL,7.3e-07,1181.04486486
10887483,2017-12-25T13:29:15.04,BUY,7.4e-07,12001.0
10887484,2017-12-25T13:29:16.383,SELL,7.3e-07,2283.56010484
10887485,2017-12-25T13:29:17.227,SELL,7.3e-07,7372.19621106
10887486,2017-12-25T13:29:17.227,SELL,7.3e-07,6360.68050127
10887489,2017-12-25T13:29:19.087,BUY,7.4e-07,52616.7435607
10887491,2017-12-25T13:29:19.523,SELL,7.3e-07,471.51127955
10887492,2017-12-25T13:29:19.523,SELL,7.3e-07,28880.61368667
10887494,2017-12-25T13:29:20.12,BUY,7.4e-07,10865.78137588
10887496,2017-12-25T13:29:23.837,BUY,7.4e-07,82161.68908784
10887499,2017-12-25T13:29:28.463,BUY,7.4e-07,28473.89934375
10887500,2017-12-25T13:29:28.883,SELL,7.3e-07,13888.88888889
10887503,2017-12-25T13:29:33.18,SELL,7.3e-07,93877.31187649
10887504,2017-12-25T13:29:33.18,SELL,7.3e-07,556122.68812351
10887506,2017-12-25T13:29:34.027,BUY,7.4e-07,32887.34584459
10887507,2017-12-25T13:29:34.557,SELL,7.3e-07,55000.0
10887509,2017-12-25T13:29:34.807,BUY,7.4e-07,130752.95260135
10887510,2017-12-25T13:29:38.137,SELL,7.3e-07,1452380.08137912
10887514,2017-12-25T13:29:50.307,SELL,7.3e-07,20000.0
10887519,2017-12-25T13:29:53.307,SELL,7.3e-07,6844.82
10887521,2017-12-25T13:29:54.103,BUY,7.4e-07,10000.0
10887528,2017-12-25T13:29:58.073,BUY,7.4e-07,150000.73739726
10887532,2017-12-25T13:30:09.7,SELL,7.3e-07,2112.67605634
10887539,2017-12-25T13:30:14.933,BUY,7.4e-07,12764.40091216
10887542,2017-12-25T13:30:15.857,BUY,7.4e-07,407090.42594595
10887543,2017-12-25T13:30:16.323,SELL,7.3e-07,16521.38753425
10887546,2017-12-25T13:30:17.653,BUY,7.4e-07,6615.44695946
10887547,2017-12-25T13:30:17.717,SELL,7.3e-07,66766.2078125
10887554,2017-12-25T13:30:27.077,BUY,7.4e-07,2100.0
10887558,2017-12-25T13:30:31.543,BUY,7.4e-07,1679.70912162
10887561,2017-12-25T13:30:34.187,SELL,7.3e-07,7176.45295946
10887564,2017-12-25T13:30:36.747,BUY,7.4e-07,5173.58766892
10887565,2017-12-25T13:30:38.17,SELL,7.3e-07,3000.0
10887567,2017-12-25T13:30:39.14,SELL,7.3e-07,13625.0
10887575,2017-12-25T13:30:44,BUY,7.4e-07,3285.57628378
10887578,2017-12-25T13:30:53.013,SELL,7.3e-07,22310.3111
10887582,2017-12-25T13:30:57.217,SELL,7.3e-07,90000.0
10887584,2017-12-25T13:30:59.827,BUY,7.4e-07,1202.52668919
10887586,2017-12-25T13:31:01.983,SELL,7.3e-07,22522.20264699
10887593,2017-12-25T13:31:09.577,SELL,7.3e-07,50000.0
10887596,2017-12-25T13:31:09.97,BUY,7.4e-07,1352868.78385135
10887599,2017-12-25T13:31:10.78,BUY,7.4e-07,235888.78652027
10887604,2017-12-25T13:31:12.86,BUY,7.4e-07,10883.6681005
10887608,2017-12-25T13:31:16,BUY,7.4e-07,10886.10473583
10887609,2017-12-25T13:31:16.42,SELL,7.3e-07,1000000.0
10887612,2017-12-25T13:31:18.53,BUY,7.4e-07,32879.31192568
10887613,2017-12-25T13:31:21.53,SELL,7.3e-07,13854.16666667
10887615,2017-12-25T13:31:21.97,BUY,7.4e-07,11712.0351351
10887617,2017-12-25T13:31:22.673,BUY,7.4e-07,4158.57717946
10887623,2017-12-25T13:31:27.313,SELL,7.3e-07,93201.9046
10887624,2017-12-25T13:31:27.733,SELL,7.3e-07,1436.80993151
10887626,2017-12-25T13:31:31.767,BUY,7.4e-07,24000.0
10887627,2017-12-25T13:31:31.89,SELL,7.3e-07,46202.57399787
10887628,2017-12-25T13:31:31.89,SELL,7.3e-07,1100000.0
10887629,2017-12-25T13:31:31.89,SELL,7.3e-07,184016.28575342
10887630,2017-12-25T13:31:31.89,SELL,7.3e-07,4422.13613014
10887631,2017-12-25T13:31:31.89,SELL,7.3e-07,178000.0
10887632,2017-12-25T13:31:31.89,SELL,7.3e-07,22040.04945205
10887633,2017-12-25T13:31:31.89,SELL,7.3e-07,4919.47869863
10887634,2017-12-25T13:31:31.89,SELL,7.3e-07,10159.4555137
10887635,2017-12-25T13:31:31.89,SELL,7.3e-07,1366.43835616
10887636,2017-12-25T13:31:31.89,SELL,7.3e-07,4109.5890411
10887637,2017-12-25T13:31:31.89,SELL,7.3e-07,397271.64678082
10887638,2017-12-25T13:31:31.89,SELL,7.3e-07,20000.0
10887639,2017-12-25T13:31:31.89,SELL,7.3e-07,1588.92184932
10887640,2017-12-25T13:31:31.89,SELL,7.3e-07,268856.03835616
10887641,2017-12-25T13:31:31.89,SELL,7.3e-07,10000.0
10887642,2017-12-25T13:31:31.89,SELL,7.3e-07,10000.0
10887643,2017-12-25T13:31:31.89,SELL,7.3e-07,42909.26619863
10887644,2017-12-25T13:31:31.89,SELL,7.3e-07,283902.91592466
10887645,2017-12-25T13:31:31.907,SELL,7.3e-07,7338.83979452
10887646,2017-12-25T13:31:31.907,SELL,7.3e-07,208807.65883562
10887647,2017-12-25T13:31:31.907,SELL,7.3e-07,6636.6134589
10887648,2017-12-25T13:31:31.907,SELL,7.3e-07,632138.509
10887649,2017-12-25T13:31:31.907,SELL,7.3e-07,25058.16667808
10887650,2017-12-25T13:31:31.907,SELL,7.3e-07,28186.65811644
10887651,2017-12-25T13:31:31.907,SELL,7.3e-07,12071.93630137
10887652,2017-12-25T13:31:31.907,SELL,7.3e-07,2342.49893836
10887653,2017-12-25T13:31:31.907,SELL,7.3e-07,5164.16681507
10887654,2017-12-25T13:31:31.907,SELL,7.3e-07,865613.33515616
10887655,2017-12-25T13:31:32.53,SELL,7.3e-07,1793.94036584
10887662,2017-12-25T13:31:40.11,SELL,7.3e-07,763456.53845364
10887663,2017-12-25T13:31:40.737,SELL,7.3e-07,10000.19047297
10887668,2017-12-25T13:31:44.5,BUY,7.4e-07,8339.95262728
10887669,2017-12-25T13:31:45.423,SELL,7.3e-07,30000.0
10887672,2017-12-25T13:31:47.377,BUY,7.4e-07,23589.52702703
10887673,2017-12-25T13:31:48.063,SELL,7.3e-07,19641.61113971
10887675,2017-12-25T13:31:50.173,SELL,7.3e-07,319464.21321946
10887677,2017-12-25T13:31:52.72,BUY,7.4e-07,3909.45354558
10887678,2017-12-25T13:31:53.91,SELL,7.3e-07,50000.0
10887679,2017-12-25T13:31:54.3,SELL,7.3e-07,1588200.46487623
10887682,2017-12-25T13:31:58.017,SELL,7.3e-07,25615.43
10887683,2017-12-25T13:32:01.47,SELL,7.3e-07,355246.47887324
10887685,2017-12-25T13:32:03.05,BUY,7.4e-07,6000.0
10887689,2017-12-25T13:32:04.503,BUY,7.4e-07,7708.31941761
10887690,2017-12-25T13:32:05.673,SELL,7.3e-07,4406.48345455
10887691,2017-12-25T13:32:06.19,SELL,7.3e-07,5400.0
10887693,2017-12-25T13:32:07.05,SELL,7.3e-07,30851.37203125
10887695,2017-12-25T13:32:10.127,SELL,7.3e-07,27188.56523649
10887697,2017-12-25T13:32:11.253,SELL,7.3e-07,8418.0
10887702,2017-12-25T13:32:12.863,SELL,7.3e-07,5406.451331
10887703,2017-12-25T13:32:14.94,SELL,7.3e-07,17498.0
10887704,2017-12-25T13:32:15.707,SELL,7.3e-07,31979.55640873
10887705,2017-12-25T13:32:15.707,SELL,7.3e-07,75568.97744997
10887707,2017-12-25T13:32:22.05,SELL,7.3e-07,11155.7340473
10887715,2017-12-25T13:32:28.723,BUY,7.4e-07,10644.40337838
10887719,2017-12-25T13:32:29.893,BUY,7.4e-07,10901.0
10887720,2017-12-25T13:32:30.177,SELL,7.3e-07,1179.88507
10887721,2017-12-25T13:32:30.24,SELL,7.3e-07,680460.73059026
10887722,2017-12-25T13:32:30.24,SELL,7.3e-07,20000.0
10887723,2017-12-25T13:32:30.24,SELL,7.3e-07,4099.31506849
10887724,2017-12-25T13:32:30.24,SELL,7.3e-07,273287.67123288
10887725,2017-12-25T13:32:30.24,SELL,7.3e-07,9564.49315068
10887726,2017-12-25T13:32:30.24,SELL,7.3e-07,9795.43633562
10887727,2017-12-25T13:32:30.24,SELL,7.3e-07,22250.89089041
10887728,2017-12-25T13:32:30.24,SELL,7.3e-07,22000.0
10887729,2017-12-25T13:32:30.24,SELL,7.3e-07,15301.84130137
10887730,2017-12-25T13:32:30.24,SELL,7.3e-07,899641.79528164
10887737,2017-12-25T13:32:32.537,BUY,7.4e-07,6770.251003
10887741,2017-12-25T13:32:35.8,SELL,7.3e-07,84485.10636364
10887744,2017-12-25T13:32:36.74,BUY,7.4e-07,4432.29669252
10887745,2017-12-25T13:32:36.74,BUY,7.4e-07,6454.58108466
10887755,2017-12-25T13:32:47.41,SELL,7.3e-07,34524.25692525
10887756,2017-12-25T13:32:48.41,SELL,7.3e-07,93776.97112331
10887758,2017-12-25T13:32:49.443,BUY,7.4e-07,10251.41891534
10887759,2017-12-25T13:32:49.443,BUY,7.4e-07,17370.00032609
10887760,2017-12-25T13:32:49.443,BUY,7.4e-07,2723.05285714
10887761,2017-12-25T13:32:49.443,BUY,7.4e-07,11702.88928657
10887766,2017-12-25T13:32:51.677,BUY,7.4e-07,5758.67048266
10887767,2017-12-25T13:32:51.677,BUY,7.4e-07,5176.93549707
10887770,2017-12-25T13:32:53.3,SELL,7.3e-07,20503.0
10887773,2017-12-25T13:32:57.1,BUY,7.4e-07,9823.06450293
10887774,2017-12-25T13:32:57.1,BUY,7.4e-07,2000.0
10887775,2017-12-25T13:32:57.1,BUY,7.4e-07,19786.73723537
10887776,2017-12-25T13:32:57.1,BUY,7.4e-07,10542.51218527
10887783,2017-12-25T13:33:08.16,BUY,7.4e-07,9457.48781473
10887784,2017-12-25T13:33:08.16,BUY,7.4e-07,9804.06194878
10887787,2017-12-25T13:33:14.223,BUY,7.4e-07,2006.001003
10887789,2017-12-25T13:33:14.333,BUY,7.4e-07,66862.62559739
10887790,2017-12-25T13:33:15.473,SELL,7.3e-07,29735.20084566
10887793,2017-12-25T13:33:15.803,BUY,7.4e-07,6071.00067568
10887795,2017-12-25T13:33:15.943,BUY,7.4e-07,6739.86486486
10887798,2017-12-25T13:33:19.053,BUY,7.4e-07,4692.46915541
10887800,2017-12-25T13:33:19.053,BUY,7.4e-07,9711.5424367
10887801,2017-12-25T13:33:19.053,BUY,7.4e-07,44956.0
10887802,2017-12-25T13:33:19.053,BUY,7.4e-07,89551.06906714
10887803,2017-12-25T13:33:19.053,BUY,7.4e-07,19191.8656385
10887804,2017-12-25T13:33:19.053,BUY,7.4e-07,7923.42945205
10887805,2017-12-25T13:33:19.053,BUY,7.4e-07,322667.61597318
10887806,2017-12-25T13:33:19.93,SELL,7.3e-07,767307.69230769
10887818,2017-12-25T13:33:30.647,BUY,7.4e-07,134797.2972973
10887823,2017-12-25T13:33:31.773,BUY,7.4e-07,39238.11624164
10887825,2017-12-25T13:33:32.257,BUY,7.4e-07,2033.78467322
10887828,2017-12-25T13:33:33.163,SELL,7.3e-07,82102.99316667
10887830,2017-12-25T13:33:36.477,BUY,7.4e-07,14375.39037162
10887832,2017-12-25T13:33:39.413,BUY,7.4e-07,16000.38109589
10887839,2017-12-25T13:33:43.35,BUY,7.4e-07,14550.0
10887844,2017-12-25T13:33:46.007,BUY,7.4e-07,61558.46138514
10887848,2017-12-25T13:33:48.023,BUY,7.4e-07,1925.65284201
10887850,2017-12-25T13:33:49.54,BUY,7.4e-07,135536.41783784
10887852,2017-12-25T13:33:50.053,BUY,7.4e-07,4040.58108108
10887865,2017-12-25T13:34:06.913,BUY,7.4e-07,10887.3416547
10887870,2017-12-25T13:34:17.227,SELL,7.3e-07,14375.39037162
10887873,2017-12-25T13:34:21.48,BUY,7.4e-07,75757.61777027
10887876,2017-12-25T13:34:22.417,BUY,7.4e-07,67361.39067568
10887880,2017-12-25T13:34:23.837,BUY,7.4e-07,3500.0
10887958,2017-12-25T13:34:49.12,BUY,7.4e-07,1186.33783254
10887959,2017-12-25T13:34:49.12,BUY,7.4e-07,7125.0
10887960,2017-12-25T13:34:49.12,BUY,7.4e-07,9993.0
10887961,2017-12-25T13:34:49.12,BUY,7.4e-07,11107.42409949
10887962,2017-12-25T13:34:49.12,BUY,7.4e-07,1358.24731064
10887963,2017-12-25T13:34:49.12,BUY,7.4e-07,23000.0
10887964,2017-12-25T13:34:49.12,BUY,7.4e-07,900000.0
10887965,2017-12-25T13:34:49.12,BUY,7.4e-07,121963.50657452
10887966,2017-12-25T13:34:49.12,BUY,7.4e-07,15000.0
10887967,2017-12-25T13:34:49.12,BUY,7.4e-07,4626.35034247
10887968,2017-12-25T13:34:49.12,BUY,7.4e-07,10149.09308824
10887969,2017-12-25T13:34:49.12,BUY,7.4e-07,20000.0
10887970,2017-12-25T13:34:49.12,BUY,7.4e-07,40100.0
10887971,2017-12-25T13:34:49.12,BUY,7.4e-07,20000.0
10887972,2017-12-25T13:34:49.12,BUY,7.4e-07,1500.33780822
10887973,2017-12-25T13:34:49.12,BUY,7.4e-07,4066.57646713
10887974,2017-12-25T13:34:49.12,BUY,7.4e-07,2055.05875
10887975,2017-12-25T13:34:49.12,BUY,7.4e-07,273095.195625
10887976,2017-12-25T13:34:49.12,BUY,7.4e-07,21546.77886986
10887977,2017-12-25T13:34:49.12,BUY,7.4e-07,1236.76335616
10887978,2017-12-25T13:34:49.12,BUY,7.4e-07,5688.942
10887979,2017-12-25T13:34:49.137,BUY,7.4e-07,55000.0
10887980,2017-12-25T13:34:49.137,BUY,7.4e-07,3000.0
10887981,2017-12-25T13:34:49.137,BUY,7.4e-07,15850.48544652
10887982,2017-12-25T13:34:49.137,BUY,7.4e-07,21940.98577465
10887983,2017-12-25T13:34:49.137,BUY,7.4e-07,6000.0
10887984,2017-12-25T13:34:49.137,BUY,7.4e-07,6559.7888
10887985,2017-12-25T13:34:49.137,BUY,7.4e-07,3000.0
10887986,2017-12-25T13:34:49.137,BUY,7.4e-07,5878.37837838
10887987,2017-12-25T13:34:49.137,BUY,7.4e-07,10000.0
10887988,2017-12-25T13:34:49.137,BUY,7.4e-07,8000.0
10887989,2017-12-25T13:34:49.137,BUY,7.4e-07,3370.02108113
10887990,2017-12-25T13:34:49.137,BUY,7.4e-07,35847.70407534
10887991,2017-12-25T13:34:49.137,BUY,7.4e-07,500000.0
10887992,2017-12-25T13:34:49.137,BUY,7.4e-07,153846.15384615
10887993,2017-12-25T13:34:49.137,BUY,7.4e-07,7708.06510274
10887994,2017-12-25T13:34:49.137,BUY,7.4e-07,14790.72503425
10887995,2017-12-25T13:34:49.137,BUY,7.4e-07,28010.90339897
10887996,2017-12-25T13:34:49.137,BUY,7.4e-07,4923.70099315
10887997,2017-12-25T13:34:49.137,BUY,7.4e-07,9589.04109589
10887998,2017-12-25T13:34:49.137,BUY,7.4e-07,177994.59270833
10887999,2017-12-25T13:34:49.137,BUY,7.4e-07,313641.99832192
10888000,2017-12-25T13:34:49.137,BUY,7.4e-07,1480.72135135
10888001,2017-12-25T13:34:49.137,BUY,7.4e-07,10000.0
10888002,2017-12-25T13:34:49.137,BUY,7.4e-07,81326.52135417
10888003,2017-12-25T13:34:49.137,BUY,7.4e-07,2789.57614865
10888004,2017-12-25T13:34:49.137,BUY,7.4e-07,13000.0
10888005,2017-12-25T13:34:49.137,BUY,7.4e-07,12578.76
10888006,2017-12-25T13:34:49.137,BUY,7.4e-07,2000.49861111
10888007,2017-12-25T13:34:49.137,BUY,7.4e-07,160727.85821918
10888008,2017-12-25T13:34:49.137,BUY,7.4e-07,34567.0
10888009,2017-12-25T13:34:49.137,BUY,7.4e-07,47207.0
10888010,2017-12-25T13:34:49.137,BUY,7.4e-07,30000.0
10888011,2017-12-25T13:34:49.137,BUY,7.4e-07,18703.125
10888012,2017-12-25T13:34:49.137,BUY,7.4e-07,9275.49228261
10888013,2017-12-25T13:34:49.137,BUY,7.4e-07,50000.02233562
10888014,2017-12-25T13:34:49.137,BUY,7.4e-07,140492.95774648
10888015,2017-12-25T13:34:49.137,BUY,7.4e-07,44857.38369863
10888016,2017-12-25T13:34:49.137,BUY,7.4e-07,1367.53206081
10888017,2017-12-25T13:34:49.137,BUY,7.4e-07,605173.01177083
10888018,2017-12-25T13:34:49.137,BUY,7.4e-07,233789.0625
10888019,2017-12-25T13:34:49.137,BUY,7.4e-07,216312.90438953
10888026,2017-12-25T13:34:53.463,BUY,7.4e-07,138867.15290499
10888027,2017-12-25T13:34:53.463,BUY,7.4e-07,220002.47646739
10888028,2017-12-25T13:34:53.463,BUY,7.4e-07,35471.11366438
10888029,2017-12-25T13:34:53.463,BUY,7.4e-07,10000.0
10888030,2017-12-25T13:34:53.463,BUY,7.4e-07,20000.0
10888031,2017-12-25T13:34:53.463,BUY,7.4e-07,6603.72328767
10888032,2017-12-25T13:34:53.463,BUY,7.4e-07,3000.0
10888033,2017-12-25T13:34:53.463,BUY,7.4e-07,60905.57790738
10888034,2017-12-25T13:34:53.463,BUY,7.4e-07,98022.64864583
10888035,2017-12-25T13:34:53.463,BUY,7.4e-07,114684.27901656
10888036,2017-12-25T13:34:53.463,BUY,7.4e-07,133998.0
10888037,2017-12-25T13:34:53.463,BUY,7.4e-07,2183588.27316399
10888038,2017-12-25T13:34:53.463,BUY,7.4e-07,9720.32222222
10888039,2017-12-25T13:34:53.463,BUY,7.4e-07,120052.2772
10888040,2017-12-25T13:34:53.463,BUY,7.4e-07,184016.28575342
10888041,2017-12-25T13:34:53.463,BUY,7.4e-07,6832.19178082
10888042,2017-12-25T13:34:53.463,BUY,7.4e-07,24060.26023973
10888043,2017-12-25T13:34:53.48,BUY,7.4e-07,10000.0
10888044,2017-12-25T13:34:53.48,BUY,7.4e-07,50548.03557698
10888045,2017-12-25T13:34:53.48,BUY,7.4e-07,387777.30760417
10888046,2017-12-25T13:34:53.48,BUY,7.4e-07,6636.6134589
10888047,2017-12-25T13:34:53.48,BUY,7.4e-07,770.05941638
10888050,2017-12-25T13:34:53.683,BUY,7.4e-07,1615.11425676
10888051,2017-12-25T13:34:54.26,SELL,7.3e-07,30227.27272727
10888053,2017-12-25T13:34:55.15,BUY,7.4e-07,6887.79413936
10888054,2017-12-25T13:34:55.15,BUY,7.4e-07,80733.0
10888055,2017-12-25T13:34:55.15,BUY,7.4e-07,3307.93592821
10888058,2017-12-25T13:34:55.997,BUY,7.4e-07,6692.06407179
10888059,2017-12-25T13:34:55.997,BUY,7.4e-07,38382.96470588
10888060,2017-12-25T13:34:55.997,BUY,7.4e-07,4099.31506849
10888061,2017-12-25T13:34:55.997,BUY,7.4e-07,7338.83979452
10888062,2017-12-25T13:34:55.997,BUY,7.4e-07,1501.0
10888063,2017-12-25T13:34:55.997,BUY,7.4e-07,672240.82987283
10888067,2017-12-25T13:34:57.98,BUY,7.4e-07,39486.42841216
10888071,2017-12-25T13:34:58.9,BUY,7.4e-07,881145.43484001
10888072,2017-12-25T13:34:58.9,BUY,7.4e-07,4416.81916667
10888073,2017-12-25T13:34:58.9,BUY,7.4e-07,178414.1846831
10888074,2017-12-25T13:34:58.9,BUY,7.4e-07,85000.0
10888079,2017-12-25T13:35:01.167,SELL,7.4e-07,134034.18258824
10888088,2017-12-25T13:35:04.153,BUY,7.5e-07,10468.85735055
10888090,2017-12-25T13:35:04.26,BUY,7.5e-07,22354.05375
10888096,2017-12-25T13:35:08.793,SELL,7.4e-07,9459.45945946
10888098,2017-12-25T13:35:09.043,SELL,7.4e-07,2837.74938462
10888100,2017-12-25T13:35:10.217,SELL,7.4e-07,2689.18918918
10888108,2017-12-25T13:35:19.34,BUY,7.5e-07,69879.1709
10888109,2017-12-25T13:35:19.56,SELL,7.4e-07,6500.0
10888113,2017-12-25T13:35:23.153,SELL,7.4e-07,9459.45945946
10888114,2017-12-25T13:35:23.7,SELL,7.4e-07,9459.45945946
10888117,2017-12-25T13:35:25.013,SELL,7.4e-07,9459.45945946
10888118,2017-12-25T13:35:25.28,SELL,7.4e-07,9459.45945946
10888119,2017-12-25T13:35:25.497,SELL,7.4e-07,9459.45945946
10888122,2017-12-25T13:35:26.387,SELL,7.4e-07,9459.45945946
10888123,2017-12-25T13:35:26.59,SELL,7.4e-07,9459.45945946
10888125,2017-12-25T13:35:26.607,BUY,7.5e-07,2325.05893836
10888126,2017-12-25T13:35:26.793,SELL,7.4e-07,9459.45945946
10888127,2017-12-25T13:35:26.997,SELL,7.4e-07,9459.45945946
10888128,2017-12-25T13:35:27.217,SELL,7.4e-07,9459.45945946
10888130,2017-12-25T13:35:27.42,SELL,7.4e-07,9459.45945946
10888132,2017-12-25T13:35:27.873,SELL,7.4e-07,9459.45945946
10888133,2017-12-25T13:35:28.09,SELL,7.4e-07,9459.45945946
10888134,2017-12-25T13:35:28.31,SELL,7.4e-07,9459.45945946
10888135,2017-12-25T13:35:29.183,SELL,7.4e-07,9459.45945946
10888136,2017-12-25T13:35:29.48,SELL,7.4e-07,9459.45945946
10888138,2017-12-25T13:35:29.717,SELL,7.4e-07,9459.45945946
10888139,2017-12-25T13:35:30.357,SELL,7.4e-07,9459.45945946
10888141,2017-12-25T13:35:30.513,BUY,7.5e-07,10000.0
10888142,2017-12-25T13:35:30.717,SELL,7.4e-07,9459.45945946
10888145,2017-12-25T13:35:31.78,SELL,7.4e-07,10000.0
10888147,2017-12-25T13:35:31.967,BUY,7.5e-07,20000.0
10888149,2017-12-25T13:35:33.7,SELL,7.4e-07,15000.0
10888154,2017-12-25T13:35:37.233,SELL,7.4e-07,2689.18918918
10888162,2017-12-25T13:35:41.043,SELL,7.4e-07,15535.16475
10888164,2017-12-25T13:35:41.64,SELL,7.4e-07,81283.78378378
10888174,2017-12-25T13:35:47.937,SELL,7.4e-07,100000.0
10888175,2017-12-25T13:35:48.09,SELL,7.4e-07,10980.45304054
10888177,2017-12-25T13:35:50.39,SELL,7.4e-07,42857.14285714
10888180,2017-12-25T13:35:52.53,BUY,7.5e-07,13359.96100299
10888188,2017-12-25T13:35:59.297,SELL,7.4e-07,10000.19492308
10888190,2017-12-25T13:36:00.31,SELL,7.4e-07,250000.0
10888192,2017-12-25T13:36:00.56,BUY,7.5e-07,13922.2804
10888193,2017-12-25T13:36:01.64,SELL,7.4e-07,27777.77777777
10888201,2017-12-25T13:36:05.25,SELL,7.4e-07,19415.04794521
10888203,2017-12-25T13:36:07.513,SELL,7.4e-07,8086.955713
10888205,2017-12-25T13:36:07.953,BUY,7.5e-07,13111.7590413
10888207,2017-12-25T13:36:08.25,BUY,7.5e-07,4658.0324
10888210,2017-12-25T13:36:12.827,BUY,7.5e-07,33930.64874028
10888213,2017-12-25T13:36:13.983,BUY,7.5e-07,12956.71828404
10888215,2017-12-25T13:36:16.47,SELL,7.4e-07,2689.18918918
10888218,2017-12-25T13:36:18.547,SELL,7.4e-07,250000.0
10888224,2017-12-25T13:36:20.86,BUY,7.5e-07,210596.60480381
10888225,2017-12-25T13:36:20.86,BUY,7.5e-07,34155.15559619
10888234,2017-12-25T13:36:27.983,BUY,7.5e-07,1151.647
10888237,2017-12-25T13:36:30.36,SELL,7.4e-07,28635.57386534
10888241,2017-12-25T13:36:33.25,SELL,7.4e-07,18128.8981289
10888244,2017-12-25T13:36:34.423,BUY,7.5e-07,14070.61115381
10888245,2017-12-25T13:36:34.423,BUY,7.5e-07,4251.57524619
10888253,2017-12-25T13:36:38.75,SELL,7.4e-07,2689.18918918
10888254,2017-12-25T13:36:40.987,SELL,7.4e-07,6298.8
10888256,2017-12-25T13:36:41.173,BUY,7.5e-07,5748.42475381
10888257,2017-12-25T13:36:41.173,BUY,7.5e-07,2251.57524619
10888262,2017-12-25T13:36:43.72,BUY,7.5e-07,5638.42475381
10888263,2017-12-25T13:36:43.72,BUY,7.5e-07,767.24747157
10888266,2017-12-25T13:36:45.94,BUY,7.5e-07,1316.08586176
10888267,2017-12-25T13:36:45.94,BUY,7.5e-07,10000.82265625
10888268,2017-12-25T13:36:45.94,BUY,7.5e-07,1429.1265625
10888269,2017-12-25T13:36:45.94,BUY,7.5e-07,17253.96491949
10888273,2017-12-25T13:36:47.843,SELL,7.4e-07,5000.0
10888277,2017-12-25T13:36:49.923,SELL,7.4e-07,150000.0
10888281,2017-12-25T13:36:50.923,BUY,7.5e-07,5259.03508051
10888282,2017-12-25T13:36:50.923,BUY,7.5e-07,1391.34375
10888283,2017-12-25T13:36:50.923,BUY,7.5e-07,1939.58333333
10888284,2017-12-25T13:36:50.923,BUY,7.5e-07,4000.0
10888285,2017-12-25T13:36:50.923,BUY,7.5e-07,1500.0
10888286,2017-12-25T13:36:50.923,BUY,7.5e-07,1500.0
10888287,2017-12-25T13:36:50.923,BUY,7.5e-07,9861.11875
10888288,2017-12-25T13:36:50.923,BUY,7.5e-07,80200.0
10888289,2017-12-25T13:36:50.923,BUY,7.5e-07,14456.52173913
10888290,2017-12-25T13:36:50.923,BUY,7.5e-07,58133.579875
10888291,2017-12-25T13:36:50.923,BUY,7.5e-07,78130.6106
10888292,2017-12-25T13:36:50.923,BUY,7.5e-07,22305.895774
10888293,2017-12-25T13:36:50.923,BUY,7.5e-07,3000.0
10888294,2017-12-25T13:36:50.923,BUY,7.5e-07,57564.20825342
10888295,2017-12-25T13:36:50.923,BUY,7.5e-07,12000.0
10888296,2017-12-25T13:36:50.923,BUY,7.5e-07,134208.80774461
10888297,2017-12-25T13:36:52.157,SELL,7.4e-07,23461.92192192
10888298,2017-12-25T13:36:53.22,SELL,7.4e-07,148792.0
10888300,2017-12-25T13:36:53.313,BUY,7.5e-07,3000.0
10888306,2017-12-25T13:36:55.72,BUY,7.5e-07,6100.0
10888309,2017-12-25T13:36:56.453,SELL,7.4e-07,268626.36634615
10888312,2017-12-25T13:36:57.737,BUY,7.5e-07,123427.89091064
10888313,2017-12-25T13:36:57.737,BUY,7.5e-07,10000.0
10888314,2017-12-25T13:36:57.737,BUY,7.5e-07,63512.77956081
10888315,2017-12-25T13:36:57.737,BUY,7.5e-07,214139.93006757
10888316,2017-12-25T13:36:57.737,BUY,7.5e-07,8155.54633562
10888317,2017-12-25T13:36:57.737,BUY,7.5e-07,100918.25363281
10888318,2017-12-25T13:36:57.737,BUY,7.5e-07,136643.83561644
10888319,2017-12-25T13:36:57.75,BUY,7.5e-07,9200.38461538
10888320,2017-12-25T13:36:57.75,BUY,7.5e-07,54189.18918919
10888321,2017-12-25T13:36:57.75,BUY,7.5e-07,36009.71817154
10888323,2017-12-25T13:36:58.703,BUY,7.5e-07,1197.0
10888329,2017-12-25T13:37:00.91,SELL,7.4e-07,13093.85455479
10888336,2017-12-25T13:37:05.83,SELL,7.4e-07,85000.0
10888337,2017-12-25T13:37:06.66,SELL,7.4e-07,16835.0
10888338,2017-12-25T13:37:08.97,SELL,7.4e-07,100000.0
10888348,2017-12-25T13:37:15.613,BUY,7.5e-07,1600.04
10888351,2017-12-25T13:37:18.393,BUY,7.5e-07,11193.24182846
10888352,2017-12-25T13:37:18.393,BUY,7.5e-07,2421.21007154
10888356,2017-12-25T13:37:21.817,BUY,7.5e-07,4318.65479332
10888357,2017-12-25T13:37:21.817,BUY,7.5e-07,3096.1153125
10888358,2017-12-25T13:37:21.817,BUY,7.5e-07,105266.61833333
10888359,2017-12-25T13:37:21.817,BUY,7.5e-07,1500.0
10888360,2017-12-25T13:37:21.817,BUY,7.5e-07,1500.0
10888361,2017-12-25T13:37:21.817,BUY,7.5e-07,318142.733125
10888362,2017-12-25T13:37:21.817,BUY,7.5e-07,24984.34150685
10888363,2017-12-25T13:37:21.817,BUY,7.5e-07,40000.0
10888364,2017-12-25T13:37:21.817,BUY,7.5e-07,659365.57334746
10888365,2017-12-25T13:37:21.817,BUY,7.5e-07,1336.67502089
10888366,2017-12-25T13:37:21.817,BUY,7.5e-07,7689.8094863
10888367,2017-12-25T13:37:21.817,BUY,7.5e-07,22500.0
10888368,2017-12-25T13:37:21.817,BUY,7.5e-07,5566.7220981
10888369,2017-12-25T13:37:21.817,BUY,7.5e-07,2861.88030303
10888370,2017-12-25T13:37:21.817,BUY,7.5e-07,2036.96901399
10888371,2017-12-25T13:37:21.817,BUY,7.5e-07,2861.88030303
10888372,2017-12-25T13:37:21.817,BUY,7.5e-07,17123.0713562
10888379,2017-12-25T13:37:25.177,BUY,7.5e-07,42876.9286438
10888380,2017-12-25T13:37:25.177,BUY,7.5e-07,2200.0
10888381,2017-12-25T13:37:25.177,BUY,7.5e-07,13479.72972973
10888382,2017-12-25T13:37:25.177,BUY,7.5e-07,10000.0
10888383,2017-12-25T13:37:25.177,BUY,7.5e-07,28097.64927083
10888384,2017-12-25T13:37:25.177,BUY,7.5e-07,64793.30002385
10888385,2017-12-25T13:37:25.177,BUY,7.5e-07,20000.0
10888386,2017-12-25T13:37:25.177,BUY,7.5e-07,15000.0
10888387,2017-12-25T13:37:25.177,BUY,7.5e-07,50000.0
10888388,2017-12-25T13:37:25.177,BUY,7.5e-07,11875.0
10888389,2017-12-25T13:37:25.177,BUY,7.5e-07,28474.30973179
10888392,2017-12-25T13:37:26.473,SELL,7.4e-07,182848.19458204
10888393,2017-12-25T13:37:27.177,SELL,7.4e-07,8550.88388278
10888402,2017-12-25T13:37:30.033,BUY,7.5e-07,16676.7769
10888405,2017-12-25T13:37:31.613,BUY,7.5e-07,1878.3989
10888410,2017-12-25T13:37:33.987,SELL,7.4e-07,501250.0
10888415,2017-12-25T13:37:37.393,BUY,7.5e-07,17333.358
10888418,2017-12-25T13:37:42.05,BUY,7.5e-07,8328.9815
10888419,2017-12-25T13:37:43.19,SELL,7.4e-07,3098.40125
10888421,2017-12-25T13:37:43.99,BUY,7.5e-07,1628.56585862
10888422,2017-12-25T13:37:43.99,BUY,7.5e-07,371.43414138
10888425,2017-12-25T13:37:46.74,BUY,7.5e-07,10366.57137232
10888426,2017-12-25T13:37:46.74,BUY,7.5e-07,8127.86332768
10888429,2017-12-25T13:37:46.893,BUY,7.5e-07,5536.52023396
10888430,2017-12-25T13:37:46.893,BUY,7.5e-07,2000.0
10888431,2017-12-25T13:37:46.893,BUY,7.5e-07,28578.43276604
10888433,2017-12-25T13:37:47.583,SELL,7.4e-07,27091.9652027
10888436,2017-12-25T13:37:48.863,BUY,7.5e-07,39900.0
10888438,2017-12-25T13:37:50.677,BUY,7.5e-07,2128.0
10888448,2017-12-25T13:37:55.583,BUY,7.5e-07,13936.2055
10888451,2017-12-25T13:37:55.647,BUY,7.5e-07,134797.2972973
10888458,2017-12-25T13:37:59.083,BUY,7.5e-07,99646.8452
10888460,2017-12-25T13:38:01.21,SELL,7.4e-07,7024.69179165
10888463,2017-12-25T13:38:03.803,BUY,7.5e-07,922555.3281218
10888464,2017-12-25T13:38:03.803,BUY,7.5e-07,119660.769375
10888465,2017-12-25T13:38:03.803,BUY,7.5e-07,2777.0
10888466,2017-12-25T13:38:03.803,BUY,7.5e-07,27765.35047906
10888467,2017-12-25T13:38:03.803,BUY,7.5e-07,113409.10589744
10888468,2017-12-25T13:38:03.803,BUY,7.5e-07,26733.33333333
10888469,2017-12-25T13:38:03.803,BUY,7.5e-07,4752.473625
10888470,2017-12-25T13:38:03.803,BUY,7.5e-07,6356.55755708
10888471,2017-12-25T13:38:03.817,BUY,7.5e-07,19999.0
10888472,2017-12-25T13:38:03.817,BUY,7.5e-07,2000.0
10888473,2017-12-25T13:38:03.817,BUY,7.5e-07,459360.36240566
10888474,2017-12-25T13:38:03.817,BUY,7.5e-07,10000.0
10888475,2017-12-25T13:38:03.817,BUY,7.5e-07,2567.56756757
10888476,2017-12-25T13:38:03.817,BUY,7.5e-07,23049.92307692
10888477,2017-12-25T13:38:03.817,BUY,7.5e-07,14292.25352113
10888478,2017-12-25T13:38:03.817,BUY,7.5e-07,5944.60125
10888479,2017-12-25T13:38:03.817,BUY,7.5e-07,3506.35061538
10888480,2017-12-25T13:38:03.817,BUY,7.5e-07,5000.0
10888481,2017-12-25T13:38:03.817,BUY,7.5e-07,20000.0
10888482,2017-12-25T13:38:03.817,BUY,7.5e-07,15000.0
10888483,2017-12-25T13:38:03.817,BUY,7.5e-07,117139.879468
10888484,2017-12-25T13:38:03.817,BUY,7.5e-07,1111.5
10888485,2017-12-25T13:38:03.817,BUY,7.5e-07,20000.0
10888486,2017-12-25T13:38:03.817,BUY,7.5e-07,100000.0
10888487,2017-12-25T13:38:03.817,BUY,7.5e-07,10831.41075
10888488,2017-12-25T13:38:03.817,BUY,7.5e-07,18953.39775
10888489,2017-12-25T13:38:03.817,BUY,7.5e-07,1865.22525
10888490,2017-12-25T13:38:03.817,BUY,7.5e-07,2000.0
10888491,2017-12-25T13:38:03.817,BUY,7.5e-07,25000.0
10888492,2017-12-25T13:38:03.817,BUY,7.5e-07,21375.057
10888493,2017-12-25T13:38:03.817,BUY,7.5e-07,30000.0
10888494,2017-12-25T13:38:03.817,BUY,7.5e-07,16813.32612676
10888495,2017-12-25T13:38:03.817,BUY,7.5e-07,8000.0
10888496,2017-12-25T13:38:03.817,BUY,7.5e-07,2000.0
10888497,2017-12-25T13:38:03.817,BUY,7.5e-07,10000.0
10888498,2017-12-25T13:38:03.817,BUY,7.5e-07,5000.0
10888499,2017-12-25T13:38:03.817,BUY,7.5e-07,20000.0
10888500,2017-12-25T13:38:03.817,BUY,7.5e-07,50000.0
10888501,2017-12-25T13:38:03.817,BUY,7.5e-07,27972.02797203
10888502,2017-12-25T13:38:03.817,BUY,7.5e-07,1500.0325
10888503,2017-12-25T13:38:03.817,BUY,7.5e-07,10000.0
10888504,2017-12-25T13:38:03.817,BUY,7.5e-07,5000.83915
10888505,2017-12-25T13:38:03.817,BUY,7.5e-07,60994.58342466
10888506,2017-12-25T13:38:03.817,BUY,7.5e-07,1735.63633562
10888507,2017-12-25T13:38:03.817,BUY,7.5e-07,33884.19881757
10888508,2017-12-25T13:38:03.817,BUY,7.5e-07,19850.0
10888509,2017-12-25T13:38:03.817,BUY,7.5e-07,3636.887
10888510,2017-12-25T13:38:03.817,BUY,7.5e-07,61901.83279979
10888511,2017-12-25T13:38:03.817,BUY,7.5e-07,14250.0
10888512,2017-12-25T13:38:03.817,BUY,7.5e-07,3516.86148649
10888513,2017-12-25T13:38:03.817,BUY,7.5e-07,83125.0
10888514,2017-12-25T13:38:03.833,BUY,7.5e-07,7362.6822973
10888515,2017-12-25T13:38:03.833,BUY,7.5e-07,400449.64504641
10888526,2017-12-25T13:38:12.71,SELL,7.4e-07,1350.38828549
10888532,2017-12-25T13:38:20.397,SELL,7.4e-07,90000.0
10888544,2017-12-25T13:38:30.583,BUY,7.5e-07,1826.7018
10888546,2017-12-25T13:38:31.71,BUY,7.5e-07,1600.04
10888548,2017-12-25T13:38:32.693,SELL,7.4e-07,1527.7778
10888550,2017-12-25T13:38:33.35,SELL,7.4e-07,1527.7778
10888551,2017-12-25T13:38:33.803,SELL,7.4e-07,843167.63125
10888557,2017-12-25T13:38:40.693,SELL,7.4e-07,1289.92718043
10888561,2017-12-25T13:38:44.21,BUY,7.5e-07,13333.33333333
10888563,2017-12-25T13:38:45.553,SELL,7.4e-07,491803.27918852
10888570,2017-12-25T13:38:49.133,SELL,7.4e-07,28796.0
10888572,2017-12-25T13:38:49.32,BUY,7.5e-07,1300.0
10888580,2017-12-25T13:38:55.1,SELL,7.4e-07,5456.02272727
10888585,2017-12-25T13:38:57.07,BUY,7.5e-07,7891.9274
10888591,2017-12-25T13:38:58.71,BUY,7.5e-07,30000.0
10888597,2017-12-25T13:39:01.837,BUY,7.5e-07,1218.8253
10888598,2017-12-25T13:39:03.26,SELL,7.4e-07,82740.48193723
10888603,2017-12-25T13:39:05.82,BUY,7.5e-07,5000.0
10888608,2017-12-25T13:39:08.057,SELL,7.4e-07,4810.93043395
10888610,2017-12-25T13:39:09.21,BUY,7.5e-07,110340.4176
10888612,2017-12-25T13:39:10.413,BUY,7.5e-07,10000.0
10888613,2017-12-25T13:39:10.993,SELL,7.4e-07,566761.36363636
10888621,2017-12-25T13:39:18.773,BUY,7.5e-07,25270.81387837
10888622,2017-12-25T13:39:18.773,BUY,7.5e-07,24729.18612163
10888632,2017-12-25T13:39:22.82,BUY,7.5e-07,82389.4967
10888635,2017-12-25T13:39:22.993,BUY,7.5e-07,12984.5373
10888641,2017-12-25T13:39:32.51,SELL,7.4e-07,2770.83333333
10888645,2017-12-25T13:39:34.48,BUY,7.5e-07,30363.07137837
10888646,2017-12-25T13:39:34.48,BUY,7.5e-07,2690.16901408
10888647,2017-12-25T13:39:34.48,BUY,7.5e-07,4875.75625
10888648,2017-12-25T13:39:34.493,BUY,7.5e-07,38944.48465755
10888652,2017-12-25T13:39:37.307,BUY,7.5e-07,36260.95852941
10888653,2017-12-25T13:39:39.243,SELL,7.4e-07,566918.84058172
10888654,2017-12-25T13:39:39.243,SELL,7.4e-07,2695.94594595
10888655,2017-12-25T13:39:39.243,SELL,7.4e-07,9422.12888514
10888656,2017-12-25T13:39:39.243,SELL,7.4e-07,23207.51148649
10888657,2017-12-25T13:39:39.243,SELL,7.4e-07,2639.0
10888658,2017-12-25T13:39:39.243,SELL,7.4e-07,134797.2972973
10888659,2017-12-25T13:39:39.243,SELL,7.4e-07,58418.16962838
10888660,2017-12-25T13:39:39.243,SELL,7.4e-07,20000.0
10888661,2017-12-25T13:39:39.243,SELL,7.4e-07,7500.0
10888662,2017-12-25T13:39:39.243,SELL,7.4e-07,6570.80209459
10888663,2017-12-25T13:39:39.243,SELL,7.4e-07,1347.97297297
10888664,2017-12-25T13:39:39.243,SELL,7.4e-07,44535.54425676
10888665,2017-12-25T13:39:39.243,SELL,7.4e-07,121946.7868507
10888691,2017-12-25T13:39:49.573,BUY,7.5e-07,3563.2562
10888705,2017-12-25T13:39:55.573,SELL,7.4e-07,270270.27027027
10888706,2017-12-25T13:39:55.573,SELL,7.4e-07,37124.6252
10888707,2017-12-25T13:39:55.573,SELL,7.4e-07,404391.89189189
10888708,2017-12-25T13:39:55.573,SELL,7.4e-07,59413.36459459
10888709,2017-12-25T13:39:55.573,SELL,7.4e-07,40439.37790541
10888710,2017-12-25T13:39:55.573,SELL,7.4e-07,4281.50048031
10888713,2017-12-25T13:39:57.557,SELL,7.4e-07,10000.0
10888714,2017-12-25T13:39:59.027,SELL,7.4e-07,5479.45205479
10888718,2017-12-25T13:40:02.353,BUY,7.5e-07,18830.8981
10888723,2017-12-25T13:40:03.777,BUY,7.5e-07,4635.03487999
10888726,2017-12-25T13:40:06.4,BUY,7.5e-07,13089.95790824
10888729,2017-12-25T13:40:07.607,BUY,7.5e-07,68212.7873
10888734,2017-12-25T13:40:10.12,BUY,7.5e-07,6333.67112171
10888736,2017-12-25T13:40:12.7,SELL,7.4e-07,40139.0474649
10888737,2017-12-25T13:40:12.7,SELL,7.4e-07,81807.7393858
10888740,2017-12-25T13:40:14.48,BUY,7.5e-07,45560.5066
10888744,2017-12-25T13:40:16.153,BUY,7.5e-07,2000.0
10888746,2017-12-25T13:40:17.51,BUY,7.5e-07,3474.3457
10888748,2017-12-25T13:40:17.73,BUY,7.5e-07,1330.0
10888759,2017-12-25T13:40:20.183,BUY,7.5e-07,5000.0
10888763,2017-12-25T13:40:20.967,BUY,7.5e-07,79201.633
10888765,2017-12-25T13:40:21.87,BUY,7.5e-07,1332.8
10888767,2017-12-25T13:40:22.073,BUY,7.5e-07,50000.0
10888771,2017-12-25T13:40:24.87,BUY,7.5e-07,26600.0266
10888773,2017-12-25T13:40:26.217,BUY,7.5e-07,31700.9756
10888775,2017-12-25T13:40:26.263,BUY,7.5e-07,2578.06666667
10888784,2017-12-25T13:40:29.777,SELL,7.4e-07,100000.0
10888785,2017-12-25T13:40:30.107,SELL,7.4e-07,4094.4143662
10888787,2017-12-25T13:40:33.2,BUY,7.5e-07,100000.0
10888790,2017-12-25T13:40:33.323,BUY,7.5e-07,10000.0
10888805,2017-12-25T13:40:44.433,BUY,7.5e-07,13300.0
10888810,2017-12-25T13:40:46.17,BUY,7.5e-07,13299.9601
10888811,2017-12-25T13:40:46.56,SELL,7.4e-07,6000.0
10888814,2017-12-25T13:40:50.06,BUY,7.5e-07,11440.0349
10888816,2017-12-25T13:40:50.187,BUY,7.5e-07,329238.7203
10888820,2017-12-25T13:40:51.2,BUY,7.5e-07,2861.88030303
10888823,2017-12-25T13:40:51.763,BUY,7.5e-07,1331.1571
10888825,2017-12-25T13:40:52.437,BUY,7.5e-07,5000.0
10888828,2017-12-25T13:40:54.217,BUY,7.5e-07,2861.88030303
10888830,2017-12-25T13:40:56.497,SELL,7.4e-07,5159.48275862
10888831,2017-12-25T13:40:56.89,SELL,7.4e-07,9000.0
10888837,2017-12-25T13:40:58.45,BUY,7.5e-07,1330.0266
10888839,2017-12-25T13:40:58.733,SELL,7.4e-07,111357.56114583
10888843,2017-12-25T13:41:00.547,BUY,7.5e-07,1333.0
10888846,2017-12-25T13:41:02.467,SELL,7.4e-07,4202.42396517
10888847,2017-12-25T13:41:02.467,SELL,7.4e-07,48038.49466216
10888848,2017-12-25T13:41:02.467,SELL,7.4e-07,5344.2972973
10888849,2017-12-25T13:41:02.467,SELL,7.4e-07,50793.16245375
10888855,2017-12-25T13:41:05.217,SELL,7.4e-07,3235.03098029
10888857,2017-12-25T13:41:06.233,BUY,7.5e-07,63467.26676825
10888858,2017-12-25T13:41:06.233,BUY,7.5e-07,2000.0
10888859,2017-12-25T13:41:06.233,BUY,7.5e-07,10000.0
10888860,2017-12-25T13:41:06.233,BUY,7.5e-07,20000.0
10888861,2017-12-25T13:41:06.233,BUY,7.5e-07,61502.25923175
10888863,2017-12-25T13:41:07.25,BUY,7.5e-07,4004.0
10888864,2017-12-25T13:41:07.763,SELL,7.4e-07,2500.0
10888866,2017-12-25T13:41:07.78,BUY,7.5e-07,831193.16542404
10888867,2017-12-25T13:41:07.78,BUY,7.5e-07,5000.0
10888868,2017-12-25T13:41:07.78,BUY,7.5e-07,493806.83457596
10888873,2017-12-25T13:41:09.28,BUY,7.5e-07,25000.0
10888876,2017-12-25T13:41:11.263,SELL,7.4e-07,38441.94653524
10888877,2017-12-25T13:41:12.36,SELL,7.4e-07,5129.344375
10888880,2017-12-25T13:41:14.157,BUY,7.5e-07,59498.5741
10888884,2017-12-25T13:41:16.077,SELL,7.4e-07,10017.1976751
10888886,2017-12-25T13:41:16.11,BUY,7.5e-07,31784.76459787
10888889,2017-12-25T13:41:18.657,SELL,7.4e-07,2739.72602739
10888891,2017-12-25T13:41:19.28,SELL,7.4e-07,10725.26450249
10888892,2017-12-25T13:41:19.873,SELL,7.4e-07,1144.34255857
10888894,2017-12-25T13:41:21.077,BUY,7.5e-07,2055.6347
10888899,2017-12-25T13:41:22.75,BUY,7.5e-07,23555.4571
10888905,2017-12-25T13:41:30.657,BUY,7.5e-07,13300.0
10888911,2017-12-25T13:41:38.157,BUY,7.5e-07,20112.8851
10888913,2017-12-25T13:41:38.373,BUY,7.5e-07,14283.2509
