10271486,2017-12-19T02:24:02.28,BUY,3.4e-07,11149.40073621
10271492,2017-12-19T02:24:22.25,BUY,3.4e-07,33437.04956395
10271493,2017-12-19T02:24:28.127,SELL,3.3e-07,2500.0
10271496,2017-12-19T02:24:35,BUY,3.4e-07,10000.0
10271505,2017-12-19T02:24:47.843,BUY,3.4e-07,1674.45843204
10271507,2017-12-19T02:25:00.377,SELL,3.3e-07,6814.34568182
10271515,2017-12-19T02:25:15.643,BUY,3.4e-07,223335.56101191
10271519,2017-12-19T02:25:23.83,BUY,3.4e-07,2706.33017607
10271520,2017-12-19T02:25:27.44,SELL,3.3e-07,321936.04376258
10271521,2017-12-19T02:25:27.44,SELL,3.3e-07,15151.51515151
10271522,2017-12-19T02:25:27.44,SELL,3.3e-07,43437.43727273
10271523,2017-12-19T02:25:27.44,SELL,3.3e-07,17197.32318182
10271524,2017-12-19T02:25:27.44,SELL,3.3e-07,10000.0
10271525,2017-12-19T02:25:27.44,SELL,3.3e-07,48300.0
10271526,2017-12-19T02:25:27.44,SELL,3.3e-07,55933.02909091
10271527,2017-12-19T02:25:27.44,SELL,3.3e-07,10000.0
10271528,2017-12-19T02:25:27.44,SELL,3.3e-07,4000.0
10271529,2017-12-19T02:25:27.44,SELL,3.3e-07,150000.0
10271530,2017-12-19T02:25:27.44,SELL,3.3e-07,86750.58
10271531,2017-12-19T02:25:27.44,SELL,3.3e-07,237294.07154045
10271532,2017-12-19T02:25:31.44,SELL,3.3e-07,20000.43215715
10271534,2017-12-19T02:25:57.173,SELL,3.3e-07,25000.0
10271537,2017-12-19T02:26:01.563,BUY,3.4e-07,20000.0
10271540,2017-12-19T02:26:06.143,BUY,3.4e-07,10000.0
10271542,2017-12-19T02:26:06.347,BUY,3.4e-07,26555.346653
10271545,2017-12-19T02:26:09.86,BUY,3.4e-07,10000.0
10271548,2017-12-19T02:26:12.533,BUY,3.4e-07,5000.0
10271552,2017-12-19T02:26:30.3,BUY,3.4e-07,21556.70845588
10271554,2017-12-19T02:26:34.22,BUY,3.4e-07,20060.00100299
10271558,2017-12-19T02:26:40.113,BUY,3.4e-07,2003.53742647
10271559,2017-12-19T02:26:41.847,SELL,3.3e-07,137472.79184328
10271561,2017-12-19T02:26:41.893,BUY,3.4e-07,28530.0
10271564,2017-12-19T02:26:46.987,SELL,3.3e-07,6212.28330882
10271565,2017-12-19T02:26:48.503,SELL,3.3e-07,10000.0
10271569,2017-12-19T02:26:56.487,BUY,3.4e-07,70364.55950301
10271572,2017-12-19T02:26:59.097,BUY,3.4e-07,3000.0
10271574,2017-12-19T02:27:03.423,SELL,3.3e-07,2100.0
10271576,2017-12-19T02:27:05.003,BUY,3.4e-07,10000.0
10271579,2017-12-19T02:27:09.41,SELL,3.3e-07,100000.0
10271581,2017-12-19T02:27:10.88,BUY,3.4e-07,7211.74897059
10271583,2017-12-19T02:27:13.613,BUY,3.4e-07,10000.0
10271585,2017-12-19T02:27:15.817,BUY,3.4e-07,33124.94925192
10271586,2017-12-19T02:27:15.817,BUY,3.4e-07,4000.0
10271587,2017-12-19T02:27:15.817,BUY,3.4e-07,1600.0
10271588,2017-12-19T02:27:15.817,BUY,3.4e-07,30000.0
10271589,2017-12-19T02:27:15.817,BUY,3.4e-07,21542.81745739
10271590,2017-12-19T02:27:15.817,BUY,3.4e-07,21159.09090909
10271591,2017-12-19T02:27:15.817,BUY,3.4e-07,6060.60606061
10271592,2017-12-19T02:27:15.817,BUY,3.4e-07,600000.0
10271593,2017-12-19T02:27:15.817,BUY,3.4e-07,7000.0
10271594,2017-12-19T02:27:15.817,BUY,3.4e-07,40000.0
10271595,2017-12-19T02:27:15.817,BUY,3.4e-07,79110.07289063
10271596,2017-12-19T02:27:15.817,BUY,3.4e-07,29998.0
10271597,2017-12-19T02:27:15.817,BUY,3.4e-07,50000.0
10271598,2017-12-19T02:27:15.817,BUY,3.4e-07,16625.0
10271599,2017-12-19T02:27:15.817,BUY,3.4e-07,15007.24080882
10271600,2017-12-19T02:27:15.817,BUY,3.4e-07,1600.0
10271601,2017-12-19T02:27:15.817,BUY,3.4e-07,385796.12272727
10271602,2017-12-19T02:27:15.817,BUY,3.4e-07,1565.0
10271603,2017-12-19T02:27:15.817,BUY,3.4e-07,803414.37085015
10271605,2017-12-19T02:27:17.47,BUY,3.4e-07,1763.99073529
10271606,2017-12-19T02:27:17.707,SELL,3.3e-07,7211.74897059
10271608,2017-12-19T02:27:18.533,BUY,3.4e-07,10000.0
10271609,2017-12-19T02:27:22.47,SELL,3.3e-07,500000.0
10271611,2017-12-19T02:27:22.8,BUY,3.4e-07,10000.0
10271614,2017-12-19T02:27:26.3,BUY,3.4e-07,10000.0
10271618,2017-12-19T02:27:30.91,BUY,3.4e-07,10000.0
10271620,2017-12-19T02:27:34.003,BUY,3.4e-07,10000.0
10271624,2017-12-19T02:27:37.847,BUY,3.4e-07,10000.0
10271627,2017-12-19T02:27:42.957,BUY,3.4e-07,10000.0
10271628,2017-12-19T02:27:43.143,SELL,3.3e-07,4000.0
10271630,2017-12-19T02:27:43.19,BUY,3.4e-07,9380.46194397
10271631,2017-12-19T02:27:43.207,BUY,3.4e-07,619.53805603
10271636,2017-12-19T02:27:49.05,SELL,3.3e-07,12346.6159
10271640,2017-12-19T02:27:55.52,SELL,3.3e-07,143587.5315
10271642,2017-12-19T02:28:02.13,BUY,3.4e-07,1738.84786765
10271643,2017-12-19T02:28:02.707,SELL,3.3e-07,3871.14682516
10271644,2017-12-19T02:28:02.707,SELL,3.3e-07,1597.05795455
10271645,2017-12-19T02:28:02.707,SELL,3.3e-07,30621.56342342
10271647,2017-12-19T02:28:02.893,BUY,3.4e-07,5494.95949428
10271648,2017-12-19T02:28:02.893,BUY,3.4e-07,2232.51045455
10271649,2017-12-19T02:28:02.893,BUY,3.4e-07,7442.87558824
10271650,2017-12-19T02:28:02.893,BUY,3.4e-07,2533.65769193
10271651,2017-12-19T02:28:08.723,SELL,3.3e-07,4586.0
10271652,2017-12-19T02:28:11.457,SELL,3.3e-07,4955.8935
10271653,2017-12-19T02:28:12.253,SELL,3.3e-07,25000.0
10271655,2017-12-19T02:28:17.393,BUY,3.4e-07,603.68560299
10271656,2017-12-19T02:28:17.393,BUY,3.4e-07,9364.45916812
10271664,2017-12-19T02:28:26.537,BUY,3.4e-07,54244.95758188
10271665,2017-12-19T02:28:26.537,BUY,3.4e-07,18323.65181818
10271666,2017-12-19T02:28:26.537,BUY,3.4e-07,200000.0
10271667,2017-12-19T02:28:26.537,BUY,3.4e-07,14867.0725
10271668,2017-12-19T02:28:26.537,BUY,3.4e-07,3214.88999999
10271669,2017-12-19T02:28:26.537,BUY,3.4e-07,52765.48295455
10271670,2017-12-19T02:28:26.537,BUY,3.4e-07,75000.0
10271671,2017-12-19T02:28:26.537,BUY,3.4e-07,10000.0
10271672,2017-12-19T02:28:26.537,BUY,3.4e-07,1600.0
10271673,2017-12-19T02:28:26.537,BUY,3.4e-07,569983.9451454
10271677,2017-12-19T02:28:29.253,BUY,3.4e-07,110000.0
10271679,2017-12-19T02:28:32.74,BUY,3.4e-07,110000.0
10271685,2017-12-19T02:28:49.69,BUY,3.4e-07,11150.64024702
10271688,2017-12-19T02:28:57.787,SELL,3.3e-07,1705.0
10271690,2017-12-19T02:29:01.223,BUY,3.4e-07,55753.19722311
10271694,2017-12-19T02:29:03.817,BUY,3.4e-07,100000.0
10271696,2017-12-19T02:29:04.24,BUY,3.4e-07,176787.562933
10271701,2017-12-19T02:29:11.943,BUY,3.4e-07,120000.0
10271703,2017-12-19T02:29:16.88,BUY,3.4e-07,75000.0
10271706,2017-12-19T02:29:22.863,BUY,3.4e-07,4175.63907359
10271711,2017-12-19T02:29:31.74,BUY,3.4e-07,2000.0
10271713,2017-12-19T02:29:33.787,BUY,3.4e-07,4680.12330882
10271716,2017-12-19T02:29:36.193,BUY,3.4e-07,11153.12009562
10271721,2017-12-19T02:29:57.083,BUY,3.4e-07,15668.43661765
10271725,2017-12-19T02:30:03.96,BUY,3.4e-07,20000.0
10271730,2017-12-19T02:30:18.16,BUY,3.4e-07,11150.64024702
10271733,2017-12-19T02:30:22.27,BUY,3.4e-07,5000.0
10271740,2017-12-19T02:30:30.803,SELL,3.3e-07,63000.0
10271742,2017-12-19T02:30:31.723,BUY,3.4e-07,1906.98529412
10271748,2017-12-19T02:30:38.507,BUY,3.4e-07,2787.660814
10271750,2017-12-19T02:30:39.757,BUY,3.4e-07,2465.67625
10271752,2017-12-19T02:30:42.677,BUY,3.4e-07,32045.24492647
10271755,2017-12-19T02:30:51.07,BUY,3.4e-07,251878.46232206
10271756,2017-12-19T02:30:51.07,BUY,3.4e-07,30303.0
10271757,2017-12-19T02:30:51.07,BUY,3.4e-07,31465.40290377
10271758,2017-12-19T02:30:51.07,BUY,3.4e-07,15000.0
10271759,2017-12-19T02:30:51.07,BUY,3.4e-07,261848.13295455
10271760,2017-12-19T02:30:51.07,BUY,3.4e-07,2000.0
10271761,2017-12-19T02:30:51.07,BUY,3.4e-07,5000.0
10271762,2017-12-19T02:30:51.07,BUY,3.4e-07,1700.0
10271763,2017-12-19T02:30:51.07,BUY,3.4e-07,5000.0
10271764,2017-12-19T02:30:51.07,BUY,3.4e-07,34289.28070313
10271765,2017-12-19T02:30:51.07,BUY,3.4e-07,248260.18795455
10271766,2017-12-19T02:30:51.07,BUY,3.4e-07,118261.53316194
10271768,2017-12-19T02:30:52.38,BUY,3.4e-07,5000.0
10271770,2017-12-19T02:30:54.88,BUY,3.4e-07,3516.77426471
10271772,2017-12-19T02:30:55.82,BUY,3.4e-07,29338.23529412
10271774,2017-12-19T02:31:02.88,BUY,3.4e-07,17693.259045
10271777,2017-12-19T02:31:15.897,SELL,3.3e-07,8000.0
10271781,2017-12-19T02:31:27.99,BUY,3.4e-07,16190.19823423
10271782,2017-12-19T02:31:27.99,BUY,3.4e-07,9278.0
10271783,2017-12-19T02:31:27.99,BUY,3.4e-07,5439.99816346
10271784,2017-12-19T02:31:27.99,BUY,3.4e-07,2591.80360231
10271785,2017-12-19T02:31:28.537,SELL,3.3e-07,30303.03030303
10271792,2017-12-19T02:31:44.68,SELL,3.3e-07,500000.0
10271793,2017-12-19T02:31:59.82,SELL,3.3e-07,821000.0
10271796,2017-12-19T02:32:07.553,BUY,3.4e-07,5000.0
10271799,2017-12-19T02:32:14.54,SELL,3.3e-07,19172.661319
10271802,2017-12-19T02:32:24.053,SELL,3.3e-07,429976.58340767
10271805,2017-12-19T02:32:33.85,BUY,3.4e-07,408.19639769
10271806,2017-12-19T02:32:33.85,BUY,3.4e-07,302272.72727273
10271807,2017-12-19T02:32:33.85,BUY,3.4e-07,2000.0
10271808,2017-12-19T02:32:33.85,BUY,3.4e-07,4102.51213235
10271809,2017-12-19T02:32:33.85,BUY,3.4e-07,10000.0
10271810,2017-12-19T02:32:33.85,BUY,3.4e-07,40000.0
10271811,2017-12-19T02:32:33.85,BUY,3.4e-07,16871.32887097
10271812,2017-12-19T02:32:33.85,BUY,3.4e-07,7575.757576
10271813,2017-12-19T02:32:33.85,BUY,3.4e-07,187267.48859358
10271814,2017-12-19T02:32:33.85,BUY,3.4e-07,3114.87772727
10271815,2017-12-19T02:32:33.85,BUY,3.4e-07,4500.0
10271816,2017-12-19T02:32:33.85,BUY,3.4e-07,50000.0
10271817,2017-12-19T02:32:33.85,BUY,3.4e-07,100000.0
10271818,2017-12-19T02:32:33.85,BUY,3.4e-07,151327.64687059
10271820,2017-12-19T02:32:39.897,SELL,3.3e-07,2003.53742647
10271825,2017-12-19T02:32:45.71,BUY,3.4e-07,95709.51517486
10271826,2017-12-19T02:32:45.71,BUY,3.4e-07,15734.93027258
10271828,2017-12-19T02:32:47.383,BUY,3.4e-07,8024.001003
10271829,2017-12-19T02:32:50.257,SELL,3.3e-07,200000.0
10271833,2017-12-19T02:32:57.82,SELL,3.3e-07,83874.37943182
10271835,2017-12-19T02:32:57.867,BUY,3.4e-07,14669.11764706
10271836,2017-12-19T02:32:59.303,SELL,3.3e-07,44644.32564982
10271838,2017-12-19T02:33:02.163,BUY,3.4e-07,17199.0
10271842,2017-12-19T02:33:06.227,BUY,3.4e-07,21507.87289554
10271843,2017-12-19T02:33:06.227,BUY,3.4e-07,302272.72727273
10271844,2017-12-19T02:33:06.227,BUY,3.4e-07,2500.0
10271845,2017-12-19T02:33:06.227,BUY,3.4e-07,23131.17863636
10271846,2017-12-19T02:33:06.227,BUY,3.4e-07,3166666.0
10271847,2017-12-19T02:33:06.227,BUY,3.4e-07,12010.74658576
10271848,2017-12-19T02:33:06.227,BUY,3.4e-07,285000.0
10271849,2017-12-19T02:33:06.227,BUY,3.4e-07,41777.20431818
10271850,2017-12-19T02:33:06.227,BUY,3.4e-07,321773.93139706
10271851,2017-12-19T02:33:06.227,BUY,3.4e-07,10000.0
10271852,2017-12-19T02:33:06.227,BUY,3.4e-07,15000.0
10271853,2017-12-19T02:33:06.227,BUY,3.4e-07,41987.36310811
10271854,2017-12-19T02:33:06.227,BUY,3.4e-07,292634.17279412
10271855,2017-12-19T02:33:06.227,BUY,3.4e-07,6121.24541019
10271856,2017-12-19T02:33:06.227,BUY,3.4e-07,50000.0
10271857,2017-12-19T02:33:06.227,BUY,3.4e-07,15000.0
10271858,2017-12-19T02:33:06.227,BUY,3.4e-07,20073.98925
10271859,2017-12-19T02:33:06.227,BUY,3.4e-07,6045.45454545
10271860,2017-12-19T02:33:06.227,BUY,3.4e-07,50000.0
10271861,2017-12-19T02:33:06.227,BUY,3.4e-07,3000.0
10271862,2017-12-19T02:33:06.227,BUY,3.4e-07,6604.51515152
10271863,2017-12-19T02:33:06.227,BUY,3.4e-07,6824.21212121
10271864,2017-12-19T02:33:06.227,BUY,3.4e-07,7341.48484848
10271865,2017-12-19T02:33:06.227,BUY,3.4e-07,8713.06060606
10271866,2017-12-19T02:33:06.227,BUY,3.4e-07,241818.18181818
10271867,2017-12-19T02:33:06.227,BUY,3.4e-07,1087651.2046956
10271869,2017-12-19T02:33:11.757,SELL,3.3e-07,100000.0
10271871,2017-12-19T02:33:15.93,SELL,3.3e-07,113388.8175
10271873,2017-12-19T02:33:18.68,BUY,3.4e-07,5015.00100299
10271875,2017-12-19T02:33:20.023,BUY,3.4e-07,5803.88037
10271877,2017-12-19T02:33:24.383,BUY,3.4e-07,6780.119279
10271880,2017-12-19T02:33:25.71,BUY,3.4e-07,13034.56720588
10271882,2017-12-19T02:33:28.273,BUY,3.4e-07,6780.119279
10271886,2017-12-19T02:33:32.413,BUY,3.4e-07,6752.400221
10271889,2017-12-19T02:33:36.133,BUY,3.4e-07,5820.30071
10271890,2017-12-19T02:33:37.117,SELL,3.3e-07,21739.13043478
10271892,2017-12-19T02:33:39.93,BUY,3.4e-07,5820.30071
10271895,2017-12-19T02:33:43.57,BUY,3.4e-07,5820.30071
10271897,2017-12-19T02:33:44.727,BUY,3.4e-07,10000.0
10271900,2017-12-19T02:33:50.54,BUY,3.4e-07,20536.76470588
10271903,2017-12-19T02:33:51.01,BUY,3.4e-07,5820.30071
10271908,2017-12-19T02:33:55.773,BUY,3.4e-07,5820.30071
10271912,2017-12-19T02:33:59.883,SELL,3.3e-07,50000.0
10271914,2017-12-19T02:34:01.82,BUY,3.4e-07,5820.30071
10271915,2017-12-19T02:34:03.29,SELL,3.3e-07,50000.0
10271917,2017-12-19T02:34:03.51,BUY,3.4e-07,18323.995852
10271921,2017-12-19T02:34:07.29,BUY,3.4e-07,5822.218019
10271713,2017-12-19T02:29:33.787,BUY,3.4e-07,4680.12330882
10271716,2017-12-19T02:29:36.193,BUY,3.4e-07,11153.12009562
10271721,2017-12-19T02:29:57.083,BUY,3.4e-07,15668.43661765
10271725,2017-12-19T02:30:03.96,BUY,3.4e-07,20000.0
10271730,2017-12-19T02:30:18.16,BUY,3.4e-07,11150.64024702
10271733,2017-12-19T02:30:22.27,BUY,3.4e-07,5000.0
10271740,2017-12-19T02:30:30.803,SELL,3.3e-07,63000.0
10271742,2017-12-19T02:30:31.723,BUY,3.4e-07,1906.98529412
10271748,2017-12-19T02:30:38.507,BUY,3.4e-07,2787.660814
10271750,2017-12-19T02:30:39.757,BUY,3.4e-07,2465.67625
10271752,2017-12-19T02:30:42.677,BUY,3.4e-07,32045.24492647
10271755,2017-12-19T02:30:51.07,BUY,3.4e-07,251878.46232206
10271756,2017-12-19T02:30:51.07,BUY,3.4e-07,30303.0
10271757,2017-12-19T02:30:51.07,BUY,3.4e-07,31465.40290377
10271758,2017-12-19T02:30:51.07,BUY,3.4e-07,15000.0
10271759,2017-12-19T02:30:51.07,BUY,3.4e-07,261848.13295455
10271760,2017-12-19T02:30:51.07,BUY,3.4e-07,2000.0
10271761,2017-12-19T02:30:51.07,BUY,3.4e-07,5000.0
10271762,2017-12-19T02:30:51.07,BUY,3.4e-07,1700.0
10271763,2017-12-19T02:30:51.07,BUY,3.4e-07,5000.0
10271764,2017-12-19T02:30:51.07,BUY,3.4e-07,34289.28070313
10271765,2017-12-19T02:30:51.07,BUY,3.4e-07,248260.18795455
10271766,2017-12-19T02:30:51.07,BUY,3.4e-07,118261.53316194
10271768,2017-12-19T02:30:52.38,BUY,3.4e-07,5000.0
10271770,2017-12-19T02:30:54.88,BUY,3.4e-07,3516.77426471
10271772,2017-12-19T02:30:55.82,BUY,3.4e-07,29338.23529412
10271774,2017-12-19T02:31:02.88,BUY,3.4e-07,17693.259045
10271777,2017-12-19T02:31:15.897,SELL,3.3e-07,8000.0
10271781,2017-12-19T02:31:27.99,BUY,3.4e-07,16190.19823423
10271782,2017-12-19T02:31:27.99,BUY,3.4e-07,9278.0
10271783,2017-12-19T02:31:27.99,BUY,3.4e-07,5439.99816346
10271784,2017-12-19T02:31:27.99,BUY,3.4e-07,2591.80360231
10271785,2017-12-19T02:31:28.537,SELL,3.3e-07,30303.03030303
10271792,2017-12-19T02:31:44.68,SELL,3.3e-07,500000.0
10271793,2017-12-19T02:31:59.82,SELL,3.3e-07,821000.0
10271796,2017-12-19T02:32:07.553,BUY,3.4e-07,5000.0
10271799,2017-12-19T02:32:14.54,SELL,3.3e-07,19172.661319
10271802,2017-12-19T02:32:24.053,SELL,3.3e-07,429976.58340767
10271805,2017-12-19T02:32:33.85,BUY,3.4e-07,408.19639769
10271806,2017-12-19T02:32:33.85,BUY,3.4e-07,302272.72727273
10271807,2017-12-19T02:32:33.85,BUY,3.4e-07,2000.0
10271808,2017-12-19T02:32:33.85,BUY,3.4e-07,4102.51213235
10271809,2017-12-19T02:32:33.85,BUY,3.4e-07,10000.0
10271810,2017-12-19T02:32:33.85,BUY,3.4e-07,40000.0
10271811,2017-12-19T02:32:33.85,BUY,3.4e-07,16871.32887097
10271812,2017-12-19T02:32:33.85,BUY,3.4e-07,7575.757576
10271813,2017-12-19T02:32:33.85,BUY,3.4e-07,187267.48859358
10271814,2017-12-19T02:32:33.85,BUY,3.4e-07,3114.87772727
10271815,2017-12-19T02:32:33.85,BUY,3.4e-07,4500.0
10271816,2017-12-19T02:32:33.85,BUY,3.4e-07,50000.0
10271817,2017-12-19T02:32:33.85,BUY,3.4e-07,100000.0
10271818,2017-12-19T02:32:33.85,BUY,3.4e-07,151327.64687059
10271820,2017-12-19T02:32:39.897,SELL,3.3e-07,2003.53742647
10271825,2017-12-19T02:32:45.71,BUY,3.4e-07,95709.51517486
10271826,2017-12-19T02:32:45.71,BUY,3.4e-07,15734.93027258
10271828,2017-12-19T02:32:47.383,BUY,3.4e-07,8024.001003
10271829,2017-12-19T02:32:50.257,SELL,3.3e-07,200000.0
10271833,2017-12-19T02:32:57.82,SELL,3.3e-07,83874.37943182
10271835,2017-12-19T02:32:57.867,BUY,3.4e-07,14669.11764706
10271836,2017-12-19T02:32:59.303,SELL,3.3e-07,44644.32564982
10271838,2017-12-19T02:33:02.163,BUY,3.4e-07,17199.0
10271842,2017-12-19T02:33:06.227,BUY,3.4e-07,21507.87289554
10271843,2017-12-19T02:33:06.227,BUY,3.4e-07,302272.72727273
10271844,2017-12-19T02:33:06.227,BUY,3.4e-07,2500.0
10271845,2017-12-19T02:33:06.227,BUY,3.4e-07,23131.17863636
10271846,2017-12-19T02:33:06.227,BUY,3.4e-07,3166666.0
10271847,2017-12-19T02:33:06.227,BUY,3.4e-07,12010.74658576
10271848,2017-12-19T02:33:06.227,BUY,3.4e-07,285000.0
10271849,2017-12-19T02:33:06.227,BUY,3.4e-07,41777.20431818
10271850,2017-12-19T02:33:06.227,BUY,3.4e-07,321773.93139706
10271851,2017-12-19T02:33:06.227,BUY,3.4e-07,10000.0
10271852,2017-12-19T02:33:06.227,BUY,3.4e-07,15000.0
10271853,2017-12-19T02:33:06.227,BUY,3.4e-07,41987.36310811
10271854,2017-12-19T02:33:06.227,BUY,3.4e-07,292634.17279412
10271855,2017-12-19T02:33:06.227,BUY,3.4e-07,6121.24541019
10271856,2017-12-19T02:33:06.227,BUY,3.4e-07,50000.0
10271857,2017-12-19T02:33:06.227,BUY,3.4e-07,15000.0
10271858,2017-12-19T02:33:06.227,BUY,3.4e-07,20073.98925
10271859,2017-12-19T02:33:06.227,BUY,3.4e-07,6045.45454545
10271860,2017-12-19T02:33:06.227,BUY,3.4e-07,50000.0
10271861,2017-12-19T02:33:06.227,BUY,3.4e-07,3000.0
10271862,2017-12-19T02:33:06.227,BUY,3.4e-07,6604.51515152
10271863,2017-12-19T02:33:06.227,BUY,3.4e-07,6824.21212121
10271864,2017-12-19T02:33:06.227,BUY,3.4e-07,7341.48484848
10271865,2017-12-19T02:33:06.227,BUY,3.4e-07,8713.06060606
10271866,2017-12-19T02:33:06.227,BUY,3.4e-07,241818.18181818
10271867,2017-12-19T02:33:06.227,BUY,3.4e-07,1087651.2046956
10271869,2017-12-19T02:33:11.757,SELL,3.3e-07,100000.0
10271871,2017-12-19T02:33:15.93,SELL,3.3e-07,113388.8175
10271873,2017-12-19T02:33:18.68,BUY,3.4e-07,5015.00100299
10271875,2017-12-19T02:33:20.023,BUY,3.4e-07,5803.88037
10271877,2017-12-19T02:33:24.383,BUY,3.4e-07,6780.119279
10271880,2017-12-19T02:33:25.71,BUY,3.4e-07,13034.56720588
10271882,2017-12-19T02:33:28.273,BUY,3.4e-07,6780.119279
10271886,2017-12-19T02:33:32.413,BUY,3.4e-07,6752.400221
10271889,2017-12-19T02:33:36.133,BUY,3.4e-07,5820.30071
10271890,2017-12-19T02:33:37.117,SELL,3.3e-07,21739.13043478
10271892,2017-12-19T02:33:39.93,BUY,3.4e-07,5820.30071
10271895,2017-12-19T02:33:43.57,BUY,3.4e-07,5820.30071
10271897,2017-12-19T02:33:44.727,BUY,3.4e-07,10000.0
10271900,2017-12-19T02:33:50.54,BUY,3.4e-07,20536.76470588
10271903,2017-12-19T02:33:51.01,BUY,3.4e-07,5820.30071
10271908,2017-12-19T02:33:55.773,BUY,3.4e-07,5820.30071
10271912,2017-12-19T02:33:59.883,SELL,3.3e-07,50000.0
10271914,2017-12-19T02:34:01.82,BUY,3.4e-07,5820.30071
10271915,2017-12-19T02:34:03.29,SELL,3.3e-07,50000.0
10271917,2017-12-19T02:34:03.51,BUY,3.4e-07,18323.995852
10271921,2017-12-19T02:34:07.29,BUY,3.4e-07,5822.218019
10271925,2017-12-19T02:34:15.057,BUY,3.4e-07,4564.352495
10271926,2017-12-19T02:34:16.993,SELL,3.3e-07,2016.8652
10271930,2017-12-19T02:34:19.337,BUY,3.4e-07,4590.907592
10271932,2017-12-19T02:34:23.603,BUY,3.4e-07,4564.352495
10271937,2017-12-19T02:34:28.46,BUY,3.4e-07,5803.396749
10271938,2017-12-19T02:34:31.603,SELL,3.3e-07,8914.64229998
10271940,2017-12-19T02:34:35.04,BUY,3.4e-07,5854.108632
10271942,2017-12-19T02:34:36.307,BUY,3.4e-07,35958.4021075
10271946,2017-12-19T02:34:40.743,SELL,3.3e-07,5858.23081429
10271950,2017-12-19T02:34:49.023,BUY,3.4e-07,6777.231223
10271956,2017-12-19T02:34:56.07,BUY,3.4e-07,5843.118835
10271958,2017-12-19T02:35:00.197,BUY,3.4e-07,5855.222105
10271962,2017-12-19T02:35:04.133,BUY,3.4e-07,5893.282051
10271964,2017-12-19T02:35:04.463,BUY,3.4e-07,18573.33211411
10271966,2017-12-19T02:35:07.82,BUY,3.4e-07,5855.222105
10271970,2017-12-19T02:35:12.947,BUY,3.4e-07,1897.89989188
10271972,2017-12-19T02:35:13.51,BUY,3.4e-07,5855.844472
10271974,2017-12-19T02:35:17.01,BUY,3.4e-07,121385.01220588
10271761,2017-12-19T02:30:51.07,BUY,3.4e-07,5000.0
10271762,2017-12-19T02:30:51.07,BUY,3.4e-07,1700.0
10271763,2017-12-19T02:30:51.07,BUY,3.4e-07,5000.0
10271764,2017-12-19T02:30:51.07,BUY,3.4e-07,34289.28070313
10271765,2017-12-19T02:30:51.07,BUY,3.4e-07,248260.18795455
10271766,2017-12-19T02:30:51.07,BUY,3.4e-07,118261.53316194
10271768,2017-12-19T02:30:52.38,BUY,3.4e-07,5000.0
10271770,2017-12-19T02:30:54.88,BUY,3.4e-07,3516.77426471
10271772,2017-12-19T02:30:55.82,BUY,3.4e-07,29338.23529412
10271774,2017-12-19T02:31:02.88,BUY,3.4e-07,17693.259045
10271777,2017-12-19T02:31:15.897,SELL,3.3e-07,8000.0
10271781,2017-12-19T02:31:27.99,BUY,3.4e-07,16190.19823423
10271782,2017-12-19T02:31:27.99,BUY,3.4e-07,9278.0
10271783,2017-12-19T02:31:27.99,BUY,3.4e-07,5439.99816346
10271784,2017-12-19T02:31:27.99,BUY,3.4e-07,2591.80360231
10271785,2017-12-19T02:31:28.537,SELL,3.3e-07,30303.03030303
10271792,2017-12-19T02:31:44.68,SELL,3.3e-07,500000.0
10271793,2017-12-19T02:31:59.82,SELL,3.3e-07,821000.0
10271796,2017-12-19T02:32:07.553,BUY,3.4e-07,5000.0
10271799,2017-12-19T02:32:14.54,SELL,3.3e-07,19172.661319
10271802,2017-12-19T02:32:24.053,SELL,3.3e-07,429976.58340767
10271805,2017-12-19T02:32:33.85,BUY,3.4e-07,408.19639769
10271806,2017-12-19T02:32:33.85,BUY,3.4e-07,302272.72727273
10271807,2017-12-19T02:32:33.85,BUY,3.4e-07,2000.0
10271808,2017-12-19T02:32:33.85,BUY,3.4e-07,4102.51213235
10271809,2017-12-19T02:32:33.85,BUY,3.4e-07,10000.0
10271810,2017-12-19T02:32:33.85,BUY,3.4e-07,40000.0
10271811,2017-12-19T02:32:33.85,BUY,3.4e-07,16871.32887097
10271812,2017-12-19T02:32:33.85,BUY,3.4e-07,7575.757576
10271813,2017-12-19T02:32:33.85,BUY,3.4e-07,187267.48859358
10271814,2017-12-19T02:32:33.85,BUY,3.4e-07,3114.87772727
10271815,2017-12-19T02:32:33.85,BUY,3.4e-07,4500.0
10271816,2017-12-19T02:32:33.85,BUY,3.4e-07,50000.0
10271817,2017-12-19T02:32:33.85,BUY,3.4e-07,100000.0
10271818,2017-12-19T02:32:33.85,BUY,3.4e-07,151327.64687059
10271820,2017-12-19T02:32:39.897,SELL,3.3e-07,2003.53742647
10271825,2017-12-19T02:32:45.71,BUY,3.4e-07,95709.51517486
10271826,2017-12-19T02:32:45.71,BUY,3.4e-07,15734.93027258
10271828,2017-12-19T02:32:47.383,BUY,3.4e-07,8024.001003
10271829,2017-12-19T02:32:50.257,SELL,3.3e-07,200000.0
10271833,2017-12-19T02:32:57.82,SELL,3.3e-07,83874.37943182
10271835,2017-12-19T02:32:57.867,BUY,3.4e-07,14669.11764706
10271836,2017-12-19T02:32:59.303,SELL,3.3e-07,44644.32564982
10271838,2017-12-19T02:33:02.163,BUY,3.4e-07,17199.0
10271842,2017-12-19T02:33:06.227,BUY,3.4e-07,21507.87289554
10271843,2017-12-19T02:33:06.227,BUY,3.4e-07,302272.72727273
10271844,2017-12-19T02:33:06.227,BUY,3.4e-07,2500.0
10271845,2017-12-19T02:33:06.227,BUY,3.4e-07,23131.17863636
10271846,2017-12-19T02:33:06.227,BUY,3.4e-07,3166666.0
10271847,2017-12-19T02:33:06.227,BUY,3.4e-07,12010.74658576
10271848,2017-12-19T02:33:06.227,BUY,3.4e-07,285000.0
10271849,2017-12-19T02:33:06.227,BUY,3.4e-07,41777.20431818
10271850,2017-12-19T02:33:06.227,BUY,3.4e-07,321773.93139706
10271851,2017-12-19T02:33:06.227,BUY,3.4e-07,10000.0
10271852,2017-12-19T02:33:06.227,BUY,3.4e-07,15000.0
10271853,2017-12-19T02:33:06.227,BUY,3.4e-07,41987.36310811
10271854,2017-12-19T02:33:06.227,BUY,3.4e-07,292634.17279412
10271855,2017-12-19T02:33:06.227,BUY,3.4e-07,6121.24541019
10271856,2017-12-19T02:33:06.227,BUY,3.4e-07,50000.0
10271857,2017-12-19T02:33:06.227,BUY,3.4e-07,15000.0
10271858,2017-12-19T02:33:06.227,BUY,3.4e-07,20073.98925
10271859,2017-12-19T02:33:06.227,BUY,3.4e-07,6045.45454545
10271860,2017-12-19T02:33:06.227,BUY,3.4e-07,50000.0
10271861,2017-12-19T02:33:06.227,BUY,3.4e-07,3000.0
10271862,2017-12-19T02:33:06.227,BUY,3.4e-07,6604.51515152
10271863,2017-12-19T02:33:06.227,BUY,3.4e-07,6824.21212121
10271864,2017-12-19T02:33:06.227,BUY,3.4e-07,7341.48484848
10271865,2017-12-19T02:33:06.227,BUY,3.4e-07,8713.06060606
10271866,2017-12-19T02:33:06.227,BUY,3.4e-07,241818.18181818
10271867,2017-12-19T02:33:06.227,BUY,3.4e-07,1087651.2046956
10271869,2017-12-19T02:33:11.757,SELL,3.3e-07,100000.0
10271871,2017-12-19T02:33:15.93,SELL,3.3e-07,113388.8175
10271873,2017-12-19T02:33:18.68,BUY,3.4e-07,5015.00100299
10271875,2017-12-19T02:33:20.023,BUY,3.4e-07,5803.88037
10271877,2017-12-19T02:33:24.383,BUY,3.4e-07,6780.119279
10271880,2017-12-19T02:33:25.71,BUY,3.4e-07,13034.56720588
10271882,2017-12-19T02:33:28.273,BUY,3.4e-07,6780.119279
10271886,2017-12-19T02:33:32.413,BUY,3.4e-07,6752.400221
10271889,2017-12-19T02:33:36.133,BUY,3.4e-07,5820.30071
10271890,2017-12-19T02:33:37.117,SELL,3.3e-07,21739.13043478
10271892,2017-12-19T02:33:39.93,BUY,3.4e-07,5820.30071
10271895,2017-12-19T02:33:43.57,BUY,3.4e-07,5820.30071
10271897,2017-12-19T02:33:44.727,BUY,3.4e-07,10000.0
10271900,2017-12-19T02:33:50.54,BUY,3.4e-07,20536.76470588
10271903,2017-12-19T02:33:51.01,BUY,3.4e-07,5820.30071
10271908,2017-12-19T02:33:55.773,BUY,3.4e-07,5820.30071
10271912,2017-12-19T02:33:59.883,SELL,3.3e-07,50000.0
10271914,2017-12-19T02:34:01.82,BUY,3.4e-07,5820.30071
10271915,2017-12-19T02:34:03.29,SELL,3.3e-07,50000.0
10271917,2017-12-19T02:34:03.51,BUY,3.4e-07,18323.995852
10271921,2017-12-19T02:34:07.29,BUY,3.4e-07,5822.218019
10271925,2017-12-19T02:34:15.057,BUY,3.4e-07,4564.352495
10271926,2017-12-19T02:34:16.993,SELL,3.3e-07,2016.8652
10271930,2017-12-19T02:34:19.337,BUY,3.4e-07,4590.907592
10271932,2017-12-19T02:34:23.603,BUY,3.4e-07,4564.352495
10271937,2017-12-19T02:34:28.46,BUY,3.4e-07,5803.396749
10271938,2017-12-19T02:34:31.603,SELL,3.3e-07,8914.64229998
10271940,2017-12-19T02:34:35.04,BUY,3.4e-07,5854.108632
10271942,2017-12-19T02:34:36.307,BUY,3.4e-07,35958.4021075
10271946,2017-12-19T02:34:40.743,SELL,3.3e-07,5858.23081429
10271950,2017-12-19T02:34:49.023,BUY,3.4e-07,6777.231223
10271956,2017-12-19T02:34:56.07,BUY,3.4e-07,5843.118835
10271958,2017-12-19T02:35:00.197,BUY,3.4e-07,5855.222105
10271962,2017-12-19T02:35:04.133,BUY,3.4e-07,5893.282051
10271964,2017-12-19T02:35:04.463,BUY,3.4e-07,18573.33211411
10271966,2017-12-19T02:35:07.82,BUY,3.4e-07,5855.222105
10271970,2017-12-19T02:35:12.947,BUY,3.4e-07,1897.89989188
10271972,2017-12-19T02:35:13.51,BUY,3.4e-07,5855.844472
10271974,2017-12-19T02:35:17.01,BUY,3.4e-07,121385.01220588
10271980,2017-12-19T02:35:20.15,BUY,3.4e-07,5855.844472
10271982,2017-12-19T02:35:20.587,BUY,3.4e-07,1614.48
10271983,2017-12-19T02:35:21.633,SELL,3.3e-07,276423.62073529
10271984,2017-12-19T02:35:23.713,SELL,3.3e-07,111370.97672347
10271986,2017-12-19T02:35:26.197,BUY,3.4e-07,5855.844472
10271992,2017-12-19T02:35:42.243,BUY,3.4e-07,4859.501841
10271996,2017-12-19T02:35:43.277,BUY,3.4e-07,40503.69286765
10271999,2017-12-19T02:35:46.777,BUY,3.4e-07,5854.403566
10272003,2017-12-19T02:35:55.447,BUY,3.4e-07,5854.403566
10272005,2017-12-19T02:35:59.073,BUY,3.4e-07,5844.81998
10272007,2017-12-19T02:36:06.103,BUY,3.4e-07,5861.718351
10272008,2017-12-19T02:36:09.12,SELL,3.3e-07,2426.33114914
10272009,2017-12-19T02:36:09.12,SELL,3.3e-07,46339.66885086
10272011,2017-12-19T02:36:11.62,BUY,3.4e-07,5862.480086
10272013,2017-12-19T02:36:13.12,BUY,3.4e-07,1133388.43527004
10272014,2017-12-19T02:36:13.12,BUY,3.4e-07,20106.7170829
10272015,2017-12-19T02:36:13.277,SELL,3.3e-07,17911.06644326
10272016,2017-12-19T02:36:13.277,SELL,3.3e-07,50000.0
10272017,2017-12-19T02:36:13.277,SELL,3.3e-07,32040.90909091
10272018,2017-12-19T02:36:13.277,SELL,3.3e-07,161882.95317563
10272020,2017-12-19T02:36:15.963,BUY,3.4e-07,5855.16435
10272023,2017-12-19T02:36:20.323,BUY,3.4e-07,5855.16435
10272026,2017-12-19T02:36:21.277,BUY,3.4e-07,11318.0954671
10272027,2017-12-19T02:36:21.277,BUY,3.4e-07,11205.21212121
10272028,2017-12-19T02:36:21.277,BUY,3.4e-07,9524.39393939
10272029,2017-12-19T02:36:21.277,BUY,3.4e-07,8981.99656054
10272033,2017-12-19T02:36:27.963,BUY,3.4e-07,197.81593946
10272034,2017-12-19T02:36:27.963,BUY,3.4e-07,5657.34841054
10272035,2017-12-19T02:36:32.23,SELL,3.3e-07,33416.66666667
10272037,2017-12-19T02:36:32.9,BUY,3.4e-07,1004.80783946
10272038,2017-12-19T02:36:32.9,BUY,3.4e-07,4850.35651054
10272041,2017-12-19T02:36:37.26,BUY,3.4e-07,7021.36223946
10272042,2017-12-19T02:36:37.26,BUY,3.4e-07,6951.90625
10272043,2017-12-19T02:36:37.26,BUY,3.4e-07,10889.87878788
10272044,2017-12-19T02:36:37.26,BUY,3.4e-07,11375.06060606
10272045,2017-12-19T02:36:37.26,BUY,3.4e-07,11974.93939394
10272046,2017-12-19T02:36:37.26,BUY,3.4e-07,11898.66666667
10272047,2017-12-19T02:36:37.26,BUY,3.4e-07,10396.75757576
10272048,2017-12-19T02:36:37.26,BUY,3.4e-07,11824.65625
10272049,2017-12-19T02:36:37.26,BUY,3.4e-07,8461.375
10272050,2017-12-19T02:36:37.26,BUY,3.4e-07,9887.5625
10272051,2017-12-19T02:36:37.26,BUY,3.4e-07,7412.3030303
10272052,2017-12-19T02:36:37.277,BUY,3.4e-07,11393.93939394
10272053,2017-12-19T02:36:37.277,BUY,3.4e-07,8678.24242424
10272054,2017-12-19T02:36:37.277,BUY,3.4e-07,7866.09090909
10272055,2017-12-19T02:36:37.277,BUY,3.4e-07,3467.78787879
10272056,2017-12-19T02:36:37.277,BUY,3.4e-07,2680.09375
10272057,2017-12-19T02:36:37.277,BUY,3.4e-07,3149.90625
10272058,2017-12-19T02:36:37.277,BUY,3.4e-07,2975.9375
10272059,2017-12-19T02:36:37.277,BUY,3.4e-07,2841.12121212
10272060,2017-12-19T02:36:37.277,BUY,3.4e-07,54189.18918919
10272061,2017-12-19T02:36:37.277,BUY,3.4e-07,65000.0
10272062,2017-12-19T02:36:37.277,BUY,3.4e-07,7200.03030303
10272063,2017-12-19T02:36:37.277,BUY,3.4e-07,12440.5
10272064,2017-12-19T02:36:37.277,BUY,3.4e-07,10603.46875
10272065,2017-12-19T02:36:37.277,BUY,3.4e-07,11057.46875
10272066,2017-12-19T02:36:37.277,BUY,3.4e-07,6553.18181818
10272067,2017-12-19T02:36:37.277,BUY,3.4e-07,10347.96969697
10272068,2017-12-19T02:36:37.277,BUY,3.4e-07,9314.36363636
10272069,2017-12-19T02:36:37.277,BUY,3.4e-07,11695.72727273
10272070,2017-12-19T02:36:37.277,BUY,3.4e-07,39504.85120058
10272074,2017-12-19T02:36:40.323,BUY,3.4e-07,3191.629289
10272076,2017-12-19T02:36:46.057,SELL,3.3e-07,2000.0
10272078,2017-12-19T02:36:47.573,BUY,3.4e-07,5855.166266
10272084,2017-12-19T02:36:54.4,BUY,3.4e-07,5882.963708
10272087,2017-12-19T02:36:58.167,BUY,3.4e-07,5565.38953642
10272088,2017-12-19T02:36:58.167,BUY,3.4e-07,6.8336888
10272091,2017-12-19T02:37:01.34,BUY,3.4e-07,2553.77903847
10272092,2017-12-19T02:37:01.34,BUY,3.4e-07,2500.0
10272093,2017-12-19T02:37:01.34,BUY,3.4e-07,806.29405853
10272096,2017-12-19T02:37:07.01,BUY,3.4e-07,3066.325179
10272103,2017-12-19T02:37:17.26,BUY,3.4e-07,4950.91026247
10272104,2017-12-19T02:37:17.26,BUY,3.4e-07,624.41036254
10272106,2017-12-19T02:37:19.353,BUY,3.4e-07,5859.195932
10272107,2017-12-19T02:37:22.9,SELL,3.3e-07,50000.0
10272109,2017-12-19T02:37:24.247,BUY,3.4e-07,5848.829126
10272114,2017-12-19T02:37:41.247,BUY,3.4e-07,5830.702756
10272116,2017-12-19T02:37:43.933,SELL,3.3e-07,2894.93676
10272118,2017-12-19T02:37:44.31,BUY,3.4e-07,4240.11650776
10272119,2017-12-19T02:37:46.247,SELL,3.3e-07,5163.35136364
10272121,2017-12-19T02:37:48.793,BUY,3.4e-07,5799.178611
10272123,2017-12-19T02:37:55.747,BUY,3.4e-07,5830.685581
10272127,2017-12-19T02:37:58.857,BUY,3.4e-07,15852.13940656
10272128,2017-12-19T02:37:58.857,BUY,3.4e-07,9413.0
10272129,2017-12-19T02:37:58.857,BUY,3.4e-07,34699.30904932
10272131,2017-12-19T02:37:59.95,BUY,3.4e-07,2199.95691176
10272136,2017-12-19T02:38:02.637,BUY,3.4e-07,5831.227544
10272138,2017-12-19T02:38:02.653,BUY,3.4e-07,18185.68654412
10272140,2017-12-19T02:38:03.153,BUY,3.4e-07,9090.90909091
10272143,2017-12-19T02:38:04.527,BUY,3.4e-07,14112.32741971
10272144,2017-12-19T02:38:04.527,BUY,3.4e-07,10637.65357629
10272147,2017-12-19T02:38:13.293,SELL,3.3e-07,18960.940463
10272150,2017-12-19T02:38:14.45,BUY,3.4e-07,5831.227544
10277221,2017-12-19T05:04:06.9,BUY,3.4e-07,6616.508214
10277224,2017-12-19T05:04:09.087,BUY,3.4e-07,2000.0
10277226,2017-12-19T05:04:12.087,BUY,3.4e-07,6616.508214
10277228,2017-12-19T05:04:15.21,BUY,3.4e-07,52687.038988
10277230,2017-12-19T05:04:15.65,BUY,3.4e-07,6616.508214
10277231,2017-12-19T05:04:16.243,SELL,3.3e-07,20000.0
10277234,2017-12-19T05:04:30.477,BUY,3.4e-07,25000.0
10277236,2017-12-19T05:04:35.557,SELL,3.3e-07,15091.12213836
10277238,2017-12-19T05:04:35.807,BUY,3.4e-07,6616.508214
10277240,2017-12-19T05:04:39.01,SELL,3.3e-07,305418.11761628
10277242,2017-12-19T05:04:40.337,SELL,3.3e-07,303787.87878788
10277248,2017-12-19T05:04:50.01,BUY,3.4e-07,1760.29411765
10277256,2017-12-19T05:05:02.663,BUY,3.4e-07,30734.106077
10277260,2017-12-19T05:05:05.023,BUY,3.4e-07,17562.346329
10277262,2017-12-19T05:05:07.493,BUY,3.4e-07,18450.0
10277267,2017-12-19T05:05:14.023,BUY,3.4e-07,2817.26272059
10277268,2017-12-19T05:05:19.757,SELL,3.3e-07,32000.0
10277271,2017-12-19T05:05:22.697,BUY,3.4e-07,4852.98419118
10277273,2017-12-19T05:05:23.837,BUY,3.4e-07,6660.718235
10277283,2017-12-19T05:05:42.617,BUY,3.4e-07,8678.42602941
10277286,2017-12-19T05:05:46.18,BUY,3.4e-07,295234.12367647
10277290,2017-12-19T05:06:02.1,BUY,3.4e-07,15500.0
10277294,2017-12-19T05:06:11.49,BUY,3.4e-07,4646.79507353
10277296,2017-12-19T05:06:21.803,BUY,3.4e-07,4000.0
10277302,2017-12-19T05:06:26.74,SELL,3.3e-07,19600.46426471
10277305,2017-12-19T05:06:37.27,BUY,3.4e-07,2000.0
10277308,2017-12-19T05:06:43.257,BUY,3.4e-07,3879.6938266
10277309,2017-12-19T05:06:43.257,BUY,3.4e-07,22222.0
10277310,2017-12-19T05:06:43.257,BUY,3.4e-07,32574.77676164
10277313,2017-12-19T05:06:46.193,BUY,3.4e-07,5063.6235
10277315,2017-12-19T05:06:53.663,BUY,3.4e-07,14719.75544118
10277316,2017-12-19T05:06:54.1,SELL,3.3e-07,10419.21439474
10277321,2017-12-19T05:07:13.63,SELL,3.3e-07,240206.33638175
10277324,2017-12-19T05:07:18.88,BUY,3.4e-07,2220.50133507
10277328,2017-12-19T05:07:26.99,SELL,3.3e-07,33501.8730798
10277329,2017-12-19T05:07:26.99,SELL,3.3e-07,10000.0
10277330,2017-12-19T05:07:26.99,SELL,3.3e-07,5000.0
10277331,2017-12-19T05:07:26.99,SELL,3.3e-07,64707.58318182
10277332,2017-12-19T05:07:26.99,SELL,3.3e-07,80000.0
10277333,2017-12-19T05:07:26.99,SELL,3.3e-07,25000.0
10277334,2017-12-19T05:07:26.99,SELL,3.3e-07,13904.54545455
10277335,2017-12-19T05:07:26.99,SELL,3.3e-07,32673.96561934
10277338,2017-12-19T05:07:35.693,BUY,3.4e-07,60421.34296211
10277339,2017-12-19T05:07:35.693,BUY,3.4e-07,100000.0
10277340,2017-12-19T05:07:35.693,BUY,3.4e-07,1617.23399891
10277341,2017-12-19T05:07:35.693,BUY,3.4e-07,20000.0
10277342,2017-12-19T05:07:35.71,BUY,3.4e-07,717961.42303898
10277343,2017-12-19T05:07:43.287,SELL,3.3e-07,6543.69975
10277347,2017-12-19T05:07:49.41,SELL,3.3e-07,10000.03125
10277358,2017-12-19T05:08:05.77,BUY,3.4e-07,18056.743756
10277360,2017-12-19T05:08:09.85,SELL,3.3e-07,17826.296997
10277363,2017-12-19T05:08:13.583,BUY,3.4e-07,17600.0
10277372,2017-12-19T05:08:25.003,SELL,3.3e-07,29999.0
10277376,2017-12-19T05:08:32.02,SELL,3.3e-07,4532.02086207
10277386,2017-12-19T05:09:00.333,BUY,3.4e-07,5000.19159091
10277388,2017-12-19T05:09:00.457,BUY,3.4e-07,18056.743756
10277393,2017-12-19T05:09:04.207,BUY,3.4e-07,17532.0
10277395,2017-12-19T05:09:07.957,BUY,3.4e-07,50000.0
10277400,2017-12-19T05:09:19.113,BUY,3.4e-07,2220.74715599
10277402,2017-12-19T05:09:19.833,BUY,3.4e-07,1594.88514706
10277404,2017-12-19T05:09:21.677,BUY,3.4e-07,72576.45705882
10277406,2017-12-19T05:09:27.02,SELL,3.3e-07,45797.01851797
10277408,2017-12-19T05:09:27.8,BUY,3.4e-07,2242.84941176
10277410,2017-12-19T05:09:30.597,BUY,3.4e-07,27756.25515398
10277413,2017-12-19T05:09:39.113,SELL,3.3e-07,15000.0
10277414,2017-12-19T05:09:42.38,SELL,3.3e-07,17365.38948529
10277422,2017-12-19T05:09:54.13,BUY,3.4e-07,5945.0
10277425,2017-12-19T05:09:56.643,BUY,3.4e-07,50000.0
10277431,2017-12-19T05:10:03.143,BUY,3.4e-07,50000.0
10277434,2017-12-19T05:10:23.613,SELL,3.3e-07,34570.17746023
10277436,2017-12-19T05:10:29.783,SELL,3.3e-07,5000.0
10277440,2017-12-19T05:10:33.427,BUY,3.4e-07,2000.0
10277444,2017-12-19T05:10:41.33,SELL,3.3e-07,10952.90251917
10277449,2017-12-19T05:10:45.567,BUY,3.4e-07,75785.58292888
10277451,2017-12-19T05:10:53.347,BUY,3.4e-07,137411.00100299
10277453,2017-12-19T05:11:00.66,BUY,3.4e-07,17525.411847
10277455,2017-12-19T05:11:01.47,BUY,3.4e-07,21054.478463
10277457,2017-12-19T05:11:06.033,BUY,3.4e-07,20000.0
10277460,2017-12-19T05:11:23.11,SELL,3.3e-07,10985.3385
10277463,2017-12-19T05:11:34.957,SELL,3.3e-07,2734.09090909
10277464,2017-12-19T05:11:46.767,SELL,3.3e-07,403560.08733871
10277467,2017-12-19T05:11:51.86,SELL,3.3e-07,10000.5518605
10277469,2017-12-19T05:11:52.673,BUY,3.4e-07,224000.0
10277470,2017-12-19T05:11:56.69,SELL,3.3e-07,3600.0
10277473,2017-12-19T05:12:09.423,BUY,3.4e-07,6000.0
10277474,2017-12-19T05:12:09.487,SELL,3.3e-07,19413.70607649
10277476,2017-12-19T05:12:10.237,BUY,3.4e-07,29133.029133
10277477,2017-12-19T05:12:11.5,SELL,3.3e-07,3274.89874796
10277479,2017-12-19T05:12:13.517,BUY,3.4e-07,42149.631191
10277480,2017-12-19T05:12:14.237,SELL,3.3e-07,17812.26365163
10277481,2017-12-19T05:12:14.237,SELL,3.3e-07,32187.73634837
10277483,2017-12-19T05:12:14.58,BUY,3.4e-07,30000.0
10277485,2017-12-19T05:12:26.707,BUY,3.4e-07,44766.15705882
10277487,2017-12-19T05:12:40.14,BUY,3.4e-07,352400.3782149
10277488,2017-12-19T05:12:40.14,BUY,3.4e-07,9068.23849467
10277489,2017-12-19T05:12:40.14,BUY,3.4e-07,302272.72727273
10277490,2017-12-19T05:12:40.14,BUY,3.4e-07,92572.11090909
10277491,2017-12-19T05:12:40.14,BUY,3.4e-07,243686.54510861
10277492,2017-12-19T05:12:41.737,SELL,3.3e-07,10000.0
10277494,2017-12-19T05:12:48.75,BUY,3.4e-07,18000.0
10277501,2017-12-19T05:13:36.22,BUY,3.4e-07,4640.16463235
10277503,2017-12-19T05:13:43.64,SELL,3.3e-07,8576.11887097
10277506,2017-12-19T05:14:01.127,SELL,3.3e-07,5802.13296248
10277507,2017-12-19T05:14:01.127,SELL,3.3e-07,14735.22113636
10277508,2017-12-19T05:14:01.127,SELL,3.3e-07,79462.64590116
10277510,2017-12-19T05:14:06.907,SELL,3.3e-07,91134.71340909
10277513,2017-12-19T05:14:08.623,BUY,3.4e-07,17593.739444
10277515,2017-12-19T05:14:08.843,BUY,3.4e-07,40000.0
10277517,2017-12-19T05:14:09.563,BUY,3.4e-07,21089.630931
10277520,2017-12-19T05:14:14.813,SELL,3.3e-07,3455.46090909
10277527,2017-12-19T05:14:40.373,BUY,3.4e-07,3527.65875
10277528,2017-12-19T05:14:45.89,SELL,3.3e-07,30000.0
10277529,2017-12-19T05:14:52.11,SELL,3.3e-07,350282.92147059
10277531,2017-12-19T05:14:54.263,BUY,3.4e-07,6880.003941
10277534,2017-12-19T05:15:01.39,BUY,3.4e-07,30271.89613636
10277536,2017-12-19T05:15:08.873,BUY,3.4e-07,17593.86326
10277538,2017-12-19T05:15:09.733,BUY,3.4e-07,18181.81818182
10277540,2017-12-19T05:15:17.343,BUY,3.4e-07,4702.689787
10277542,2017-12-19T05:15:28.093,SELL,3.3e-07,200000.0
10277548,2017-12-19T05:16:08.717,SELL,3.3e-07,3100.7751938
10277551,2017-12-19T05:16:15.403,BUY,3.4e-07,15000.0
10277553,2017-12-19T05:16:15.84,BUY,3.4e-07,163377.44437331
10277554,2017-12-19T05:16:15.84,BUY,3.4e-07,9109.49905949
10277555,2017-12-19T05:16:15.84,BUY,3.4e-07,360138.33259661
10277558,2017-12-19T05:16:23.123,BUY,3.4e-07,5012.21643887
10277571,2017-12-19T05:17:17.217,BUY,3.4e-07,5569.12926507
10277573,2017-12-19T05:17:19.463,BUY,3.4e-07,2000.0
10277579,2017-12-19T05:17:48.76,BUY,3.4e-07,100000.0
10277583,2017-12-19T05:17:56.713,BUY,3.4e-07,1773.16977941
10277586,2017-12-19T05:18:02.417,BUY,3.4e-07,1600.0
10277588,2017-12-19T05:18:07.48,BUY,3.4e-07,75000.0
10277590,2017-12-19T05:18:09.15,BUY,3.4e-07,20000.0
10277594,2017-12-19T05:18:15.15,BUY,3.4e-07,3087.61455882
10277595,2017-12-19T05:18:21.667,SELL,3.3e-07,242563.48311627
10277596,2017-12-19T05:18:21.667,SELL,3.3e-07,50000.0
10277597,2017-12-19T05:18:21.667,SELL,3.3e-07,50329.31590909
10277598,2017-12-19T05:18:21.667,SELL,3.3e-07,15000.0
10277599,2017-12-19T05:18:21.667,SELL,3.3e-07,127680.36272727
10277600,2017-12-19T05:18:21.667,SELL,3.3e-07,73208.8525
10277601,2017-12-19T05:18:21.667,SELL,3.3e-07,1813.63636364
10277602,2017-12-19T05:18:21.667,SELL,3.3e-07,10000.0
10277603,2017-12-19T05:18:21.667,SELL,3.3e-07,54093.30659091
10277604,2017-12-19T05:18:21.667,SELL,3.3e-07,2797.95727273
10277605,2017-12-19T05:18:21.667,SELL,3.3e-07,503138.69847464
10277608,2017-12-19T05:18:22.777,SELL,3.3e-07,1818.0
10277610,2017-12-19T05:18:26.76,SELL,3.3e-07,1813.63636364
10277612,2017-12-19T05:18:36.387,BUY,3.4e-07,41258.70100299
10277616,2017-12-19T05:18:38.963,BUY,3.4e-07,100300.001003
10277620,2017-12-19T05:18:49.027,BUY,3.4e-07,46399.82971767
10277622,2017-12-19T05:18:57.37,SELL,3.3e-07,3000.0
10277624,2017-12-19T05:19:00.573,BUY,3.4e-07,259509.483092
10277626,2017-12-19T05:19:00.98,BUY,3.4e-07,1445352.65816049
10277627,2017-12-19T05:19:00.98,BUY,3.4e-07,1700.0
10277628,2017-12-19T05:19:00.98,BUY,3.4e-07,9697.18113636
10277629,2017-12-19T05:19:00.98,BUY,3.4e-07,25308.766875
10277630,2017-12-19T05:19:00.98,BUY,3.4e-07,4747.55590909
10277631,2017-12-19T05:19:00.98,BUY,3.4e-07,82224.74016129
10277632,2017-12-19T05:19:00.98,BUY,3.4e-07,216923.45340909
10277633,2017-12-19T05:19:00.98,BUY,3.4e-07,51277.87795455
10277634,2017-12-19T05:19:00.98,BUY,3.4e-07,27436.654
10277635,2017-12-19T05:19:00.98,BUY,3.4e-07,1684446.02412557
10277636,2017-12-19T05:19:00.98,BUY,3.4e-07,7421120.55790091
10277638,2017-12-19T05:19:09.09,SELL,3.3e-07,10816.7276
10277640,2017-12-19T05:19:16.697,BUY,3.4e-07,2630.0
10277641,2017-12-19T05:19:18.62,SELL,3.3e-07,7597.0
10277648,2017-12-19T05:19:41.823,SELL,3.3e-07,8744.79394531
10277650,2017-12-19T05:19:44.087,SELL,3.3e-07,1345117.50816186
10277651,2017-12-19T05:19:44.087,SELL,3.3e-07,13478.52227273
10277652,2017-12-19T05:19:44.087,SELL,3.3e-07,250000.0
10277653,2017-12-19T05:19:44.087,SELL,3.3e-07,1000000.0
10277654,2017-12-19T05:19:44.087,SELL,3.3e-07,5885.94522727
10277655,2017-12-19T05:19:44.087,SELL,3.3e-07,4534.09090909
10277656,2017-12-19T05:19:44.087,SELL,3.3e-07,50000.0
10277657,2017-12-19T05:19:44.087,SELL,3.3e-07,158348.71181818
10277658,2017-12-19T05:19:44.087,SELL,3.3e-07,6060.0
10277659,2017-12-19T05:19:44.087,SELL,3.3e-07,302272.72727273
10277660,2017-12-19T05:19:44.087,SELL,3.3e-07,4438.21
10277661,2017-12-19T05:19:44.087,SELL,3.3e-07,3022.72727273
10277662,2017-12-19T05:19:44.087,SELL,3.3e-07,21786.212
10277663,2017-12-19T05:19:44.087,SELL,3.3e-07,21746.165
10277664,2017-12-19T05:19:44.087,SELL,3.3e-07,57194.14113636
10277665,2017-12-19T05:19:44.087,SELL,3.3e-07,5849.43068182
10277666,2017-12-19T05:19:44.087,SELL,3.3e-07,120430.835
10277667,2017-12-19T05:19:44.087,SELL,3.3e-07,2000.0
10277668,2017-12-19T05:19:44.087,SELL,3.3e-07,2543.26113636
10277669,2017-12-19T05:19:44.087,SELL,3.3e-07,2600.05931818
10277670,2017-12-19T05:19:44.087,SELL,3.3e-07,1857148.45279269
10277673,2017-12-19T05:19:47.853,SELL,3.3e-07,20000.0
10277675,2017-12-19T05:19:54.213,SELL,3.3e-07,2000.0
10277677,2017-12-19T05:19:55.667,BUY,3.4e-07,2391.0075
10277679,2017-12-19T05:19:58.48,SELL,3.3e-07,4534.09090909
10277681,2017-12-19T05:19:59.87,BUY,3.4e-07,111556.00144789
10277691,2017-12-19T05:20:26.523,BUY,3.4e-07,6886.062874
10277693,2017-12-19T05:20:33.103,BUY,3.4e-07,6886.062874
10277696,2017-12-19T05:20:42.79,BUY,3.4e-07,6886.062874
10277481,2017-12-19T05:12:14.237,SELL,3.3e-07,32187.73634837
10277483,2017-12-19T05:12:14.58,BUY,3.4e-07,30000.0
10277485,2017-12-19T05:12:26.707,BUY,3.4e-07,44766.15705882
10277487,2017-12-19T05:12:40.14,BUY,3.4e-07,352400.3782149
10277488,2017-12-19T05:12:40.14,BUY,3.4e-07,9068.23849467
10277489,2017-12-19T05:12:40.14,BUY,3.4e-07,302272.72727273
10277490,2017-12-19T05:12:40.14,BUY,3.4e-07,92572.11090909
10277491,2017-12-19T05:12:40.14,BUY,3.4e-07,243686.54510861
10277492,2017-12-19T05:12:41.737,SELL,3.3e-07,10000.0
10277494,2017-12-19T05:12:48.75,BUY,3.4e-07,18000.0
10277501,2017-12-19T05:13:36.22,BUY,3.4e-07,4640.16463235
10277503,2017-12-19T05:13:43.64,SELL,3.3e-07,8576.11887097
10277506,2017-12-19T05:14:01.127,SELL,3.3e-07,5802.13296248
10277507,2017-12-19T05:14:01.127,SELL,3.3e-07,14735.22113636
10277508,2017-12-19T05:14:01.127,SELL,3.3e-07,79462.64590116
10277510,2017-12-19T05:14:06.907,SELL,3.3e-07,91134.71340909
10277513,2017-12-19T05:14:08.623,BUY,3.4e-07,17593.739444
10277515,2017-12-19T05:14:08.843,BUY,3.4e-07,40000.0
10277517,2017-12-19T05:14:09.563,BUY,3.4e-07,21089.630931
10277520,2017-12-19T05:14:14.813,SELL,3.3e-07,3455.46090909
10277527,2017-12-19T05:14:40.373,BUY,3.4e-07,3527.65875
10277528,2017-12-19T05:14:45.89,SELL,3.3e-07,30000.0
10277529,2017-12-19T05:14:52.11,SELL,3.3e-07,350282.92147059
10277531,2017-12-19T05:14:54.263,BUY,3.4e-07,6880.003941
10277534,2017-12-19T05:15:01.39,BUY,3.4e-07,30271.89613636
10277536,2017-12-19T05:15:08.873,BUY,3.4e-07,17593.86326
10277538,2017-12-19T05:15:09.733,BUY,3.4e-07,18181.81818182
10277540,2017-12-19T05:15:17.343,BUY,3.4e-07,4702.689787
10277542,2017-12-19T05:15:28.093,SELL,3.3e-07,200000.0
10277548,2017-12-19T05:16:08.717,SELL,3.3e-07,3100.7751938
10277551,2017-12-19T05:16:15.403,BUY,3.4e-07,15000.0
10277553,2017-12-19T05:16:15.84,BUY,3.4e-07,163377.44437331
10277554,2017-12-19T05:16:15.84,BUY,3.4e-07,9109.49905949
10277555,2017-12-19T05:16:15.84,BUY,3.4e-07,360138.33259661
10277558,2017-12-19T05:16:23.123,BUY,3.4e-07,5012.21643887
10277571,2017-12-19T05:17:17.217,BUY,3.4e-07,5569.12926507
10277573,2017-12-19T05:17:19.463,BUY,3.4e-07,2000.0
10277579,2017-12-19T05:17:48.76,BUY,3.4e-07,100000.0
10277583,2017-12-19T05:17:56.713,BUY,3.4e-07,1773.16977941
10277586,2017-12-19T05:18:02.417,BUY,3.4e-07,1600.0
10277588,2017-12-19T05:18:07.48,BUY,3.4e-07,75000.0
10277590,2017-12-19T05:18:09.15,BUY,3.4e-07,20000.0
10277594,2017-12-19T05:18:15.15,BUY,3.4e-07,3087.61455882
10277595,2017-12-19T05:18:21.667,SELL,3.3e-07,242563.48311627
10277596,2017-12-19T05:18:21.667,SELL,3.3e-07,50000.0
10277597,2017-12-19T05:18:21.667,SELL,3.3e-07,50329.31590909
10277598,2017-12-19T05:18:21.667,SELL,3.3e-07,15000.0
10277599,2017-12-19T05:18:21.667,SELL,3.3e-07,127680.36272727
10277600,2017-12-19T05:18:21.667,SELL,3.3e-07,73208.8525
10277601,2017-12-19T05:18:21.667,SELL,3.3e-07,1813.63636364
10277602,2017-12-19T05:18:21.667,SELL,3.3e-07,10000.0
10277603,2017-12-19T05:18:21.667,SELL,3.3e-07,54093.30659091
10277604,2017-12-19T05:18:21.667,SELL,3.3e-07,2797.95727273
10277605,2017-12-19T05:18:21.667,SELL,3.3e-07,503138.69847464
10277608,2017-12-19T05:18:22.777,SELL,3.3e-07,1818.0
10277610,2017-12-19T05:18:26.76,SELL,3.3e-07,1813.63636364
10277612,2017-12-19T05:18:36.387,BUY,3.4e-07,41258.70100299
10277616,2017-12-19T05:18:38.963,BUY,3.4e-07,100300.001003
10277620,2017-12-19T05:18:49.027,BUY,3.4e-07,46399.82971767
10277622,2017-12-19T05:18:57.37,SELL,3.3e-07,3000.0
10277624,2017-12-19T05:19:00.573,BUY,3.4e-07,259509.483092
10277626,2017-12-19T05:19:00.98,BUY,3.4e-07,1445352.65816049
10277627,2017-12-19T05:19:00.98,BUY,3.4e-07,1700.0
10277628,2017-12-19T05:19:00.98,BUY,3.4e-07,9697.18113636
10277629,2017-12-19T05:19:00.98,BUY,3.4e-07,25308.766875
10277630,2017-12-19T05:19:00.98,BUY,3.4e-07,4747.55590909
10277631,2017-12-19T05:19:00.98,BUY,3.4e-07,82224.74016129
10277632,2017-12-19T05:19:00.98,BUY,3.4e-07,216923.45340909
10277633,2017-12-19T05:19:00.98,BUY,3.4e-07,51277.87795455
10277634,2017-12-19T05:19:00.98,BUY,3.4e-07,27436.654
10277635,2017-12-19T05:19:00.98,BUY,3.4e-07,1684446.02412557
10277636,2017-12-19T05:19:00.98,BUY,3.4e-07,7421120.55790091
10277638,2017-12-19T05:19:09.09,SELL,3.3e-07,10816.7276
10277640,2017-12-19T05:19:16.697,BUY,3.4e-07,2630.0
10277641,2017-12-19T05:19:18.62,SELL,3.3e-07,7597.0
10277648,2017-12-19T05:19:41.823,SELL,3.3e-07,8744.79394531
10277650,2017-12-19T05:19:44.087,SELL,3.3e-07,1345117.50816186
10277651,2017-12-19T05:19:44.087,SELL,3.3e-07,13478.52227273
10277652,2017-12-19T05:19:44.087,SELL,3.3e-07,250000.0
10277653,2017-12-19T05:19:44.087,SELL,3.3e-07,1000000.0
10277654,2017-12-19T05:19:44.087,SELL,3.3e-07,5885.94522727
10277655,2017-12-19T05:19:44.087,SELL,3.3e-07,4534.09090909
10277656,2017-12-19T05:19:44.087,SELL,3.3e-07,50000.0
10277657,2017-12-19T05:19:44.087,SELL,3.3e-07,158348.71181818
10277658,2017-12-19T05:19:44.087,SELL,3.3e-07,6060.0
10277659,2017-12-19T05:19:44.087,SELL,3.3e-07,302272.72727273
10277660,2017-12-19T05:19:44.087,SELL,3.3e-07,4438.21
10277661,2017-12-19T05:19:44.087,SELL,3.3e-07,3022.72727273
10277662,2017-12-19T05:19:44.087,SELL,3.3e-07,21786.212
10277663,2017-12-19T05:19:44.087,SELL,3.3e-07,21746.165
10277664,2017-12-19T05:19:44.087,SELL,3.3e-07,57194.14113636
10277665,2017-12-19T05:19:44.087,SELL,3.3e-07,5849.43068182
10277666,2017-12-19T05:19:44.087,SELL,3.3e-07,120430.835
10277667,2017-12-19T05:19:44.087,SELL,3.3e-07,2000.0
10277668,2017-12-19T05:19:44.087,SELL,3.3e-07,2543.26113636
10277669,2017-12-19T05:19:44.087,SELL,3.3e-07,2600.05931818
10277670,2017-12-19T05:19:44.087,SELL,3.3e-07,1857148.45279269
10277673,2017-12-19T05:19:47.853,SELL,3.3e-07,20000.0
10277675,2017-12-19T05:19:54.213,SELL,3.3e-07,2000.0
10277677,2017-12-19T05:19:55.667,BUY,3.4e-07,2391.0075
10277713,2017-12-19T05:21:08.493,BUY,3.4e-07,3861.29032258
10277714,2017-12-19T05:21:08.493,BUY,3.4e-07,186585.60931818
10277715,2017-12-19T05:21:08.493,BUY,3.4e-07,150511.17162314
10277716,2017-12-19T05:21:08.493,BUY,3.4e-07,50000.0
10277717,2017-12-19T05:21:08.493,BUY,3.4e-07,17044.37601562
10277718,2017-12-19T05:21:08.493,BUY,3.4e-07,30090.0
10277719,2017-12-19T05:21:08.493,BUY,3.4e-07,16598.3715
10277720,2017-12-19T05:21:08.493,BUY,3.4e-07,2000.0
10277721,2017-12-19T05:21:08.493,BUY,3.4e-07,39998.0
10277722,2017-12-19T05:21:08.51,BUY,3.4e-07,3000.0
10277723,2017-12-19T05:21:08.51,BUY,3.4e-07,3379.28818182
10277724,2017-12-19T05:21:08.51,BUY,3.4e-07,1865439.3920559
10277725,2017-12-19T05:21:08.51,BUY,3.4e-07,328787.87878788
10277726,2017-12-19T05:21:08.51,BUY,3.4e-07,85003.12983804
10277727,2017-12-19T05:21:08.51,BUY,3.4e-07,2000.0
10277728,2017-12-19T05:21:08.51,BUY,3.4e-07,61000.0
10277729,2017-12-19T05:21:08.51,BUY,3.4e-07,273271.35181818
10277730,2017-12-19T05:21:08.51,BUY,3.4e-07,107501.45159091
10277731,2017-12-19T05:21:08.51,BUY,3.4e-07,3153.70727273
10277732,2017-12-19T05:21:08.51,BUY,3.4e-07,1678.09727273
10277733,2017-12-19T05:21:08.51,BUY,3.4e-07,1596.56139706
10277734,2017-12-19T05:21:08.51,BUY,3.4e-07,5000.0
10277735,2017-12-19T05:21:08.51,BUY,3.4e-07,1316828.88909091
10277736,2017-12-19T05:21:08.51,BUY,3.4e-07,302272.72727273
10277737,2017-12-19T05:21:08.51,BUY,3.4e-07,6000.0
10277738,2017-12-19T05:21:08.51,BUY,3.4e-07,4024618.89991006
10277739,2017-12-19T05:21:08.51,BUY,3.4e-07,402941.17647058
10277740,2017-12-19T05:21:08.51,BUY,3.4e-07,145816.63568182
10277741,2017-12-19T05:21:08.51,BUY,3.4e-07,3000.0
10277742,2017-12-19T05:21:08.51,BUY,3.4e-07,15598.00403226
10277743,2017-12-19T05:21:08.51,BUY,3.4e-07,1936.89320388
10277744,2017-12-19T05:21:08.51,BUY,3.4e-07,73868.18176613
10277745,2017-12-19T05:21:08.51,BUY,3.4e-07,2000.0
10277746,2017-12-19T05:21:08.51,BUY,3.4e-07,151136.36363636
10277747,2017-12-19T05:21:08.51,BUY,3.4e-07,2400.0
10277748,2017-12-19T05:21:08.51,BUY,3.4e-07,1793.16439024
10277749,2017-12-19T05:21:08.51,BUY,3.4e-07,5000.0
10277750,2017-12-19T05:21:08.51,BUY,3.4e-07,19543.62454545
10277751,2017-12-19T05:21:08.51,BUY,3.4e-07,1519506.8371875
10277752,2017-12-19T05:21:08.51,BUY,3.4e-07,100000.0
10277753,2017-12-19T05:21:08.51,BUY,3.4e-07,55414.57090909
10277754,2017-12-19T05:21:08.51,BUY,3.4e-07,59338.23529412
10277755,2017-12-19T05:21:08.51,BUY,3.4e-07,50000.0
10277756,2017-12-19T05:21:08.51,BUY,3.4e-07,20000.0
10277757,2017-12-19T05:21:08.51,BUY,3.4e-07,4974.0
10277758,2017-12-19T05:21:08.51,BUY,3.4e-07,100000.0
10277759,2017-12-19T05:21:08.51,BUY,3.4e-07,200319.18088235
10277760,2017-12-19T05:21:08.51,BUY,3.4e-07,1819.38132353
10277761,2017-12-19T05:21:08.51,BUY,3.4e-07,8415.49104839
10277762,2017-12-19T05:21:08.523,BUY,3.4e-07,12931.07999102
10277763,2017-12-19T05:21:08.523,BUY,3.4e-07,2667.35467981
10277764,2017-12-19T05:21:08.523,BUY,3.4e-07,3500.0
10277765,2017-12-19T05:21:08.523,BUY,3.4e-07,1336256.0
10277766,2017-12-19T05:21:08.523,BUY,3.4e-07,3875.91642229
10277767,2017-12-19T05:21:08.523,BUY,3.4e-07,4773784.71551471
10277768,2017-12-19T05:21:08.523,BUY,3.4e-07,199798.0
10277769,2017-12-19T05:21:08.523,BUY,3.4e-07,5793.9075
10277770,2017-12-19T05:21:08.523,BUY,3.4e-07,2817.26272059
10277771,2017-12-19T05:21:08.523,BUY,3.4e-07,9510.13382812
10277772,2017-12-19T05:21:08.523,BUY,3.4e-07,20000.0
10277773,2017-12-19T05:21:08.523,BUY,3.4e-07,40000.0
10277774,2017-12-19T05:21:08.523,BUY,3.4e-07,16220.64977273
10277775,2017-12-19T05:21:08.523,BUY,3.4e-07,35465.05632353
10277776,2017-12-19T05:21:08.523,BUY,3.4e-07,5000.0
10277777,2017-12-19T05:21:08.523,BUY,3.4e-07,24098.0
10277778,2017-12-19T05:21:08.523,BUY,3.4e-07,21159.60477273
10277779,2017-12-19T05:21:08.523,BUY,3.4e-07,5282.7008656
10277780,2017-12-19T05:21:08.523,BUY,3.4e-07,5000.0
10277781,2017-12-19T05:21:08.523,BUY,3.4e-07,499999.0
10277782,2017-12-19T05:21:08.523,BUY,3.4e-07,2000.0
10277783,2017-12-19T05:21:08.523,BUY,3.4e-07,30227.27272727
10277784,2017-12-19T05:21:08.523,BUY,3.4e-07,25000.0
10277785,2017-12-19T05:21:08.523,BUY,3.4e-07,10078.6263788
10277786,2017-12-19T05:21:08.523,BUY,3.4e-07,56565.98818182
10277787,2017-12-19T05:21:08.523,BUY,3.4e-07,2000.0
10277788,2017-12-19T05:21:08.523,BUY,3.4e-07,20000.0
10277789,2017-12-19T05:21:08.523,BUY,3.4e-07,109700.48953125
10277790,2017-12-19T05:21:08.523,BUY,3.4e-07,7500.0
10277791,2017-12-19T05:21:08.523,BUY,3.4e-07,44137.355
10277792,2017-12-19T05:21:08.523,BUY,3.4e-07,2042.66666667
10277793,2017-12-19T05:21:08.523,BUY,3.4e-07,16557.53654546
10277794,2017-12-19T05:21:08.523,BUY,3.4e-07,10196.388
10277795,2017-12-19T05:21:08.54,BUY,3.4e-07,11020.9975
10277796,2017-12-19T05:21:08.54,BUY,3.4e-07,1625.80409091
10277797,2017-12-19T05:21:08.54,BUY,3.4e-07,559802.732348
10277798,2017-12-19T05:21:08.54,BUY,3.4e-07,509770.33483828
10277799,2017-12-19T05:21:08.54,BUY,3.4e-07,10816.7276
10277800,2017-12-19T05:21:08.54,BUY,3.4e-07,7597.0
10277801,2017-12-19T05:21:08.54,BUY,3.4e-07,1353862.30210717
10277802,2017-12-19T05:21:08.54,BUY,3.4e-07,6060.0
10277803,2017-12-19T05:21:08.54,BUY,3.4e-07,85812.7203579
10277804,2017-12-19T05:21:08.54,BUY,3.4e-07,1764.70588235
10277805,2017-12-19T05:21:08.54,BUY,3.4e-07,158348.71181818
10277806,2017-12-19T05:21:08.54,BUY,3.4e-07,3030.36363636
10277807,2017-12-19T05:21:08.54,BUY,3.4e-07,15756.61583177
10277808,2017-12-19T05:21:08.54,BUY,3.4e-07,109912.07142857
10277809,2017-12-19T05:21:08.54,BUY,3.4e-07,99998.0
10277813,2017-12-19T05:21:12.273,SELL,3.4e-07,41284.50320474
10277814,2017-12-19T05:21:12.367,SELL,3.4e-07,21000.0
10277816,2017-12-19T05:21:13.807,SELL,3.4e-07,3030.3030303
10277818,2017-12-19T05:21:15.76,SELL,3.4e-07,3000.0
10277820,2017-12-19T05:21:16.82,SELL,3.4e-07,1655.52065
10277821,2017-12-19T05:21:17.057,SELL,3.4e-07,3000.0
10277822,2017-12-19T05:21:18.633,SELL,3.4e-07,3000.0
10277825,2017-12-19T05:21:21.227,SELL,3.4e-07,3000.0
10277826,2017-12-19T05:21:23.087,SELL,3.4e-07,3000.0
10277828,2017-12-19T05:21:23.413,SELL,3.4e-07,105920.16003123
10277829,2017-12-19T05:21:23.413,SELL,3.4e-07,6886.270588
10277832,2017-12-19T05:21:25.54,BUY,3.4e-07,6900.352941
10277834,2017-12-19T05:21:29.727,BUY,3.4e-07,20000.0
10277835,2017-12-19T05:21:29.837,SELL,3.3e-07,29654.889
10277838,2017-12-19T05:21:31.587,BUY,3.4e-07,34271.81161765
10277840,2017-12-19T05:21:31.727,BUY,3.4e-07,6530.19242647
10277844,2017-12-19T05:21:37.087,BUY,3.4e-07,6900.352941
10277847,2017-12-19T05:21:39.15,BUY,3.4e-07,13424.19278798
10277848,2017-12-19T05:21:39.15,BUY,3.4e-07,303030.3030303
10277855,2017-12-19T05:21:47.337,SELL,3.4e-07,6903.025068
10277856,2017-12-19T05:21:47.337,SELL,3.3e-07,8267.85728494
10277862,2017-12-19T05:22:02.663,BUY,3.4e-07,3030.30303
10277865,2017-12-19T05:22:10.79,SELL,3.3e-07,60000.0
10277867,2017-12-19T05:22:13.727,BUY,3.4e-07,3e-07
10277868,2017-12-19T05:22:16.447,SELL,3.4e-07,21000.0
10277870,2017-12-19T05:22:19.883,SELL,3.4e-07,25532.28636364
10277873,2017-12-19T05:22:20.96,SELL,3.4e-07,36723.2156962
10277874,2017-12-19T05:22:21.773,SELL,3.4e-07,41744.49793986
10277875,2017-12-19T05:22:21.773,SELL,3.4e-07,3515.71808824
10277877,2017-12-19T05:22:22.35,BUY,3.4e-07,6254.93548705
10277878,2017-12-19T05:22:22.35,BUY,3.4e-07,16103.40590909
10277879,2017-12-19T05:22:22.4,SELL,3.4e-07,450000.0
10277881,2017-12-19T05:22:27.43,SELL,3.4e-07,3000.0
10277883,2017-12-19T05:22:31.913,SELL,3.4e-07,121212.12
10277887,2017-12-19T05:22:43.24,BUY,3.5e-07,2006.001003
10277890,2017-12-19T05:22:48.773,BUY,3.5e-07,11158.08310334
10277893,2017-12-19T05:22:49.943,BUY,3.5e-07,11835.91589366
10277894,2017-12-19T05:22:49.943,BUY,3.5e-07,11833.44225
10277895,2017-12-19T05:22:49.96,BUY,3.5e-07,7160.71428571
10277896,2017-12-19T05:22:49.96,BUY,3.5e-07,69469.92857363
10277906,2017-12-19T05:23:03.49,BUY,3.5e-07,17614.937467
10277907,2017-12-19T05:23:05.29,SELL,3.4e-07,27212.0
10277910,2017-12-19T05:23:07.367,SELL,3.4e-07,1780.6219029
10277913,2017-12-19T05:23:11.29,BUY,3.5e-07,2857.1429
10277915,2017-12-19T05:23:11.35,BUY,3.5e-07,2857.1429
10277917,2017-12-19T05:23:11.38,BUY,3.5e-07,28288.543
10277919,2017-12-19T05:23:11.507,BUY,3.5e-07,3642.8571
10277921,2017-12-19T05:23:12.087,BUY,3.5e-07,9480.3894
10277923,2017-12-19T05:23:12.227,BUY,3.5e-07,28500.178
10277925,2017-12-19T05:23:13.227,BUY,3.5e-07,2000.0
10277927,2017-12-19T05:23:13.507,BUY,3.5e-07,14285.714
10277930,2017-12-19T05:23:13.663,BUY,3.5e-07,50000.0
10277932,2017-12-19T05:23:13.757,BUY,3.5e-07,8466.2857
10277934,2017-12-19T05:23:14.837,BUY,3.5e-07,14285.714
10277936,2017-12-19T05:23:14.867,BUY,3.5e-07,5714.2857
10277938,2017-12-19T05:23:15.63,BUY,3.5e-07,4000.0
10277941,2017-12-19T05:23:16.163,BUY,3.5e-07,2571.4286
10277943,2017-12-19T05:23:16.553,BUY,3.5e-07,5714.2857
10277946,2017-12-19T05:23:17.833,BUY,3.5e-07,30000.0
10277948,2017-12-19T05:23:18.443,BUY,3.5e-07,11526.55
10277949,2017-12-19T05:23:18.99,SELL,3.4e-07,16306.374
10277951,2017-12-19T05:23:19.29,BUY,3.5e-07,2136.3566
10277953,2017-12-19T05:23:19.6,BUY,3.5e-07,46329.651
10277955,2017-12-19T05:23:19.693,BUY,3.5e-07,5715.1297
10277957,2017-12-19T05:23:19.773,BUY,3.5e-07,1885.7143
10277959,2017-12-19T05:23:20.007,BUY,3.5e-07,7142.8571
10277961,2017-12-19T05:23:20.6,BUY,3.5e-07,5041.8086
10277963,2017-12-19T05:23:21.007,BUY,3.5e-07,11901.67108794
10277964,2017-12-19T05:23:21.007,BUY,3.5e-07,2384.04291206
10277966,2017-12-19T05:23:21.397,BUY,3.5e-07,28514.4
10277968,2017-12-19T05:23:21.647,BUY,3.5e-07,15584.697
10277970,2017-12-19T05:23:21.647,BUY,3.5e-07,2303.7027
10277972,2017-12-19T05:23:21.68,BUY,3.5e-07,1213.15738794
10277973,2017-12-19T05:23:21.68,BUY,3.5e-07,1636.86041206
10277975,2017-12-19T05:23:21.693,BUY,3.5e-07,1304.31605852
10277976,2017-12-19T05:23:21.693,BUY,3.5e-07,6275.68394148
10277979,2017-12-19T05:23:21.757,BUY,3.5e-07,885.03034423
10277980,2017-12-19T05:23:21.757,BUY,3.5e-07,5882.35294117
10277981,2017-12-19T05:23:21.757,BUY,3.5e-07,10910.6167146
10277983,2017-12-19T05:23:22.04,BUY,3.5e-07,2854.2886
10277984,2017-12-19T05:23:22.07,SELL,3.4e-07,103258.19887517
10277986,2017-12-19T05:23:22.07,BUY,3.5e-07,17596.339961
10277988,2017-12-19T05:23:23.88,BUY,3.5e-07,8638.7547244
10277989,2017-12-19T05:23:23.88,BUY,3.5e-07,8969.9792076
10277991,2017-12-19T05:23:24.727,BUY,3.5e-07,17600.0
10277993,2017-12-19T05:23:24.897,BUY,3.5e-07,30004.0875
10277995,2017-12-19T05:23:25.85,BUY,3.5e-07,55000.0
10278005,2017-12-19T05:23:46.477,SELL,3.4e-07,29338.419
10278009,2017-12-19T05:23:48.477,BUY,3.5e-07,10883.14796039
10278011,2017-12-19T05:23:50.037,BUY,3.5e-07,44632.32940437
10278014,2017-12-19T05:24:01.803,BUY,3.5e-07,28571.429
10278016,2017-12-19T05:24:02.13,BUY,3.5e-07,11428.571
10278018,2017-12-19T05:24:02.63,BUY,3.5e-07,17126.454892
10278022,2017-12-19T05:24:07.397,SELL,3.4e-07,10000.0
10278029,2017-12-19T05:24:16.257,BUY,3.5e-07,54198.63928248
10278032,2017-12-19T05:24:23.21,SELL,3.4e-07,50000.0
10278039,2017-12-19T05:24:37.13,SELL,3.4e-07,3000.0
10278040,2017-12-19T05:24:38.52,SELL,3.4e-07,250000.0
10278042,2017-12-19T05:24:39.193,BUY,3.5e-07,6602.3
10278044,2017-12-19T05:24:39.553,BUY,3.5e-07,2695.4178
10278046,2017-12-19T05:24:39.617,SELL,3.4e-07,3000.0
10278047,2017-12-19T05:24:41.27,SELL,3.4e-07,3000.0
10278051,2017-12-19T05:24:44.007,SELL,3.4e-07,3000.0
10278052,2017-12-19T05:24:44.117,SELL,3.4e-07,3000.0
10278054,2017-12-19T05:24:45.553,SELL,3.4e-07,3000.0
10278057,2017-12-19T05:24:47.1,SELL,3.4e-07,3000.0
10278058,2017-12-19T05:24:47.677,SELL,3.4e-07,17441.11764706
10278061,2017-12-19T05:24:50.35,SELL,3.4e-07,3000.0
10278064,2017-12-19T05:24:54.427,SELL,3.4e-07,3000.0
10278065,2017-12-19T05:24:54.943,SELL,3.4e-07,3000.0
10278068,2017-12-19T05:24:56.24,BUY,3.5e-07,150000.0
10278069,2017-12-19T05:24:56.88,SELL,3.4e-07,3000.0
10278070,2017-12-19T05:24:57.613,SELL,3.4e-07,14000.694
10278071,2017-12-19T05:24:58.443,SELL,3.4e-07,741618.59861991
10278072,2017-12-19T05:24:58.443,SELL,3.4e-07,14705.88235294
10278073,2017-12-19T05:24:58.443,SELL,3.4e-07,1243675.51902715
10278074,2017-12-19T05:24:58.66,SELL,3.4e-07,3000.0
10278075,2017-12-19T05:25:00.443,SELL,3.4e-07,3000.0
10278076,2017-12-19T05:25:02.007,SELL,3.4e-07,3000.0
10278078,2017-12-19T05:25:02.32,BUY,3.5e-07,15696.73486225
10278079,2017-12-19T05:25:02.32,BUY,3.5e-07,1429.72002975
10278082,2017-12-19T05:25:03.96,BUY,3.5e-07,17126.454892
10278085,2017-12-19T05:25:06.113,BUY,3.5e-07,6000.6425
10278086,2017-12-19T05:25:08.74,SELL,3.4e-07,6475.56083339
10278090,2017-12-19T05:25:15.037,BUY,3.5e-07,2957.18257825
10278091,2017-12-19T05:25:15.037,BUY,3.5e-07,82542.81742175
10278092,2017-12-19T05:25:18.66,SELL,3.4e-07,30303.03030303
10278096,2017-12-19T05:25:25.177,SELL,3.4e-07,3010.0
10278098,2017-12-19T05:25:27.303,SELL,3.4e-07,146579.55024454
10278108,2017-12-19T05:25:43.943,BUY,3.5e-07,13600.0695
10278110,2017-12-19T05:25:54.35,SELL,3.4e-07,454545.45604545
10278112,2017-12-19T05:25:58.787,SELL,3.4e-07,19717.6255
10278115,2017-12-19T05:26:01.55,BUY,3.5e-07,21698.21625448
10278117,2017-12-19T05:26:02.473,BUY,3.5e-07,20000.0
10278119,2017-12-19T05:26:04.99,BUY,3.5e-07,10180.6275
10278121,2017-12-19T05:26:05.503,BUY,3.5e-07,21698.21625448
10278123,2017-12-19T05:26:22.897,SELL,3.4e-07,2262.27491687
10278124,2017-12-19T05:26:26.1,SELL,3.4e-07,18529.412
10278125,2017-12-19T05:26:27.3,SELL,3.4e-07,48000.0
10278129,2017-12-19T05:26:40.473,BUY,3.5e-07,43396.43150597
10278139,2017-12-19T05:26:53.13,BUY,3.5e-07,43396.43150597
10278140,2017-12-19T05:26:53.893,SELL,3.4e-07,17891.69505448
10278146,2017-12-19T05:26:57.16,SELL,3.4e-07,9.87607509
10278147,2017-12-19T05:26:57.177,SELL,3.4e-07,5567.51889455
10278150,2017-12-19T05:27:01.083,SELL,3.4e-07,4545.45454545
10278151,2017-12-19T05:27:07.643,SELL,3.4e-07,1622.32067765
10278152,2017-12-19T05:27:07.643,SELL,3.4e-07,62903.93426471
10278153,2017-12-19T05:27:07.66,SELL,3.4e-07,90394.25830737
10278155,2017-12-19T05:27:08.05,BUY,3.5e-07,20000.0
10278156,2017-12-19T05:27:11.253,SELL,3.4e-07,312546.91816321
10278157,2017-12-19T05:27:11.253,SELL,3.4e-07,1466911.76470588
10278158,2017-12-19T05:27:11.253,SELL,3.4e-07,31085.79661765
10278159,2017-12-19T05:27:11.253,SELL,3.4e-07,838906.91757353
10278160,2017-12-19T05:27:11.253,SELL,3.4e-07,90723.88654412
10278161,2017-12-19T05:27:11.253,SELL,3.4e-07,4972.59617647
10278162,2017-12-19T05:27:11.253,SELL,3.4e-07,364444.0
10278163,2017-12-19T05:27:11.253,SELL,3.4e-07,5882.35294117
10278164,2017-12-19T05:27:11.253,SELL,3.4e-07,1588.02
10278165,2017-12-19T05:27:11.253,SELL,3.4e-07,150000.0
10278166,2017-12-19T05:27:11.253,SELL,3.4e-07,168668.4049626
10278167,2017-12-19T05:27:13.787,SELL,3.4e-07,3000.0
10278169,2017-12-19T05:27:16.537,SELL,3.4e-07,3000.0
10278170,2017-12-19T05:27:18.16,SELL,3.4e-07,3000.0
10278171,2017-12-19T05:27:19.88,SELL,3.4e-07,3000.0
10278172,2017-12-19T05:27:21.393,SELL,3.4e-07,3000.0
10278173,2017-12-19T05:27:22.957,SELL,3.4e-07,3000.0
10278174,2017-12-19T05:27:23.44,SELL,3.4e-07,6060.6060606
10278175,2017-12-19T05:27:24.55,SELL,3.4e-07,3000.0
10278177,2017-12-19T05:27:26.177,SELL,3.4e-07,3000.0
10278179,2017-12-19T05:27:28.13,SELL,3.4e-07,3000.0
10278180,2017-12-19T05:27:29.927,SELL,3.4e-07,3000.0
10278183,2017-12-19T05:27:35.893,SELL,3.4e-07,3000.0
10278185,2017-12-19T05:27:36.88,BUY,3.5e-07,2500.0
10278186,2017-12-19T05:27:37.58,SELL,3.4e-07,3000.0
10278187,2017-12-19T05:27:38.113,SELL,3.4e-07,7000.0
10278188,2017-12-19T05:27:38.223,SELL,3.4e-07,90723.88654412
10278189,2017-12-19T05:27:39.457,SELL,3.4e-07,3000.0
10278190,2017-12-19T05:27:39.94,SELL,3.4e-07,3000.0
10278192,2017-12-19T05:27:40.44,BUY,3.5e-07,21698.21625448
10278193,2017-12-19T05:27:40.737,SELL,3.4e-07,3000.0
10278194,2017-12-19T05:27:41.597,SELL,3.4e-07,269312.71780033
10278195,2017-12-19T05:27:41.597,SELL,3.4e-07,15358.24345588
10278196,2017-12-19T05:27:41.597,SELL,3.4e-07,5000.0
10278197,2017-12-19T05:27:41.597,SELL,3.4e-07,129088.23529412
10278198,2017-12-19T05:27:41.597,SELL,3.4e-07,113866.07947908
10278199,2017-12-19T05:27:42.347,SELL,3.4e-07,3000.0
10278200,2017-12-19T05:27:44.067,SELL,3.4e-07,3000.0
10278202,2017-12-19T05:27:45.957,SELL,3.4e-07,3000.0
10278203,2017-12-19T05:27:49.707,SELL,3.4e-07,3000.0
10278205,2017-12-19T05:27:51.457,SELL,3.4e-07,3000.0
10278206,2017-12-19T05:27:53.44,SELL,3.4e-07,3000.0
10278208,2017-12-19T05:27:54.237,SELL,3.4e-07,55614.22155033
10278209,2017-12-19T05:27:54.237,SELL,3.4e-07,6950.34529412
10278212,2017-12-19T05:28:06.72,BUY,3.4e-07,17132.088402
10278214,2017-12-19T05:28:07.113,BUY,3.4e-07,2000.0
10278216,2017-12-19T05:28:07.16,BUY,3.4e-07,20000.0
10278218,2017-12-19T05:28:15.08,BUY,3.4e-07,32000.0
10278222,2017-12-19T05:28:31.893,BUY,3.4e-07,16303.62668537
10278223,2017-12-19T05:28:36.393,SELL,3.4e-07,119453.0
10278229,2017-12-19T05:29:02.52,BUY,3.5e-07,17127.950932
10278231,2017-12-19T05:29:03.94,BUY,3.5e-07,17132.088402
10278234,2017-12-19T05:29:13.11,SELL,3.4e-07,6300.146864
10278235,2017-12-19T05:29:15.267,SELL,3.4e-07,2000.0
10278237,2017-12-19T05:29:18.86,BUY,3.5e-07,10000.0
10278239,2017-12-19T05:29:26.893,SELL,3.4e-07,6315.814
10278241,2017-12-19T05:29:28.627,BUY,3.5e-07,13312.749
10278243,2017-12-19T05:29:30.987,BUY,3.5e-07,3801.71207079
10278246,2017-12-19T05:29:41.627,SELL,3.4e-07,6315.814
10278249,2017-12-19T05:29:50.703,BUY,3.5e-07,38021.22920618
10278250,2017-12-19T05:29:50.877,SELL,3.4e-07,2004.0
10278252,2017-12-19T05:29:52.16,SELL,3.4e-07,32998.0
10278256,2017-12-19T05:30:03.55,BUY,3.5e-07,79403.030373
10278258,2017-12-19T05:30:04.173,BUY,3.5e-07,100000.0
10278260,2017-12-19T05:30:08.237,BUY,3.5e-07,20000.0
10278262,2017-12-19T05:30:12.173,BUY,3.5e-07,10864.3857517
10278264,2017-12-19T05:30:14.597,BUY,3.5e-07,5415.0
10278265,2017-12-19T05:30:14.737,SELL,3.4e-07,16306.374
10278268,2017-12-19T05:30:19.173,SELL,3.4e-07,6349.366762
10278270,2017-12-19T05:30:20.893,BUY,3.5e-07,16294.81309007
10278272,2017-12-19T05:30:22.8,SELL,3.4e-07,6349.366762
10278275,2017-12-19T05:30:27.283,BUY,3.5e-07,16016.886
10278277,2017-12-19T05:30:33.783,BUY,3.5e-07,5015.00100299
10278279,2017-12-19T05:30:36.14,SELL,3.4e-07,6349.366762
10278281,2017-12-19T05:30:43.58,BUY,3.5e-07,43452.83323521
10278282,2017-12-19T05:30:44.94,SELL,3.4e-07,6349.366762
10278284,2017-12-19T05:30:46.737,BUY,3.5e-07,21731.12439158
10278286,2017-12-19T05:30:51.923,SELL,3.4e-07,3000.0
10278287,2017-12-19T05:30:53.877,SELL,3.4e-07,3000.0
10278288,2017-12-19T05:30:53.89,SELL,3.4e-07,6349.366762
10278290,2017-12-19T05:31:00.923,SELL,3.4e-07,6349.366762
10278294,2017-12-19T05:31:05.297,SELL,3.4e-07,41289.37681981
10278295,2017-12-19T05:31:05.297,SELL,3.4e-07,8818.60411765
10278296,2017-12-19T05:31:05.297,SELL,3.4e-07,119892.01906254
10278298,2017-12-19T05:31:09.297,SELL,3.4e-07,4512.943105
10278302,2017-12-19T05:31:21.407,SELL,3.4e-07,6349.366762
10278305,2017-12-19T05:31:34.483,SELL,3.4e-07,6349.366762
10278306,2017-12-19T05:31:37.983,SELL,3.4e-07,165864.0
10278307,2017-12-19T05:31:38.157,SELL,3.4e-07,6349.366762
10278309,2017-12-19T05:31:41.5,SELL,3.4e-07,9106.1028
10278310,2017-12-19T05:31:41.75,SELL,3.4e-07,6349.366762
10278311,2017-12-19T05:31:41.983,SELL,3.4e-07,9866.7941
10278314,2017-12-19T05:31:48.407,SELL,3.4e-07,6350.359005
10278121,2017-12-19T05:26:05.503,BUY,3.5e-07,21698.21625448
10278123,2017-12-19T05:26:22.897,SELL,3.4e-07,2262.27491687
10278124,2017-12-19T05:26:26.1,SELL,3.4e-07,18529.412
10278125,2017-12-19T05:26:27.3,SELL,3.4e-07,48000.0
10278129,2017-12-19T05:26:40.473,BUY,3.5e-07,43396.43150597
10278139,2017-12-19T05:26:53.13,BUY,3.5e-07,43396.43150597
10278140,2017-12-19T05:26:53.893,SELL,3.4e-07,17891.69505448
10278146,2017-12-19T05:26:57.16,SELL,3.4e-07,9.87607509
10278147,2017-12-19T05:26:57.177,SELL,3.4e-07,5567.51889455
10278150,2017-12-19T05:27:01.083,SELL,3.4e-07,4545.45454545
10278151,2017-12-19T05:27:07.643,SELL,3.4e-07,1622.32067765
10278152,2017-12-19T05:27:07.643,SELL,3.4e-07,62903.93426471
10278153,2017-12-19T05:27:07.66,SELL,3.4e-07,90394.25830737
10278155,2017-12-19T05:27:08.05,BUY,3.5e-07,20000.0
10278156,2017-12-19T05:27:11.253,SELL,3.4e-07,312546.91816321
10278157,2017-12-19T05:27:11.253,SELL,3.4e-07,1466911.76470588
10278158,2017-12-19T05:27:11.253,SELL,3.4e-07,31085.79661765
10278159,2017-12-19T05:27:11.253,SELL,3.4e-07,838906.91757353
10278160,2017-12-19T05:27:11.253,SELL,3.4e-07,90723.88654412
10278161,2017-12-19T05:27:11.253,SELL,3.4e-07,4972.59617647
10278162,2017-12-19T05:27:11.253,SELL,3.4e-07,364444.0
10278163,2017-12-19T05:27:11.253,SELL,3.4e-07,5882.35294117
10278164,2017-12-19T05:27:11.253,SELL,3.4e-07,1588.02
10278165,2017-12-19T05:27:11.253,SELL,3.4e-07,150000.0
10278166,2017-12-19T05:27:11.253,SELL,3.4e-07,168668.4049626
10278167,2017-12-19T05:27:13.787,SELL,3.4e-07,3000.0
10278169,2017-12-19T05:27:16.537,SELL,3.4e-07,3000.0
10278170,2017-12-19T05:27:18.16,SELL,3.4e-07,3000.0
10278171,2017-12-19T05:27:19.88,SELL,3.4e-07,3000.0
10278172,2017-12-19T05:27:21.393,SELL,3.4e-07,3000.0
10278173,2017-12-19T05:27:22.957,SELL,3.4e-07,3000.0
10278174,2017-12-19T05:27:23.44,SELL,3.4e-07,6060.6060606
10278175,2017-12-19T05:27:24.55,SELL,3.4e-07,3000.0
10278177,2017-12-19T05:27:26.177,SELL,3.4e-07,3000.0
10278179,2017-12-19T05:27:28.13,SELL,3.4e-07,3000.0
10278180,2017-12-19T05:27:29.927,SELL,3.4e-07,3000.0
10278183,2017-12-19T05:27:35.893,SELL,3.4e-07,3000.0
10278185,2017-12-19T05:27:36.88,BUY,3.5e-07,2500.0
10278186,2017-12-19T05:27:37.58,SELL,3.4e-07,3000.0
10278187,2017-12-19T05:27:38.113,SELL,3.4e-07,7000.0
10278188,2017-12-19T05:27:38.223,SELL,3.4e-07,90723.88654412
10278189,2017-12-19T05:27:39.457,SELL,3.4e-07,3000.0
10278190,2017-12-19T05:27:39.94,SELL,3.4e-07,3000.0
10278192,2017-12-19T05:27:40.44,BUY,3.5e-07,21698.21625448
10278193,2017-12-19T05:27:40.737,SELL,3.4e-07,3000.0
10278194,2017-12-19T05:27:41.597,SELL,3.4e-07,269312.71780033
10278195,2017-12-19T05:27:41.597,SELL,3.4e-07,15358.24345588
10278196,2017-12-19T05:27:41.597,SELL,3.4e-07,5000.0
10278197,2017-12-19T05:27:41.597,SELL,3.4e-07,129088.23529412
10278198,2017-12-19T05:27:41.597,SELL,3.4e-07,113866.07947908
10278199,2017-12-19T05:27:42.347,SELL,3.4e-07,3000.0
10278200,2017-12-19T05:27:44.067,SELL,3.4e-07,3000.0
10278202,2017-12-19T05:27:45.957,SELL,3.4e-07,3000.0
10278203,2017-12-19T05:27:49.707,SELL,3.4e-07,3000.0
10278205,2017-12-19T05:27:51.457,SELL,3.4e-07,3000.0
10278206,2017-12-19T05:27:53.44,SELL,3.4e-07,3000.0
10278208,2017-12-19T05:27:54.237,SELL,3.4e-07,55614.22155033
10278209,2017-12-19T05:27:54.237,SELL,3.4e-07,6950.34529412
10278212,2017-12-19T05:28:06.72,BUY,3.4e-07,17132.088402
10278214,2017-12-19T05:28:07.113,BUY,3.4e-07,2000.0
10278216,2017-12-19T05:28:07.16,BUY,3.4e-07,20000.0
10278218,2017-12-19T05:28:15.08,BUY,3.4e-07,32000.0
10278222,2017-12-19T05:28:31.893,BUY,3.4e-07,16303.62668537
10278223,2017-12-19T05:28:36.393,SELL,3.4e-07,119453.0
10278229,2017-12-19T05:29:02.52,BUY,3.5e-07,17127.950932
10278231,2017-12-19T05:29:03.94,BUY,3.5e-07,17132.088402
10278234,2017-12-19T05:29:13.11,SELL,3.4e-07,6300.146864
10278235,2017-12-19T05:29:15.267,SELL,3.4e-07,2000.0
10278237,2017-12-19T05:29:18.86,BUY,3.5e-07,10000.0
10278239,2017-12-19T05:29:26.893,SELL,3.4e-07,6315.814
10278241,2017-12-19T05:29:28.627,BUY,3.5e-07,13312.749
10278243,2017-12-19T05:29:30.987,BUY,3.5e-07,3801.71207079
10278246,2017-12-19T05:29:41.627,SELL,3.4e-07,6315.814
10278249,2017-12-19T05:29:50.703,BUY,3.5e-07,38021.22920618
10278250,2017-12-19T05:29:50.877,SELL,3.4e-07,2004.0
10278252,2017-12-19T05:29:52.16,SELL,3.4e-07,32998.0
10278256,2017-12-19T05:30:03.55,BUY,3.5e-07,79403.030373
10278258,2017-12-19T05:30:04.173,BUY,3.5e-07,100000.0
10278260,2017-12-19T05:30:08.237,BUY,3.5e-07,20000.0
10278262,2017-12-19T05:30:12.173,BUY,3.5e-07,10864.3857517
10278264,2017-12-19T05:30:14.597,BUY,3.5e-07,5415.0
10278265,2017-12-19T05:30:14.737,SELL,3.4e-07,16306.374
10278268,2017-12-19T05:30:19.173,SELL,3.4e-07,6349.366762
10278270,2017-12-19T05:30:20.893,BUY,3.5e-07,16294.81309007
10278272,2017-12-19T05:30:22.8,SELL,3.4e-07,6349.366762
10278275,2017-12-19T05:30:27.283,BUY,3.5e-07,16016.886
10278277,2017-12-19T05:30:33.783,BUY,3.5e-07,5015.00100299
10278279,2017-12-19T05:30:36.14,SELL,3.4e-07,6349.366762
10278281,2017-12-19T05:30:43.58,BUY,3.5e-07,43452.83323521
10278282,2017-12-19T05:30:44.94,SELL,3.4e-07,6349.366762
10278284,2017-12-19T05:30:46.737,BUY,3.5e-07,21731.12439158
10278286,2017-12-19T05:30:51.923,SELL,3.4e-07,3000.0
10278287,2017-12-19T05:30:53.877,SELL,3.4e-07,3000.0
10278288,2017-12-19T05:30:53.89,SELL,3.4e-07,6349.366762
10278290,2017-12-19T05:31:00.923,SELL,3.4e-07,6349.366762
10278294,2017-12-19T05:31:05.297,SELL,3.4e-07,41289.37681981
10278295,2017-12-19T05:31:05.297,SELL,3.4e-07,8818.60411765
10278296,2017-12-19T05:31:05.297,SELL,3.4e-07,119892.01906254
10278298,2017-12-19T05:31:09.297,SELL,3.4e-07,4512.943105
10278302,2017-12-19T05:31:21.407,SELL,3.4e-07,6349.366762
10278305,2017-12-19T05:31:34.483,SELL,3.4e-07,6349.366762
10278306,2017-12-19T05:31:37.983,SELL,3.4e-07,165864.0
10278307,2017-12-19T05:31:38.157,SELL,3.4e-07,6349.366762
10278309,2017-12-19T05:31:41.5,SELL,3.4e-07,9106.1028
10278310,2017-12-19T05:31:41.75,SELL,3.4e-07,6349.366762
10278311,2017-12-19T05:31:41.983,SELL,3.4e-07,9866.7941
10278314,2017-12-19T05:31:48.407,SELL,3.4e-07,6350.359005
10278316,2017-12-19T05:31:50.72,BUY,3.5e-07,358224.594
10278318,2017-12-19T05:31:54.907,SELL,3.4e-07,6350.359005
10278320,2017-12-19T05:31:56.58,BUY,3.5e-07,6800.0
10278321,2017-12-19T05:31:58.5,SELL,3.4e-07,6350.359005
10278323,2017-12-19T05:32:07.017,SELL,3.4e-07,6350.359005
10278325,2017-12-19T05:32:07.22,BUY,3.5e-07,100000.0
10278327,2017-12-19T05:32:07.687,BUY,3.5e-07,400000.0
10278329,2017-12-19T05:32:08.67,BUY,3.5e-07,182868.07634735
10278330,2017-12-19T05:32:08.67,BUY,3.5e-07,74155.08143965
10278331,2017-12-19T05:32:10.47,SELL,3.4e-07,22333.193379
10278332,2017-12-19T05:32:10.657,SELL,3.4e-07,6350.359005
10278334,2017-12-19T05:32:11.297,BUY,3.5e-07,20000.0
10278336,2017-12-19T05:32:11.953,BUY,3.5e-07,11481.10738388
10278337,2017-12-19T05:32:11.953,BUY,3.5e-07,8518.89261612
10278339,2017-12-19T05:32:13.517,BUY,3.5e-07,8528.67576623
10278340,2017-12-19T05:32:13.517,BUY,3.5e-07,11471.32423377
10278342,2017-12-19T05:32:14.047,BUY,3.5e-07,21220.245
10278344,2017-12-19T05:32:27.39,SELL,3.4e-07,6350.359005
10278346,2017-12-19T05:32:28.983,BUY,3.5e-07,1813.46324977
10278348,2017-12-19T05:32:31.827,SELL,3.4e-07,6350.359005
10278351,2017-12-19T05:32:39.593,SELL,3.4e-07,2500.0
10278353,2017-12-19T05:32:48.547,SELL,3.4e-07,6316.795784
10278354,2017-12-19T05:32:52.14,SELL,3.4e-07,6316.795784
10278355,2017-12-19T05:32:55.72,SELL,3.4e-07,6316.795784
10278356,2017-12-19T05:33:05.53,SELL,3.4e-07,6316.795784
10278357,2017-12-19T05:33:16.14,SELL,3.4e-07,6317.777872
10278358,2017-12-19T05:33:16.86,SELL,3.4e-07,2874.8850046
10278360,2017-12-19T05:33:17.187,SELL,3.4e-07,2092.0
10278361,2017-12-19T05:33:17.593,SELL,3.4e-07,5000.0
10278364,2017-12-19T05:33:23.297,SELL,3.4e-07,58008.68281053
10278365,2017-12-19T05:33:24.343,SELL,3.4e-07,4476.0
10278371,2017-12-19T05:33:31.407,BUY,3.5e-07,5425.72858063
10278376,2017-12-19T05:33:37.61,SELL,3.4e-07,4372.17240195
10278377,2017-12-19T05:33:43.593,SELL,3.4e-07,23213.74786303
10278378,2017-12-19T05:33:43.593,SELL,3.4e-07,62.51864009
10278379,2017-12-19T05:33:46.53,SELL,3.4e-07,10000.0
10278382,2017-12-19T05:33:55.03,SELL,3.4e-07,9398.93125
10278385,2017-12-19T05:33:58.827,SELL,3.4e-07,30367.68635
10278388,2017-12-19T05:34:10.75,SELL,3.4e-07,45832.21867279
10278389,2017-12-19T05:34:13.107,SELL,3.4e-07,4712.85730647
10278391,2017-12-19T05:34:14.483,BUY,3.5e-07,3180.77820054
10278392,2017-12-19T05:34:14.483,BUY,3.5e-07,2746.37185095
10278393,2017-12-19T05:34:14.483,BUY,3.5e-07,4938.4126458
10278396,2017-12-19T05:34:21.077,SELL,3.4e-07,322000.0
10278398,2017-12-19T05:34:28.903,SELL,3.4e-07,187301.30136475
10278399,2017-12-19T05:34:30.937,SELL,3.4e-07,57725.06758065
10278401,2017-12-19T05:34:31.153,BUY,3.5e-07,22737.5873542
10278402,2017-12-19T05:34:31.153,BUY,3.5e-07,5000.0
10278403,2017-12-19T05:34:31.153,BUY,3.5e-07,30750.0
10278404,2017-12-19T05:34:31.153,BUY,3.5e-07,3350.0
10278405,2017-12-19T05:34:31.17,BUY,3.5e-07,5065.8206458
10278414,2017-12-19T05:34:38.483,BUY,3.5e-07,3735.64994244
10278415,2017-12-19T05:34:38.483,BUY,3.5e-07,1264.35005756
10278419,2017-12-19T05:34:47.25,BUY,3.5e-07,6475.88721517
10278420,2017-12-19T05:34:47.25,BUY,3.5e-07,13524.11278483
10278429,2017-12-19T05:35:20.98,SELL,3.4e-07,121212.12121212
10278435,2017-12-19T05:35:32.013,BUY,3.5e-07,5466.55812426
10278436,2017-12-19T05:35:32.013,BUY,3.5e-07,4533.44187574
10278438,2017-12-19T05:35:35.78,SELL,3.4e-07,25000.0
10278439,2017-12-19T05:35:38.933,SELL,3.4e-07,14148.8339791
10278452,2017-12-19T05:36:02.17,BUY,3.5e-07,17161.960857
10278454,2017-12-19T05:36:02.81,BUY,3.5e-07,1995.0
10278457,2017-12-19T05:36:03.543,SELL,3.4e-07,2780.46421663
10278460,2017-12-19T05:36:06.433,BUY,3.5e-07,17150.0
10278461,2017-12-19T05:36:10.45,SELL,3.4e-07,3000.0
10278465,2017-12-19T05:36:24.95,SELL,3.4e-07,28578.25814587
10278468,2017-12-19T05:36:28.793,BUY,3.5e-07,5801.70677542
10278469,2017-12-19T05:36:30.31,SELL,3.4e-07,110528.66384118
10278476,2017-12-19T05:36:44.637,SELL,3.4e-07,27351.07744035
10278477,2017-12-19T05:36:44.637,SELL,3.4e-07,604419.72130965
10278484,2017-12-19T05:37:02.387,BUY,3.5e-07,1911.6375
10278486,2017-12-19T05:37:04.903,SELL,3.4e-07,8129.4185471
10278487,2017-12-19T05:37:06.09,SELL,3.4e-07,317308.72080721
10278488,2017-12-19T05:37:06.293,SELL,3.4e-07,7230.36773428
10278491,2017-12-19T05:37:21.23,SELL,3.4e-07,12265.055
10278494,2017-12-19T05:37:24.417,BUY,3.5e-07,1446.25299184
10278495,2017-12-19T05:37:24.417,BUY,3.5e-07,271.45715401
10278497,2017-12-19T05:37:26.997,BUY,3.5e-07,10837.21424706
10278504,2017-12-19T05:37:42.417,SELL,3.4e-07,2000.0
10278505,2017-12-19T05:37:44.497,SELL,3.4e-07,15000.0
10278510,2017-12-19T05:38:03.887,BUY,3.5e-07,4546.57723529
10278511,2017-12-19T05:38:03.887,BUY,3.5e-07,14396.55172414
10278512,2017-12-19T05:38:03.887,BUY,3.5e-07,1056.87104057
10278513,2017-12-19T05:38:11.713,SELL,3.4e-07,3000.0
10278515,2017-12-19T05:38:13.497,BUY,3.5e-07,1886.244
10278518,2017-12-19T05:38:17.807,BUY,3.5e-07,87.18798973
10278519,2017-12-19T05:38:17.807,BUY,3.5e-07,11854.62551027
10278527,2017-12-19T05:38:37.417,BUY,3.5e-07,3000.0
10278530,2017-12-19T05:38:45.2,BUY,3.5e-07,22975.617
10278533,2017-12-19T05:38:51.62,BUY,3.5e-07,1830.35748973
10278534,2017-12-19T05:38:51.62,BUY,3.5e-07,20000.0
10278535,2017-12-19T05:38:51.62,BUY,3.5e-07,4500.0
10278536,2017-12-19T05:38:51.62,BUY,3.5e-07,2864.28571429
10278537,2017-12-19T05:38:51.62,BUY,3.5e-07,1870.3125
10278538,2017-12-19T05:38:51.62,BUY,3.5e-07,23151.26151519
10278539,2017-12-19T05:38:56.243,SELL,3.4e-07,26000.0
10278541,2017-12-19T05:38:58.137,BUY,3.5e-07,16264.86586786
10278550,2017-12-19T05:39:12.87,BUY,3.5e-07,80475.04972632
10278551,2017-12-19T05:39:12.87,BUY,3.5e-07,6500.0
10278552,2017-12-19T05:39:12.87,BUY,3.5e-07,70000.0
10278553,2017-12-19T05:39:12.87,BUY,3.5e-07,4086.80077368
10278555,2017-12-19T05:39:14.48,SELL,3.4e-07,30000.65433824
10278556,2017-12-19T05:39:16.323,SELL,3.4e-07,107846.31432234
10278557,2017-12-19T05:39:16.323,SELL,3.4e-07,10736.24201703
10278559,2017-12-19T05:39:16.34,BUY,3.5e-07,15180.54154354
10278561,2017-12-19T05:39:24.603,SELL,3.4e-07,1600.0
10278566,2017-12-19T05:39:31.76,SELL,3.4e-07,12492.71625
10278567,2017-12-19T05:39:34.603,SELL,3.4e-07,7000.0
10278570,2017-12-19T05:39:45.277,SELL,3.4e-07,554935.74761532
10278571,2017-12-19T05:39:45.277,SELL,3.4e-07,2141.69117647
10278572,2017-12-19T05:39:45.277,SELL,3.4e-07,8924.19242647
10278573,2017-12-19T05:39:45.277,SELL,3.4e-07,11206.79514706
10278574,2017-12-19T05:39:45.277,SELL,3.4e-07,10000.0
10278575,2017-12-19T05:39:45.277,SELL,3.4e-07,7000.0
10278576,2017-12-19T05:39:45.277,SELL,3.4e-07,293382.35294118
10278577,2017-12-19T05:39:45.277,SELL,3.4e-07,1900.0
10278578,2017-12-19T05:39:45.277,SELL,3.4e-07,10000.0
10278579,2017-12-19T05:39:45.277,SELL,3.4e-07,2933.82352941
10278580,2017-12-19T05:39:45.277,SELL,3.4e-07,5000.0
10278581,2017-12-19T05:39:45.277,SELL,3.4e-07,60459.14977941
10278582,2017-12-19T05:39:45.277,SELL,3.4e-07,32116.24738468
10278584,2017-12-19T05:39:49.633,BUY,3.5e-07,21684.14325789
10278586,2017-12-19T05:40:04.87,BUY,3.5e-07,1710.0
10278594,2017-12-19T05:40:34.447,SELL,3.4e-07,1600.0
10278597,2017-12-19T05:40:37.947,SELL,3.4e-07,52000.0
10278598,2017-12-19T05:40:41.01,SELL,3.4e-07,18536.148
10278601,2017-12-19T05:40:53.463,SELL,3.4e-07,16780.360625
10278604,2017-12-19T05:40:59.947,SELL,3.4e-07,216101.82457856
10278605,2017-12-19T05:40:59.947,SELL,3.4e-07,2000.0
10278606,2017-12-19T05:40:59.947,SELL,3.4e-07,171695.63865673
10278610,2017-12-19T05:41:03.133,BUY,3.5e-07,4275.0
10278616,2017-12-19T05:41:22.96,BUY,3.5e-07,1951.57380593
10278625,2017-12-19T05:41:48.413,BUY,3.5e-07,34543.53886896
10278626,2017-12-19T05:41:48.413,BUY,3.5e-07,109325.34539062
10278627,2017-12-19T05:41:48.413,BUY,3.5e-07,10227.27272727
10278628,2017-12-19T05:41:48.413,BUY,3.5e-07,69754.98753117
10278629,2017-12-19T05:41:48.413,BUY,3.5e-07,18417.0
10278630,2017-12-19T05:41:48.413,BUY,3.5e-07,9351.5625
10278631,2017-12-19T05:41:48.413,BUY,3.5e-07,3000.0
10278632,2017-12-19T05:41:48.413,BUY,3.5e-07,10000.0
10278633,2017-12-19T05:41:48.413,BUY,3.5e-07,11188.42941176
10278634,2017-12-19T05:41:48.413,BUY,3.5e-07,1000000.0
10278635,2017-12-19T05:41:48.413,BUY,3.5e-07,2405.80557022
10278640,2017-12-19T05:41:59.273,BUY,3.5e-07,25017.7275
10278643,2017-12-19T05:42:04.32,BUY,3.5e-07,8069.775
10278646,2017-12-19T05:42:14.727,SELL,3.4e-07,108000.0
10278399,2017-12-19T05:34:30.937,SELL,3.4e-07,57725.06758065
10278401,2017-12-19T05:34:31.153,BUY,3.5e-07,22737.5873542
10278402,2017-12-19T05:34:31.153,BUY,3.5e-07,5000.0
10278403,2017-12-19T05:34:31.153,BUY,3.5e-07,30750.0
10278404,2017-12-19T05:34:31.153,BUY,3.5e-07,3350.0
10278405,2017-12-19T05:34:31.17,BUY,3.5e-07,5065.8206458
10278414,2017-12-19T05:34:38.483,BUY,3.5e-07,3735.64994244
10278415,2017-12-19T05:34:38.483,BUY,3.5e-07,1264.35005756
10278419,2017-12-19T05:34:47.25,BUY,3.5e-07,6475.88721517
10278420,2017-12-19T05:34:47.25,BUY,3.5e-07,13524.11278483
10278429,2017-12-19T05:35:20.98,SELL,3.4e-07,121212.12121212
10278435,2017-12-19T05:35:32.013,BUY,3.5e-07,5466.55812426
10278436,2017-12-19T05:35:32.013,BUY,3.5e-07,4533.44187574
10278438,2017-12-19T05:35:35.78,SELL,3.4e-07,25000.0
10278439,2017-12-19T05:35:38.933,SELL,3.4e-07,14148.8339791
10278452,2017-12-19T05:36:02.17,BUY,3.5e-07,17161.960857
10278454,2017-12-19T05:36:02.81,BUY,3.5e-07,1995.0
10278457,2017-12-19T05:36:03.543,SELL,3.4e-07,2780.46421663
10278460,2017-12-19T05:36:06.433,BUY,3.5e-07,17150.0
10278461,2017-12-19T05:36:10.45,SELL,3.4e-07,3000.0
10278465,2017-12-19T05:36:24.95,SELL,3.4e-07,28578.25814587
10278468,2017-12-19T05:36:28.793,BUY,3.5e-07,5801.70677542
10278469,2017-12-19T05:36:30.31,SELL,3.4e-07,110528.66384118
10278476,2017-12-19T05:36:44.637,SELL,3.4e-07,27351.07744035
10278477,2017-12-19T05:36:44.637,SELL,3.4e-07,604419.72130965
10278484,2017-12-19T05:37:02.387,BUY,3.5e-07,1911.6375
10278486,2017-12-19T05:37:04.903,SELL,3.4e-07,8129.4185471
10278487,2017-12-19T05:37:06.09,SELL,3.4e-07,317308.72080721
10278488,2017-12-19T05:37:06.293,SELL,3.4e-07,7230.36773428
10278491,2017-12-19T05:37:21.23,SELL,3.4e-07,12265.055
10278494,2017-12-19T05:37:24.417,BUY,3.5e-07,1446.25299184
10278495,2017-12-19T05:37:24.417,BUY,3.5e-07,271.45715401
10278497,2017-12-19T05:37:26.997,BUY,3.5e-07,10837.21424706
10278504,2017-12-19T05:37:42.417,SELL,3.4e-07,2000.0
10278505,2017-12-19T05:37:44.497,SELL,3.4e-07,15000.0
10278510,2017-12-19T05:38:03.887,BUY,3.5e-07,4546.57723529
10278511,2017-12-19T05:38:03.887,BUY,3.5e-07,14396.55172414
10278512,2017-12-19T05:38:03.887,BUY,3.5e-07,1056.87104057
10278513,2017-12-19T05:38:11.713,SELL,3.4e-07,3000.0
10278515,2017-12-19T05:38:13.497,BUY,3.5e-07,1886.244
10278518,2017-12-19T05:38:17.807,BUY,3.5e-07,87.18798973
10278519,2017-12-19T05:38:17.807,BUY,3.5e-07,11854.62551027
10278527,2017-12-19T05:38:37.417,BUY,3.5e-07,3000.0
10278530,2017-12-19T05:38:45.2,BUY,3.5e-07,22975.617
10278533,2017-12-19T05:38:51.62,BUY,3.5e-07,1830.35748973
10278534,2017-12-19T05:38:51.62,BUY,3.5e-07,20000.0
10278535,2017-12-19T05:38:51.62,BUY,3.5e-07,4500.0
10278536,2017-12-19T05:38:51.62,BUY,3.5e-07,2864.28571429
10278537,2017-12-19T05:38:51.62,BUY,3.5e-07,1870.3125
10278538,2017-12-19T05:38:51.62,BUY,3.5e-07,23151.26151519
10278539,2017-12-19T05:38:56.243,SELL,3.4e-07,26000.0
10278541,2017-12-19T05:38:58.137,BUY,3.5e-07,16264.86586786
10278550,2017-12-19T05:39:12.87,BUY,3.5e-07,80475.04972632
10278551,2017-12-19T05:39:12.87,BUY,3.5e-07,6500.0
10278552,2017-12-19T05:39:12.87,BUY,3.5e-07,70000.0
10278553,2017-12-19T05:39:12.87,BUY,3.5e-07,4086.80077368
10278555,2017-12-19T05:39:14.48,SELL,3.4e-07,30000.65433824
10278556,2017-12-19T05:39:16.323,SELL,3.4e-07,107846.31432234
10278557,2017-12-19T05:39:16.323,SELL,3.4e-07,10736.24201703
10278559,2017-12-19T05:39:16.34,BUY,3.5e-07,15180.54154354
10278561,2017-12-19T05:39:24.603,SELL,3.4e-07,1600.0
10278566,2017-12-19T05:39:31.76,SELL,3.4e-07,12492.71625
10278567,2017-12-19T05:39:34.603,SELL,3.4e-07,7000.0
10278570,2017-12-19T05:39:45.277,SELL,3.4e-07,554935.74761532
10278571,2017-12-19T05:39:45.277,SELL,3.4e-07,2141.69117647
10278572,2017-12-19T05:39:45.277,SELL,3.4e-07,8924.19242647
10278573,2017-12-19T05:39:45.277,SELL,3.4e-07,11206.79514706
10278574,2017-12-19T05:39:45.277,SELL,3.4e-07,10000.0
10278575,2017-12-19T05:39:45.277,SELL,3.4e-07,7000.0
10278576,2017-12-19T05:39:45.277,SELL,3.4e-07,293382.35294118
10278577,2017-12-19T05:39:45.277,SELL,3.4e-07,1900.0
10278578,2017-12-19T05:39:45.277,SELL,3.4e-07,10000.0
10278579,2017-12-19T05:39:45.277,SELL,3.4e-07,2933.82352941
10278580,2017-12-19T05:39:45.277,SELL,3.4e-07,5000.0
10278581,2017-12-19T05:39:45.277,SELL,3.4e-07,60459.14977941
10278582,2017-12-19T05:39:45.277,SELL,3.4e-07,32116.24738468
10278584,2017-12-19T05:39:49.633,BUY,3.5e-07,21684.14325789
10278586,2017-12-19T05:40:04.87,BUY,3.5e-07,1710.0
10278594,2017-12-19T05:40:34.447,SELL,3.4e-07,1600.0
10278597,2017-12-19T05:40:37.947,SELL,3.4e-07,52000.0
10278598,2017-12-19T05:40:41.01,SELL,3.4e-07,18536.148
10278601,2017-12-19T05:40:53.463,SELL,3.4e-07,16780.360625
10278604,2017-12-19T05:40:59.947,SELL,3.4e-07,216101.82457856
10278605,2017-12-19T05:40:59.947,SELL,3.4e-07,2000.0
10278606,2017-12-19T05:40:59.947,SELL,3.4e-07,171695.63865673
10278610,2017-12-19T05:41:03.133,BUY,3.5e-07,4275.0
10278616,2017-12-19T05:41:22.96,BUY,3.5e-07,1951.57380593
10278625,2017-12-19T05:41:48.413,BUY,3.5e-07,34543.53886896
10278626,2017-12-19T05:41:48.413,BUY,3.5e-07,109325.34539062
10278627,2017-12-19T05:41:48.413,BUY,3.5e-07,10227.27272727
10278628,2017-12-19T05:41:48.413,BUY,3.5e-07,69754.98753117
10278629,2017-12-19T05:41:48.413,BUY,3.5e-07,18417.0
10278630,2017-12-19T05:41:48.413,BUY,3.5e-07,9351.5625
10278631,2017-12-19T05:41:48.413,BUY,3.5e-07,3000.0
10278632,2017-12-19T05:41:48.413,BUY,3.5e-07,10000.0
10278633,2017-12-19T05:41:48.413,BUY,3.5e-07,11188.42941176
10278634,2017-12-19T05:41:48.413,BUY,3.5e-07,1000000.0
10278635,2017-12-19T05:41:48.413,BUY,3.5e-07,2405.80557022
10278640,2017-12-19T05:41:59.273,BUY,3.5e-07,25017.7275
10278643,2017-12-19T05:42:04.32,BUY,3.5e-07,8069.775
10278646,2017-12-19T05:42:14.727,SELL,3.4e-07,108000.0
10278649,2017-12-19T05:42:27.697,SELL,3.4e-07,3822.02729839
10278662,2017-12-19T05:43:21.257,SELL,3.4e-07,6103.253625
10278670,2017-12-19T05:43:37.523,BUY,3.5e-07,2000.0
10278686,2017-12-19T05:44:34.88,SELL,3.4e-07,5000.0
10278689,2017-12-19T05:44:35.71,BUY,3.5e-07,133.43367373
10278690,2017-12-19T05:44:35.71,BUY,3.5e-07,1822.72727273
10278691,2017-12-19T05:44:35.71,BUY,3.5e-07,5000.0
10278692,2017-12-19T05:44:35.71,BUY,3.5e-07,2500.0
10278693,2017-12-19T05:44:35.71,BUY,3.5e-07,266.68934501
10278694,2017-12-19T05:44:36.193,SELL,3.4e-07,2990.5
10278695,2017-12-19T05:44:39.333,SELL,3.4e-07,3999.9998
10278697,2017-12-19T05:44:40.507,BUY,3.5e-07,9733.31065499
10278698,2017-12-19T05:44:40.507,BUY,3.5e-07,1700.0
10278699,2017-12-19T05:44:40.507,BUY,3.5e-07,3264.31875
10278700,2017-12-19T05:44:40.507,BUY,3.5e-07,17002.37059501
10278702,2017-12-19T05:44:42.77,BUY,3.5e-07,54145.97379504
10278704,2017-12-19T05:44:42.99,BUY,3.5e-07,28851.65560995
10278705,2017-12-19T05:44:42.99,BUY,3.5e-07,4754.58375
10278706,2017-12-19T05:44:42.99,BUY,3.5e-07,2144.81203125
10278707,2017-12-19T05:44:42.99,BUY,3.5e-07,40000.0
10278708,2017-12-19T05:44:43.007,BUY,3.5e-07,1826.18779412
10278709,2017-12-19T05:44:43.007,BUY,3.5e-07,22422.76081468
10278714,2017-12-19T05:44:49.443,BUY,3.5e-07,42750.057
10278719,2017-12-19T05:44:55.99,BUY,3.5e-07,34827.18218532
10278720,2017-12-19T05:44:55.99,BUY,3.5e-07,35676.7660438
10278723,2017-12-19T05:44:56.473,BUY,3.5e-07,8344.1392062
10278724,2017-12-19T05:44:56.473,BUY,3.5e-07,1600.0
10278725,2017-12-19T05:44:56.473,BUY,3.5e-07,21623.44227273
10278726,2017-12-19T05:44:56.473,BUY,3.5e-07,7996.60544118
10278727,2017-12-19T05:44:56.473,BUY,3.5e-07,7332.27960938
10278728,2017-12-19T05:44:56.473,BUY,3.5e-07,12500.0
10278729,2017-12-19T05:44:56.473,BUY,3.5e-07,2080143.79147051
10278735,2017-12-19T05:45:28.52,BUY,3.5e-07,9999.0
10278739,2017-12-19T05:45:38.99,BUY,3.5e-07,56823.79443858
10278740,2017-12-19T05:45:38.99,BUY,3.5e-07,1649.27416708
10278741,2017-12-19T05:45:38.99,BUY,3.5e-07,12556.19923729
10278742,2017-12-19T05:45:38.99,BUY,3.5e-07,2812.12315705
10278750,2017-12-19T05:46:07.723,SELL,3.4e-07,58279.20954545
10278756,2017-12-19T05:46:27.71,SELL,3.4e-07,574230.87384881
10278757,2017-12-19T05:46:27.71,SELL,3.4e-07,2000.0
10278758,2017-12-19T05:46:27.71,SELL,3.4e-07,7500.0
10278759,2017-12-19T05:46:27.71,SELL,3.4e-07,100000.0
10278760,2017-12-19T05:46:27.71,SELL,3.4e-07,281038.93588235
10278761,2017-12-19T05:46:27.71,SELL,3.4e-07,1035230.19026884
10278764,2017-12-19T05:46:35.38,SELL,3.4e-07,17524.66676471
10278765,2017-12-19T05:46:44.177,SELL,3.4e-07,1621.69117647
10278768,2017-12-19T05:46:48.88,BUY,3.5e-07,2707.29964259
10278776,2017-12-19T05:47:05.647,BUY,3.5e-07,5845.0
10278784,2017-12-19T05:47:34.223,BUY,3.5e-07,60002.0
10278787,2017-12-19T05:47:43.77,SELL,3.4e-07,4559.64230456
10278793,2017-12-19T05:48:02.63,BUY,3.5e-07,14250.08906306
10278795,2017-12-19T05:48:04.067,BUY,3.5e-07,2166.07378131
10278803,2017-12-19T05:48:12.787,SELL,3.4e-07,7688.4429893
10278805,2017-12-19T05:48:16.88,BUY,3.5e-07,306714.2355
10278809,2017-12-19T05:48:22.613,SELL,3.4e-07,112724.6155
10278812,2017-12-19T05:48:29.49,BUY,3.5e-07,46717.86778587
10278819,2017-12-19T05:48:51.49,BUY,3.5e-07,12500.0
10278823,2017-12-19T05:49:00.317,BUY,3.5e-07,8913.20370799
10278825,2017-12-19T05:49:20.677,SELL,3.4e-07,5465.69161765
10278834,2017-12-19T05:49:43.113,BUY,3.5e-07,2165.37233287
10278836,2017-12-19T05:49:46.113,BUY,3.5e-07,9999.0
10278841,2017-12-19T05:49:51.957,BUY,3.5e-07,2400.042
10278843,2017-12-19T05:49:57.723,SELL,3.4e-07,18251.50574922
10278846,2017-12-19T05:50:31.8,SELL,3.4e-07,33925.723125
10278848,2017-12-19T05:50:32.723,BUY,3.5e-07,32484.07743611
10278850,2017-12-19T05:50:34.113,SELL,3.4e-07,20324.8896752
10278851,2017-12-19T05:50:36.223,SELL,3.4e-07,1081895.24
10278855,2017-12-19T05:50:52.63,BUY,3.5e-07,29494.40410878
10278856,2017-12-19T05:50:52.63,BUY,3.5e-07,437.00839122
10278858,2017-12-19T05:50:54.177,BUY,3.5e-07,9840.99243066
10278859,2017-12-19T05:50:54.177,BUY,3.5e-07,11675.79984375
10278860,2017-12-19T05:50:54.177,BUY,3.5e-07,7718.96148065
10278861,2017-12-19T05:50:54.177,BUY,3.5e-07,20639.24624494
10278864,2017-12-19T05:50:58.58,SELL,3.4e-07,211484.14672564
10278867,2017-12-19T05:51:05.097,SELL,3.4e-07,13815.51979535
10278869,2017-12-19T05:51:07.393,BUY,3.5e-07,16782.06845588
10278872,2017-12-19T05:51:17.63,BUY,3.5e-07,50001.0
10278877,2017-12-19T05:51:33.283,BUY,3.5e-07,2785.02
10278879,2017-12-19T05:51:40.27,SELL,3.4e-07,40979.352
10278887,2017-12-19T05:51:58.3,SELL,3.4e-07,15000.0
10278891,2017-12-19T05:52:03.47,SELL,3.4e-07,24938.946375
10278899,2017-12-19T05:52:16.737,BUY,3.5e-07,12377.8635
10278903,2017-12-19T05:52:28.05,BUY,3.5e-07,4948.70486368
10278916,2017-12-19T05:53:02.83,BUY,3.5e-07,9421.5585
10278920,2017-12-19T05:53:14.05,SELL,3.4e-07,160887.09677419
10278923,2017-12-19T05:53:17.77,SELL,3.4e-07,47500.0
10278924,2017-12-19T05:53:17.8,SELL,3.4e-07,23750.0
10278928,2017-12-19T05:53:20.69,BUY,3.5e-07,5777.9482732
10278929,2017-12-19T05:53:28.66,SELL,3.4e-07,12371.11830802
10278931,2017-12-19T05:53:28.77,BUY,3.5e-07,75240.0
10278932,2017-12-19T05:53:29.66,SELL,3.4e-07,10000.0
10278933,2017-12-19T05:53:30.66,SELL,3.4e-07,3495.999
10278934,2017-12-19T05:53:32.673,SELL,3.4e-07,2280.0
10278935,2017-12-19T05:53:34.393,SELL,3.4e-07,5611.90861152
10278937,2017-12-19T05:53:38.957,BUY,3.5e-07,42750.0
10278939,2017-12-19T05:53:40.91,BUY,3.5e-07,1626.31167212
10278942,2017-12-19T05:53:41.423,BUY,3.5e-07,280536.614299
10278943,2017-12-19T05:53:41.423,BUY,3.5e-07,3685.11895161
10278944,2017-12-19T05:53:41.423,BUY,3.5e-07,20000.0
10278945,2017-12-19T05:53:41.423,BUY,3.5e-07,1750.0
10278946,2017-12-19T05:53:41.423,BUY,3.5e-07,18448.42795454
10278947,2017-12-19T05:53:41.423,BUY,3.5e-07,10000.0
10278948,2017-12-19T05:53:41.423,BUY,3.5e-07,75568.18181818
10278949,2017-12-19T05:53:41.423,BUY,3.5e-07,5000.0
10278950,2017-12-19T05:53:41.423,BUY,3.5e-07,2065.0
10278951,2017-12-19T05:53:41.423,BUY,3.5e-07,14270.6
10278952,2017-12-19T05:53:41.423,BUY,3.5e-07,70000.0
10278953,2017-12-19T05:53:41.423,BUY,3.5e-07,6403.79414063
10278954,2017-12-19T05:53:41.423,BUY,3.5e-07,3001.0
10278955,2017-12-19T05:53:41.423,BUY,3.5e-07,4825.24162064
10278956,2017-12-19T05:53:41.423,BUY,3.5e-07,1864.8725
10278957,2017-12-19T05:53:41.423,BUY,3.5e-07,5000.0
10278958,2017-12-19T05:53:41.44,BUY,3.5e-07,3300.6690212
10278959,2017-12-19T05:53:41.44,BUY,3.5e-07,300000.0
10278960,2017-12-19T05:53:41.44,BUY,3.5e-07,1673.4340619
10278961,2017-12-19T05:53:41.44,BUY,3.5e-07,20000.0
10278962,2017-12-19T05:53:41.44,BUY,3.5e-07,90289.25659091
10278963,2017-12-19T05:53:41.44,BUY,3.5e-07,1679.88351562
10278964,2017-12-19T05:53:41.44,BUY,3.5e-07,1700.0
10278965,2017-12-19T05:53:41.44,BUY,3.5e-07,22524.19354839
10278966,2017-12-19T05:53:41.44,BUY,3.5e-07,2493.75
10278967,2017-12-19T05:53:41.44,BUY,3.5e-07,7003.0
10278968,2017-12-19T05:53:41.44,BUY,3.5e-07,14669.11764706
10278969,2017-12-19T05:53:41.44,BUY,3.5e-07,2000.0
10278970,2017-12-19T05:53:41.44,BUY,3.5e-07,50000.0
10278971,2017-12-19T05:53:41.44,BUY,3.5e-07,23579.26091311
10278972,2017-12-19T05:53:41.44,BUY,3.5e-07,1699.0
10278973,2017-12-19T05:53:41.44,BUY,3.5e-07,6000.0
10278974,2017-12-19T05:53:41.44,BUY,3.5e-07,10000.0
10278975,2017-12-19T05:53:41.44,BUY,3.5e-07,2933.82352941
10278976,2017-12-19T05:53:41.44,BUY,3.5e-07,5997.0
10278977,2017-12-19T05:53:41.44,BUY,3.5e-07,6000.0
10278978,2017-12-19T05:53:41.44,BUY,3.5e-07,182156.2696959
10278979,2017-12-19T05:53:41.44,BUY,3.5e-07,25325.776875
10278980,2017-12-19T05:53:41.44,BUY,3.5e-07,10000.0
10278981,2017-12-19T05:53:41.44,BUY,3.5e-07,21106.16295455
10278982,2017-12-19T05:53:41.44,BUY,3.5e-07,30000.0
10278983,2017-12-19T05:53:41.44,BUY,3.5e-07,4303.91022727
10278984,2017-12-19T05:53:41.44,BUY,3.5e-07,5681.08522059
10278985,2017-12-19T05:53:41.44,BUY,3.5e-07,114551.55960938
10278986,2017-12-19T05:53:41.44,BUY,3.5e-07,7858.84055482
10278987,2017-12-19T05:53:41.44,BUY,3.5e-07,2000.0
10278988,2017-12-19T05:53:41.44,BUY,3.5e-07,10000.0
10278989,2017-12-19T05:53:41.44,BUY,3.5e-07,15777.0245495
10278990,2017-12-19T05:53:41.44,BUY,3.5e-07,5000.86725
10278991,2017-12-19T05:53:41.44,BUY,3.5e-07,12974.04609375
10278992,2017-12-19T05:53:41.44,BUY,3.5e-07,24158.96554668
10278993,2017-12-19T05:53:41.44,BUY,3.5e-07,47682.1
10278994,2017-12-19T05:53:41.44,BUY,3.5e-07,3929.12227273
10278995,2017-12-19T05:53:41.44,BUY,3.5e-07,50000.0
10278996,2017-12-19T05:53:41.44,BUY,3.5e-07,100000.0
10278997,2017-12-19T05:53:41.44,BUY,3.5e-07,5773973.16204545
10278998,2017-12-19T05:53:41.44,BUY,3.5e-07,180659.58272727
10278999,2017-12-19T05:53:41.457,BUY,3.5e-07,2971.44404383
10279000,2017-12-19T05:53:41.457,BUY,3.5e-07,51257.0
10279001,2017-12-19T05:53:41.457,BUY,3.5e-07,2043.73762586
10279002,2017-12-19T05:53:41.457,BUY,3.5e-07,28836.73296875
10279003,2017-12-19T05:53:41.457,BUY,3.5e-07,15000.0
10279004,2017-12-19T05:53:41.457,BUY,3.5e-07,10000.0
10279005,2017-12-19T05:53:41.457,BUY,3.5e-07,4121.88159091
10279006,2017-12-19T05:53:41.457,BUY,3.5e-07,2095.0
10279007,2017-12-19T05:53:41.457,BUY,3.5e-07,70812.95753556
10279012,2017-12-19T05:53:52.207,BUY,3.5e-07,10000.0
10279013,2017-12-19T05:53:52.627,SELL,3.4e-07,6383.6675
10279015,2017-12-19T05:53:52.69,BUY,3.5e-07,5000.0
10279018,2017-12-19T05:53:56.47,SELL,3.4e-07,1596059.7101511
10279019,2017-12-19T05:53:56.47,SELL,3.4e-07,12611.48051471
10279020,2017-12-19T05:53:56.47,SELL,3.4e-07,27871.32352941
10279021,2017-12-19T05:53:56.487,SELL,3.4e-07,363457.48580478
10279023,2017-12-19T05:54:00.283,BUY,3.5e-07,4985.505
10279026,2017-12-19T05:54:03.36,BUY,3.5e-07,1626.48748948
10279027,2017-12-19T05:54:08.987,SELL,3.4e-07,7636.67743438
10279034,2017-12-19T05:54:27.36,SELL,3.4e-07,5000.0
10279037,2017-12-19T05:54:36.173,SELL,3.4e-07,4175.81582418
10279038,2017-12-19T05:54:37.987,SELL,3.4e-07,449484.17189254
10279039,2017-12-19T05:54:37.987,SELL,3.4e-07,184393.82810746
10279042,2017-12-19T05:54:41.003,SELL,3.4e-07,8237.86918691
10279044,2017-12-19T05:54:47.08,SELL,3.4e-07,35551.11159091
10279046,2017-12-19T05:54:47.627,BUY,3.5e-07,5000.0
10279050,2017-12-19T05:54:50.66,BUY,3.5e-07,9999.0
10279057,2017-12-19T05:55:02.94,SELL,3.4e-07,16060.0
10279060,2017-12-19T05:55:06.3,BUY,3.5e-07,10000.0
10279062,2017-12-19T05:55:07.127,BUY,3.5e-07,9999.0
10279063,2017-12-19T05:55:07.923,SELL,3.4e-07,5000.0
10279064,2017-12-19T05:55:09.877,SELL,3.4e-07,22881.3228059
10279065,2017-12-19T05:55:09.877,SELL,3.4e-07,77115.6771941
10279067,2017-12-19T05:55:13.813,BUY,3.5e-07,61101.264
10279074,2017-12-19T05:55:27.267,BUY,3.5e-07,39900.0
10279077,2017-12-19T05:55:33.173,BUY,3.5e-07,2000.0
10279079,2017-12-19T05:55:33.923,BUY,3.5e-07,3868.134
10279080,2017-12-19T05:55:35.94,SELL,3.4e-07,22994.98137097
10279082,2017-12-19T05:55:36.47,BUY,3.5e-07,17023.1925
10279084,2017-12-19T05:55:39.16,SELL,3.4e-07,395444.73397059
10279090,2017-12-19T05:55:50.25,BUY,3.5e-07,4157.0955
10279095,2017-12-19T05:56:00.907,BUY,3.5e-07,6044.28
10279098,2017-12-19T05:56:10.597,SELL,3.4e-07,18472.22222222
10279103,2017-12-19T05:56:15.08,SELL,3.4e-07,90665.920504
10279104,2017-12-19T05:56:17.987,SELL,3.4e-07,162664.05981975
