65783727,2017-12-25T23:57:48.68,SELL,0.00518423,0.13299821
65783738,2017-12-25T23:57:50.227,SELL,0.00520015,1.005119
65783778,2017-12-25T23:57:55.93,BUY,0.00520208,2.13363415
65783779,2017-12-25T23:57:55.93,BUY,0.00520335,3.93014559
65783780,2017-12-25T23:57:55.947,BUY,0.00520762,0.42285052
65783781,2017-12-25T23:57:55.947,BUY,0.00520767,14.708
65783782,2017-12-25T23:57:55.947,BUY,0.00520768,5.98988775
65783783,2017-12-25T23:57:55.947,BUY,0.00520769,2.0
65783784,2017-12-25T23:57:55.947,BUY,0.00520769,4.00794759
65783785,2017-12-25T23:57:55.947,BUY,0.00520769,0.40141617
65783786,2017-12-25T23:57:55.947,BUY,0.00520769,1.3
65783787,2017-12-25T23:57:55.947,BUY,0.00520769,2.00138442
65783788,2017-12-25T23:57:55.947,BUY,0.00520769,1.51216442
65783789,2017-12-25T23:57:55.947,BUY,0.00520769,19.95
65783790,2017-12-25T23:57:55.947,BUY,0.00520769,0.39893777
65783791,2017-12-25T23:57:55.947,BUY,0.00520769,17.40078193
65783792,2017-12-25T23:57:55.947,BUY,0.00520769,2.74064216
65783793,2017-12-25T23:57:55.947,BUY,0.00520769,0.14
65783794,2017-12-25T23:57:55.947,BUY,0.00520769,6.01371126
65783795,2017-12-25T23:57:55.947,BUY,0.00520769,0.20018142
65783796,2017-12-25T23:57:55.947,BUY,0.00520769,1.14050038
65783827,2017-12-25T23:58:02.087,SELL,0.00520015,0.99255058
65783840,2017-12-25T23:58:04.913,SELL,0.00520015,0.65909262
65783897,2017-12-25T23:58:13.463,BUY,0.00520769,6.79348252
65783898,2017-12-25T23:58:13.463,BUY,0.00520769,5.94813347
65783899,2017-12-25T23:58:13.463,BUY,0.00520769,0.80328382
65783900,2017-12-25T23:58:13.463,BUY,0.00520769,1.56528256
65783901,2017-12-25T23:58:13.463,BUY,0.00520769,0.17716496
65783902,2017-12-25T23:58:13.463,BUY,0.00520769,10.09492774
65783903,2017-12-25T23:58:13.463,BUY,0.00520796,0.99990377
65783904,2017-12-25T23:58:13.463,BUY,0.00521,1.995
65783905,2017-12-25T23:58:13.463,BUY,0.00521,10.14063717
65783906,2017-12-25T23:58:13.463,BUY,0.00521161,0.5
65783910,2017-12-25T23:58:13.9,BUY,0.00521547,0.2070762
65783911,2017-12-25T23:58:13.9,BUY,0.00521652,0.154802
65783912,2017-12-25T23:58:13.9,BUY,0.00522,2.45
65783913,2017-12-25T23:58:13.9,BUY,0.00522732,0.19509071
65783914,2017-12-25T23:58:13.9,BUY,0.00522763,0.21422065
65783915,2017-12-25T23:58:13.9,BUY,0.00522763,0.21464193
65783916,2017-12-25T23:58:13.9,BUY,0.00522763,0.21414757
65783917,2017-12-25T23:58:13.9,BUY,0.00522848,0.157876
65783919,2017-12-25T23:58:14.07,SELL,0.00521161,1.000323
65783922,2017-12-25T23:58:14.383,SELL,0.00521161,10.0
65783961,2017-12-25T23:58:21.9,SELL,0.00521161,4.205762
65783986,2017-12-25T23:58:28.667,SELL,0.00521161,1.3e-07
65783987,2017-12-25T23:58:28.667,SELL,0.00520035,4.82850229
65783997,2017-12-25T23:58:30.87,SELL,0.00520035,6.32786082
65783998,2017-12-25T23:58:30.9,SELL,0.00520035,13.8464745
65784017,2017-12-25T23:58:34.743,BUY,0.00520035,2.30279249
65784035,2017-12-25T23:58:38.26,SELL,0.00520015,3.82003068
65784038,2017-12-25T23:58:38.667,SELL,0.00520015,0.90431781
65784039,2017-12-25T23:58:38.667,SELL,0.00520015,4.36126863
65784041,2017-12-25T23:58:38.697,SELL,0.00520015,4.16583056
65784050,2017-12-25T23:58:39.493,SELL,0.00520015,2.90693167
65784065,2017-12-25T23:58:42.667,SELL,0.00520015,2.68524917
65784101,2017-12-25T23:58:49.917,SELL,0.00519304,1.48836498
65784102,2017-12-25T23:58:49.917,SELL,0.00518423,1.23820308
65784133,2017-12-25T23:58:55.057,SELL,0.00518423,2.68950336
65784143,2017-12-25T23:58:56.62,SELL,0.00518423,0.90267004
65784151,2017-12-25T23:58:57.887,SELL,0.00518423,1.97720813
65784159,2017-12-25T23:58:59.23,SELL,0.00518423,0.79051383
65784168,2017-12-25T23:59:00.45,SELL,0.00518423,1.29859253
65784174,2017-12-25T23:59:01.043,SELL,0.00518423,0.23653243
65784177,2017-12-25T23:59:01.793,SELL,0.00518423,1.87420178
65784178,2017-12-25T23:59:01.793,SELL,0.00518423,1.19833528
65784182,2017-12-25T23:59:02.01,SELL,0.00518423,0.23618885
65784186,2017-12-25T23:59:02.887,SELL,0.00518423,6.02783811
65784222,2017-12-25T23:59:10.073,SELL,0.00516389,0.19762845
65784232,2017-12-25T23:59:10.7,SELL,0.00516389,1.7802932
65784236,2017-12-25T23:59:10.84,SELL,0.00516389,0.11821425
65784255,2017-12-25T23:59:14.247,SELL,0.00516389,0.50594976
65784263,2017-12-25T23:59:15.06,SELL,0.00516388,0.46994304
65784268,2017-12-25T23:59:15.59,SELL,0.00516388,1.57764358
65784277,2017-12-25T23:59:16.823,SELL,0.00511139,0.61448182
65784307,2017-12-25T23:59:22.247,BUY,0.00521161,1.94610457
65784308,2017-12-25T23:59:22.247,BUY,0.00521183,1.48836488
65784309,2017-12-25T23:59:22.247,BUY,0.00522898,0.61448182
65784310,2017-12-25T23:59:22.247,BUY,0.00522899,43.361
65784336,2017-12-25T23:59:24.777,SELL,0.00522899,77.6699
65784338,2017-12-25T23:59:25.09,SELL,0.00522899,6.7935
65784339,2017-12-25T23:59:25.277,SELL,0.00522899,47.02909
65784341,2017-12-25T23:59:25.31,SELL,0.00522899,0.77793162
65784344,2017-12-25T23:59:25.433,SELL,0.00522899,24.1019
65784348,2017-12-25T23:59:25.887,SELL,0.00522899,2.89930706
65784353,2017-12-25T23:59:26.76,SELL,0.00522899,0.54376428
65784354,2017-12-25T23:59:26.887,SELL,0.00522899,41.25545041
65784357,2017-12-25T23:59:27.2,SELL,0.00522899,78.9676338
65784359,2017-12-25T23:59:27.403,SELL,0.00522899,0.57372456
65784363,2017-12-25T23:59:28.12,SELL,0.00522899,31.49411169
65784382,2017-12-25T23:59:31.027,BUY,0.005229,0.28686173
65784389,2017-12-25T23:59:33.84,SELL,0.00522899,7.661848
65784391,2017-12-25T23:59:34.683,SELL,0.00522899,3.20272025
65784396,2017-12-25T23:59:35.217,SELL,0.00522899,0.57372456
65784400,2017-12-25T23:59:35.637,SELL,0.00522899,6.51530849
65784401,2017-12-25T23:59:35.637,SELL,0.00522899,1.66293706
65784402,2017-12-25T23:59:35.637,SELL,0.00517587,1.48836489
65784421,2017-12-25T23:59:39.7,BUY,0.00517587,6.77458925
65784441,2017-12-25T23:59:41.42,SELL,0.00518357,6.13694759
65784459,2017-12-25T23:59:45.28,SELL,0.00518357,1.02828826
65784463,2017-12-25T23:59:46.23,SELL,0.00518357,0.20374898
65784469,2017-12-25T23:59:48.373,SELL,0.00518357,1.729978
65784471,2017-12-25T23:59:48.827,SELL,0.00518357,1.37410061
65784472,2017-12-25T23:59:48.887,SELL,0.00518357,1.55775656
65784477,2017-12-25T23:59:50.327,SELL,0.00518357,2.314749
65784479,2017-12-25T23:59:50.7,SELL,0.00518357,5.561718
65784483,2017-12-25T23:59:51.933,SELL,0.00518357,7.457503
65784485,2017-12-25T23:59:52.387,SELL,0.00518357,2.655166
65784500,2017-12-25T23:59:54.607,SELL,0.00518357,0.490362
65784526,2017-12-25T23:59:59.623,SELL,0.00511481,1.877209
65784565,2017-12-26T00:00:07.437,BUY,0.005199,0.60430007
65784566,2017-12-26T00:00:07.437,BUY,0.0052076,2.92
65784567,2017-12-26T00:00:07.437,BUY,0.00520769,3.3484371
65784568,2017-12-26T00:00:07.437,BUY,0.00520769,2.10452358
65784569,2017-12-26T00:00:07.437,BUY,0.00521489,1.48836489
65784570,2017-12-26T00:00:07.437,BUY,0.00521999,0.29236978
65784571,2017-12-26T00:00:07.437,BUY,0.005229,1.21929544
65784572,2017-12-26T00:00:07.437,BUY,0.005229,2.51633761
65784573,2017-12-26T00:00:07.437,BUY,0.00523,0.36634181
65784574,2017-12-26T00:00:07.437,BUY,0.00523155,5.73
65784575,2017-12-26T00:00:07.437,BUY,0.00523201,29.515203
65784576,2017-12-26T00:00:07.437,BUY,0.00523803,0.5
65784588,2017-12-26T00:00:08.747,BUY,0.00523833,0.3002581
65784589,2017-12-26T00:00:08.747,BUY,0.00523849,0.78117336
65784596,2017-12-26T00:00:09.747,BUY,0.00523849,3.21882664
65784597,2017-12-26T00:00:09.747,BUY,0.00524,9.06834142
65784598,2017-12-26T00:00:09.747,BUY,0.00524103,1.68863976
65784599,2017-12-26T00:00:09.747,BUY,0.00524778,0.17903796
65784600,2017-12-26T00:00:09.747,BUY,0.00524999,9.66665422
65784610,2017-12-26T00:00:10.827,BUY,0.00525,8.10789923
65784613,2017-12-26T00:00:11.107,BUY,0.00525,31.66920332
65784614,2017-12-26T00:00:11.107,BUY,0.00525,0.3
65784615,2017-12-26T00:00:11.107,BUY,0.00525,14.0554194
65784807,2017-12-26T00:00:18.437,BUY,0.0055,22.95174091
65784808,2017-12-26T00:00:18.437,BUY,0.0055,11.0553932
65784812,2017-12-26T00:00:18.56,BUY,0.0055,6.17981877
65784814,2017-12-26T00:00:18.56,BUY,0.0055,2.5213693
65784818,2017-12-26T00:00:18.967,SELL,0.00537,1.19961161
65784820,2017-12-26T00:00:19.217,BUY,0.0055,3.24341873
65784821,2017-12-26T00:00:19.217,BUY,0.0055016,0.14552911
65784822,2017-12-26T00:00:19.217,BUY,0.005515,0.26617443
65784823,2017-12-26T00:00:19.217,BUY,0.00551911,0.24973111
65784824,2017-12-26T00:00:19.217,BUY,0.00552082,2.0
65784825,2017-12-26T00:00:19.217,BUY,0.00552578,0.3
65784826,2017-12-26T00:00:19.233,BUY,0.00552683,0.18384519
65784827,2017-12-26T00:00:19.233,BUY,0.00552919,10.0838858
65784828,2017-12-26T00:00:19.233,BUY,0.00553833,2.0
65784829,2017-12-26T00:00:19.233,BUY,0.00554099,1.8992403
65784830,2017-12-26T00:00:19.233,BUY,0.00554169,0.4
65784831,2017-12-26T00:00:19.233,BUY,0.00554342,0.30702733
65784832,2017-12-26T00:00:19.233,BUY,0.00555,135.5716706
65784833,2017-12-26T00:00:19.233,BUY,0.0055581,2.17
65784834,2017-12-26T00:00:19.233,BUY,0.00556181,0.7918222
65784835,2017-12-26T00:00:19.233,BUY,0.0055677,11.02912585
65784836,2017-12-26T00:00:19.233,BUY,0.00557108,5.0
65784837,2017-12-26T00:00:19.233,BUY,0.00557507,2.25053762
65784838,2017-12-26T00:00:19.233,BUY,0.005576,1.00312373
65784839,2017-12-26T00:00:19.233,BUY,0.00558,0.11
65784840,2017-12-26T00:00:19.233,BUY,0.00558857,0.29450726
65784841,2017-12-26T00:00:19.25,BUY,0.00559,0.4
65784842,2017-12-26T00:00:19.25,BUY,0.00559339,19.0
65784843,2017-12-26T00:00:19.25,BUY,0.0055984,0.20014165
65784844,2017-12-26T00:00:19.25,BUY,0.00559992,0.20749308
65784845,2017-12-26T00:00:19.25,BUY,0.0056,2.89642151
65784846,2017-12-26T00:00:19.25,BUY,0.0056,0.35596627
65784847,2017-12-26T00:00:19.263,BUY,0.00560753,0.19315524
65784848,2017-12-26T00:00:19.263,BUY,0.00561796,2.1407371
65784849,2017-12-26T00:00:19.263,BUY,0.00562,0.4
65784850,2017-12-26T00:00:19.263,BUY,0.00562,0.30671105
65784851,2017-12-26T00:00:19.263,BUY,0.00562206,1.29404518
65784852,2017-12-26T00:00:19.263,BUY,0.00562707,1.94555565
65784853,2017-12-26T00:00:19.263,BUY,0.00563496,0.36419359
65784854,2017-12-26T00:00:19.263,BUY,0.0056353,10.0
65784855,2017-12-26T00:00:19.263,BUY,0.00563679,0.61054941
65784856,2017-12-26T00:00:19.263,BUY,0.00563833,1.0
65784857,2017-12-26T00:00:19.263,BUY,0.00563882,0.7918222
65784858,2017-12-26T00:00:19.263,BUY,0.00564034,10.0
65784859,2017-12-26T00:00:19.263,BUY,0.00564963,0.83582104
65784860,2017-12-26T00:00:19.263,BUY,0.00565,0.18
65784861,2017-12-26T00:00:19.263,BUY,0.00565011,9.89387026
65784862,2017-12-26T00:00:19.263,BUY,0.00565023,0.66236405
65784863,2017-12-26T00:00:19.263,BUY,0.0056523,0.5
65784864,2017-12-26T00:00:19.263,BUY,0.00566,5.0
65784865,2017-12-26T00:00:19.263,BUY,0.00567,0.59375
65784866,2017-12-26T00:00:19.263,BUY,0.00567847,1.80506066
65784867,2017-12-26T00:00:19.263,BUY,0.00568169,0.17469624
65784868,2017-12-26T00:00:19.28,BUY,0.00568381,0.87973385
65784869,2017-12-26T00:00:19.28,BUY,0.0057,12.46875
65784870,2017-12-26T00:00:19.28,BUY,0.0057,29.99
65784871,2017-12-26T00:00:19.28,BUY,0.0057,20.31083238
65784872,2017-12-26T00:00:19.28,BUY,0.0057,3.51807913
65784873,2017-12-26T00:00:19.28,BUY,0.0057,3.0
65784874,2017-12-26T00:00:19.28,BUY,0.0057,4.8
65784875,2017-12-26T00:00:19.28,BUY,0.0057175,8.17707847
65784876,2017-12-26T00:00:19.28,BUY,0.00572,0.4
65784877,2017-12-26T00:00:19.28,BUY,0.00572054,1.13096191
65784878,2017-12-26T00:00:19.28,BUY,0.0057215,5.0
65784879,2017-12-26T00:00:19.28,BUY,0.00572533,1.14786263
65784880,2017-12-26T00:00:19.28,BUY,0.00573076,8.15978759
65784881,2017-12-26T00:00:19.28,BUY,0.00573439,24.0
65784882,2017-12-26T00:00:19.28,BUY,0.00573913,1.79998896
65784883,2017-12-26T00:00:19.28,BUY,0.00574,1.0
65784884,2017-12-26T00:00:19.28,BUY,0.00574282,1.48835055
65784885,2017-12-26T00:00:19.297,BUY,0.00574883,1.0
65784886,2017-12-26T00:00:19.297,BUY,0.00574986,2.53501134
65784887,2017-12-26T00:00:19.297,BUY,0.00575,5.0
65784888,2017-12-26T00:00:19.297,BUY,0.00575,1.33650752
65784889,2017-12-26T00:00:19.297,BUY,0.00575024,20.0
65784890,2017-12-26T00:00:19.297,BUY,0.0057558,0.18416206
65784892,2017-12-26T00:00:19.297,BUY,0.00576835,12.46875
65784893,2017-12-26T00:00:19.297,BUY,0.00577064,1.0
65784894,2017-12-26T00:00:19.297,BUY,0.00577777,4.46071858
65784895,2017-12-26T00:00:19.297,BUY,0.00577966,0.97391376
65784896,2017-12-26T00:00:19.297,BUY,0.00578,72.71751783
65784897,2017-12-26T00:00:19.357,SELL,0.00537,125.98026999
65784904,2017-12-26T00:00:20.077,BUY,0.00538854,50.71701914
65784907,2017-12-26T00:00:20.843,SELL,0.00537,1.79372197
65784908,2017-12-26T00:00:20.873,SELL,0.00537,0.38644729
65784915,2017-12-26T00:00:21.14,BUY,0.00538854,11.4350353
65784926,2017-12-26T00:00:21.967,SELL,0.00537001,0.952381
65784931,2017-12-26T00:00:22.343,BUY,0.00538854,61.82848055
65784934,2017-12-26T00:00:22.467,BUY,0.00538854,113.22143796
65784940,2017-12-26T00:00:22.763,BUY,0.00538854,46.40198441
65784942,2017-12-26T00:00:23.357,BUY,0.00538854,1.32656361
65784944,2017-12-26T00:00:23.483,BUY,0.00538854,19.48239764
65784947,2017-12-26T00:00:23.67,BUY,0.00538854,40.68708139
65784948,2017-12-26T00:00:23.67,BUY,0.00577999,16.5623
65784950,2017-12-26T00:00:23.67,BUY,0.00578,27.28248217
65784951,2017-12-26T00:00:23.67,BUY,0.00578009,27.6036
65784952,2017-12-26T00:00:23.67,BUY,0.0057801,28.56327065
65784953,2017-12-26T00:00:23.67,BUY,0.00579,3.0
65784954,2017-12-26T00:00:23.67,BUY,0.00579447,3.03398673
65784955,2017-12-26T00:00:23.67,BUY,0.0058,7.24216095
65785980,2017-12-26T00:00:47.093,SELL,0.00584999,3.59143563
65785982,2017-12-26T00:00:47.14,BUY,0.00585,4.59383309
65785983,2017-12-26T00:00:47.14,SELL,0.00584999,7.45533755
65785985,2017-12-26T00:00:47.297,BUY,0.00584999,12.90208111
65785988,2017-12-26T00:00:47.47,BUY,0.00584999,5.34098248
65785991,2017-12-26T00:00:47.593,BUY,0.00584999,0.17745559
65785992,2017-12-26T00:00:47.733,SELL,0.00584,2.564914
65785994,2017-12-26T00:00:47.75,BUY,0.00584999,10.66200526
65785998,2017-12-26T00:00:47.86,BUY,0.00584999,15.72928121
65786000,2017-12-26T00:00:47.92,BUY,0.00584999,42.18864296
65786001,2017-12-26T00:00:47.92,BUY,0.00584999,0.8984048
65786002,2017-12-26T00:00:47.92,BUY,0.00585,12.25489362
65786004,2017-12-26T00:00:47.97,SELL,0.00584,11.48382085
65786007,2017-12-26T00:00:48.06,BUY,0.00585,2.85069629
65786008,2017-12-26T00:00:48.06,BUY,0.00585,1.86134227
65786012,2017-12-26T00:00:48.093,BUY,0.00585,10.31682209
65786013,2017-12-26T00:00:48.093,BUY,0.00589812,23.13002252
65786015,2017-12-26T00:00:48.28,SELL,0.00585,19.7
65786016,2017-12-26T00:00:48.28,SELL,0.00584,1.59584911
65786019,2017-12-26T00:00:48.31,BUY,0.00589812,0.45873312
65786021,2017-12-26T00:00:48.407,SELL,0.00584,0.342
65786022,2017-12-26T00:00:48.47,SELL,0.00584,0.39217579
65786027,2017-12-26T00:00:49.06,BUY,0.00589811,0.46348455
65786028,2017-12-26T00:00:49.06,BUY,0.00589812,3.91504911
65786031,2017-12-26T00:00:49.28,BUY,0.00589812,76.78342809
65786033,2017-12-26T00:00:49.373,BUY,0.00589812,0.74729343
65786035,2017-12-26T00:00:49.657,BUY,0.00589812,13.09234247
65786038,2017-12-26T00:00:49.78,BUY,0.00589812,0.80548129
65786039,2017-12-26T00:00:49.81,SELL,0.00584,1.19420914
65786040,2017-12-26T00:00:49.81,SELL,0.00584,53.76341644
65786042,2017-12-26T00:00:49.81,SELL,0.00585,2.61081143
65786043,2017-12-26T00:00:49.81,SELL,0.00584,31.930036
65786045,2017-12-26T00:00:49.81,BUY,0.00589812,12.19127182
65786047,2017-12-26T00:00:49.843,BUY,0.00589812,13.26409655
65786049,2017-12-26T00:00:49.937,BUY,0.00589812,11.24114718
65786050,2017-12-26T00:00:49.937,BUY,0.00590125,14.67796365
65786051,2017-12-26T00:00:49.937,BUY,0.00592148,2.74982721
65786052,2017-12-26T00:00:49.937,BUY,0.00592148,0.48725439
65786054,2017-12-26T00:00:49.97,BUY,0.00592155,0.97087944
65786055,2017-12-26T00:00:49.97,BUY,0.0059268,3.53228682
65786056,2017-12-26T00:00:50.093,SELL,0.00592148,0.342
65786058,2017-12-26T00:00:50.28,SELL,0.00592679,3.7073058
65786063,2017-12-26T00:00:50.67,SELL,0.00592679,1.60218204
65786064,2017-12-26T00:00:50.67,SELL,0.00592148,0.97367949
65786066,2017-12-26T00:00:50.687,BUY,0.0059268,5.92941713
65786067,2017-12-26T00:00:50.687,BUY,0.00599999,4.68676893
65786068,2017-12-26T00:00:50.687,BUY,0.006,0.00782154
65786069,2017-12-26T00:00:50.72,SELL,0.00592148,0.25080392
65786071,2017-12-26T00:00:50.767,BUY,0.006,0.14021101
65786075,2017-12-26T00:00:50.937,SELL,0.00596129,17.3875527
65786077,2017-12-26T00:00:50.97,SELL,0.00596129,15.0
65786080,2017-12-26T00:00:50.983,SELL,0.00596129,13.60610072
65786081,2017-12-26T00:00:50.983,SELL,0.00592148,11.39389928
65786082,2017-12-26T00:00:51.14,SELL,0.00592148,0.47346893
65786084,2017-12-26T00:00:51.31,SELL,0.00592148,1.76348181
65786085,2017-12-26T00:00:51.64,SELL,0.00592148,26.37568305
65786086,2017-12-26T00:00:51.64,SELL,0.0059,19.76123887
65786088,2017-12-26T00:00:51.733,SELL,0.0059,25.43187563
65786089,2017-12-26T00:00:51.813,SELL,0.0059,0.99
65786091,2017-12-26T00:00:51.983,SELL,0.0059,0.23042094
65786092,2017-12-26T00:00:51.983,SELL,0.0059,3.58646456
65786094,2017-12-26T00:00:52.093,BUY,0.00589811,9.12399413
65786099,2017-12-26T00:00:52.39,BUY,0.00589811,0.15396492
65786100,2017-12-26T00:00:52.61,SELL,0.00586735,1.37505065
65786101,2017-12-26T00:00:52.623,SELL,0.00586735,0.8941089
65786102,2017-12-26T00:00:52.67,SELL,0.00586735,25.0
65786104,2017-12-26T00:00:52.813,BUY,0.00590901,0.15396492
65786109,2017-12-26T00:00:53.123,BUY,0.00590901,0.18303508
65786110,2017-12-26T00:00:53.123,BUY,0.00592147,12.68138853
65786112,2017-12-26T00:00:53.157,BUY,0.00592147,2.31861147
65786113,2017-12-26T00:00:53.157,BUY,0.00592148,0.44205445
65786114,2017-12-26T00:00:53.157,BUY,0.00592679,0.1728678
65786115,2017-12-26T00:00:53.157,BUY,0.00592679,0.24996784
65786116,2017-12-26T00:00:53.17,SELL,0.00586735,1.99702698
65786118,2017-12-26T00:00:53.453,SELL,0.00586735,9.94166954
65786120,2017-12-26T00:00:53.483,SELL,0.00592149,0.22641741
65786121,2017-12-26T00:00:53.577,SELL,0.00592149,12.48404128
65786122,2017-12-26T00:00:53.577,SELL,0.00586735,138.30641151
65786124,2017-12-26T00:00:53.593,BUY,0.00589811,0.20915001
65786125,2017-12-26T00:00:53.593,BUY,0.00592679,10.31557151
65786126,2017-12-26T00:00:53.593,SELL,0.00586735,1.91733597
65786127,2017-12-26T00:00:53.67,SELL,0.00586735,3.94876087
65786128,2017-12-26T00:00:53.67,SELL,0.00586735,3.43364965
65786129,2017-12-26T00:00:53.72,SELL,0.00586735,0.38095383
65786131,2017-12-26T00:00:53.78,SELL,0.00590044,9.2390761
65786133,2017-12-26T00:00:53.797,SELL,0.00592148,0.8933706
65786135,2017-12-26T00:00:53.827,SELL,0.00592148,0.41836758
65786136,2017-12-26T00:00:53.827,SELL,0.00590044,2.54041315
65786137,2017-12-26T00:00:53.827,SELL,0.00586735,0.93087744
65786139,2017-12-26T00:00:53.983,SELL,0.00592149,12.71045869
65786140,2017-12-26T00:00:53.983,SELL,0.00586735,47.57428199
65786141,2017-12-26T00:00:53.983,SELL,0.00585,2.36370906
65786142,2017-12-26T00:00:53.983,SELL,0.00584999,0.38353753
65786143,2017-12-26T00:00:53.983,SELL,0.00584999,2.36245858
65786144,2017-12-26T00:00:53.983,SELL,0.00584,0.47402879
65786147,2017-12-26T00:00:54.093,BUY,0.00592679,75.81974729
65786149,2017-12-26T00:00:54.267,BUY,0.00592146,5.02901496
65786152,2017-12-26T00:00:54.483,BUY,0.00592146,20.30257556
65786153,2017-12-26T00:00:54.703,SELL,0.00592148,5.31253568
65786154,2017-12-26T00:00:54.937,SELL,0.00592148,0.8941089
65786333,2017-12-26T00:01:01.47,BUY,0.00592148,0.65828986
65786334,2017-12-26T00:01:01.577,SELL,0.00592678,16.31030975
65786338,2017-12-26T00:01:01.643,BUY,0.00578008,1.41183736
65786340,2017-12-26T00:01:02.03,SELL,0.00552893,9.98955385
65786342,2017-12-26T00:01:02.063,BUY,0.00578008,0.31030769
65786343,2017-12-26T00:01:02.063,BUY,0.00578008,9.0162274
65786344,2017-12-26T00:01:02.063,BUY,0.00581767,1.93496517
65786345,2017-12-26T00:01:02.063,BUY,0.0059167,26.57110313
65786346,2017-12-26T00:01:02.063,BUY,0.00592147,12.21882061
65786350,2017-12-26T00:01:02.343,BUY,0.0056314,1.72446944
65786351,2017-12-26T00:01:02.483,SELL,0.00578011,3.46638085
65786352,2017-12-26T00:01:02.483,SELL,0.00552893,5.19376888
65786355,2017-12-26T00:01:02.687,BUY,0.00576181,3.43781197
65786356,2017-12-26T00:01:02.687,BUY,0.00578006,5.58181563
65786358,2017-12-26T00:01:02.72,BUY,0.00578006,3.43441177
65786359,2017-12-26T00:01:02.72,BUY,0.00578006,18.0324548
65786360,2017-12-26T00:01:02.72,BUY,0.00586734,1.35652816
65786361,2017-12-26T00:01:02.72,BUY,0.00592147,12.78126272
65786362,2017-12-26T00:01:02.72,BUY,0.00592147,23.34543113
65786372,2017-12-26T00:01:03.14,BUY,0.0056925,9.10325158
65786375,2017-12-26T00:01:03.233,BUY,0.0056925,3.53662265
65786376,2017-12-26T00:01:03.233,BUY,0.00578007,3.79287773
65786381,2017-12-26T00:01:03.42,BUY,0.00578007,0.25565204
65786383,2017-12-26T00:01:03.5,BUY,0.00578007,0.23937973
65786389,2017-12-26T00:01:04,BUY,0.00578007,10.7120905
65786390,2017-12-26T00:01:04,BUY,0.00578008,18.0324548
65786391,2017-12-26T00:01:04,BUY,0.00591669,3.78518106
65786392,2017-12-26T00:01:04,BUY,0.0059167,17.6298364
65786400,2017-12-26T00:01:04.297,SELL,0.00586735,0.55485355
65786403,2017-12-26T00:01:04.517,SELL,0.00578012,6.057361
65786404,2017-12-26T00:01:04.517,SELL,0.00578012,2.642244
65786405,2017-12-26T00:01:04.547,SELL,0.00578012,1.170854
65786407,2017-12-26T00:01:04.58,BUY,0.0058379,0.17300799
65786410,2017-12-26T00:01:04.813,SELL,0.00589669,0.01353745
65786411,2017-12-26T00:01:04.813,SELL,0.00578012,1.96093265
65786412,2017-12-26T00:01:04.86,SELL,0.00578012,0.67493689
65786414,2017-12-26T00:01:05.03,BUY,0.0059167,3.35517747
65786415,2017-12-26T00:01:05.03,BUY,0.00592146,3.5988786
65786418,2017-12-26T00:01:05.22,SELL,0.00578012,0.2302357
65786419,2017-12-26T00:01:05.36,SELL,0.00578012,4.52086294
65786420,2017-12-26T00:01:05.39,SELL,0.00578011,0.96643382
65786421,2017-12-26T00:01:05.407,SELL,0.00578011,2.91335324
65786424,2017-12-26T00:01:05.547,BUY,0.00578009,0.34086939
65786426,2017-12-26T00:01:05.58,BUY,0.00578009,5.68286988
65786428,2017-12-26T00:01:05.61,BUY,0.00578009,2.88764837
65786432,2017-12-26T00:01:05.813,BUY,0.00578009,11.28068994
65786434,2017-12-26T00:01:05.937,SELL,0.00566281,0.62200054
65786436,2017-12-26T00:01:06.047,BUY,0.00578009,1.5339122
65786440,2017-12-26T00:01:06.297,BUY,0.00578009,0.18747816
65786441,2017-12-26T00:01:06.297,BUY,0.00578009,0.18842389
65786444,2017-12-26T00:01:06.33,BUY,0.00578009,0.17300739
65786447,2017-12-26T00:01:06.36,BUY,0.00578009,1.21981253
65786449,2017-12-26T00:01:06.407,SELL,0.00566281,9.24845841
65786450,2017-12-26T00:01:06.407,SELL,0.005529,22.45207499
65786454,2017-12-26T00:01:06.47,BUY,0.00578009,34.05244553
65786458,2017-12-26T00:01:06.563,BUY,0.00578009,0.18747816
65786467,2017-12-26T00:01:07.08,BUY,0.00578008,17.46138229
65786470,2017-12-26T00:01:07.187,BUY,0.00578008,7.53861771
65786471,2017-12-26T00:01:07.187,BUY,0.00578009,38.22765076
65786473,2017-12-26T00:01:07.233,BUY,0.00578008,0.34429331
65786476,2017-12-26T00:01:07.39,BUY,0.00578008,1.7214665
65786479,2017-12-26T00:01:07.657,BUY,0.00578008,1.13579308
65786481,2017-12-26T00:01:07.75,SELL,0.00566281,22.452075
65786482,2017-12-26T00:01:07.75,SELL,0.00566281,0.43537479
65786486,2017-12-26T00:01:07.907,BUY,0.00578008,0.2215651
65786493,2017-12-26T00:01:08.157,BUY,0.00578008,0.1902891
65786496,2017-12-26T00:01:08.233,BUY,0.00578008,0.18954993
65786498,2017-12-26T00:01:08.267,BUY,0.00578008,0.18747816
65786500,2017-12-26T00:01:08.483,BUY,0.00578008,11.00956482
65786501,2017-12-26T00:01:08.5,BUY,0.00578009,32.61904766
65786504,2017-12-26T00:01:08.797,SELL,0.0057801,1.6956428
65786505,2017-12-26T00:01:08.797,SELL,0.00566281,0.05216741
65786508,2017-12-26T00:01:08.843,BUY,0.00578012,1.3169335
65786512,2017-12-26T00:01:09.063,BUY,0.00578012,7.24088868
65786513,2017-12-26T00:01:09.063,BUY,0.00578012,0.8928571
65786514,2017-12-26T00:01:09.063,BUY,0.00581766,0.7045281
65786515,2017-12-26T00:01:09.063,BUY,0.0059167,79.07517627
65786516,2017-12-26T00:01:09.063,BUY,0.0059167,29.49506312
65786517,2017-12-26T00:01:09.063,BUY,0.00592147,1.26858781
65786518,2017-12-26T00:01:09.063,BUY,0.00592147,0.68322227
65786519,2017-12-26T00:01:09.063,BUY,0.00592147,25.85915624
65786520,2017-12-26T00:01:09.063,BUY,0.00592148,16.82660353
65786521,2017-12-26T00:01:09.063,BUY,0.00592679,0.96470562
65786522,2017-12-26T00:01:09.063,BUY,0.00599999,9.82830685
65786524,2017-12-26T00:01:09.173,SELL,0.00566282,0.26488569
65786525,2017-12-26T00:01:09.173,SELL,0.00566281,3.07827398
65786533,2017-12-26T00:01:09.453,BUY,0.0058801,51.3908504
65786535,2017-12-26T00:01:09.61,SELL,0.00586735,0.6624919
65786541,2017-12-26T00:01:09.953,BUY,0.0058801,3.37951238
65786543,2017-12-26T00:01:10.093,SELL,0.00586735,1.041855
65786544,2017-12-26T00:01:10.093,SELL,0.00586735,0.28312879
65786547,2017-12-26T00:01:10.233,BUY,0.0058801,8.46993294
65786548,2017-12-26T00:01:10.297,SELL,0.00586735,5.72852703
65786549,2017-12-26T00:01:10.297,SELL,0.00586735,0.18747816
65786550,2017-12-26T00:01:10.297,SELL,0.00586735,0.18399481
65786555,2017-12-26T00:01:10.83,BUY,0.0058801,8.56087622
65786559,2017-12-26T00:01:10.953,SELL,0.00586735,0.00348335
65786560,2017-12-26T00:01:10.953,SELL,0.00586735,1.65302277
65786563,2017-12-26T00:01:11.11,BUY,0.0058801,4.9595029
65786572,2017-12-26T00:01:11.657,SELL,0.00586735,2.60784453
65786575,2017-12-26T00:01:11.983,SELL,0.0057801,0.2416389
65786576,2017-12-26T00:01:11.983,SELL,0.00578009,0.9
65786577,2017-12-26T00:01:11.983,SELL,0.00578009,1.61422437
65786579,2017-12-26T00:01:12.03,BUY,0.00586733,0.2883762
65786580,2017-12-26T00:01:12.03,BUY,0.0058801,1.84380875
65786581,2017-12-26T00:01:12.03,BUY,0.0059,10.92678474
65786582,2017-12-26T00:01:12.03,BUY,0.00592148,29.95211712
65786584,2017-12-26T00:01:12.03,BUY,0.00592148,0.15853434
65786588,2017-12-26T00:01:12.203,BUY,0.00592607,0.1704344
65786589,2017-12-26T00:01:12.203,BUY,0.00599998,0.02264533
65786595,2017-12-26T00:01:12.453,SELL,0.00592148,15.0
65786596,2017-12-26T00:01:12.453,SELL,0.00592148,0.4482747
65786597,2017-12-26T00:01:12.53,SELL,0.00592148,0.3276881
65786599,2017-12-26T00:01:12.72,SELL,0.00592148,2.6078
65786601,2017-12-26T00:01:12.72,SELL,0.00592148,1.70249713
65786602,2017-12-26T00:01:12.733,SELL,0.00592148,3.95606395
65786603,2017-12-26T00:01:12.733,SELL,0.00592148,0.56259738
65786604,2017-12-26T00:01:12.89,SELL,0.00592148,8.0
65786606,2017-12-26T00:01:12.97,SELL,0.00592148,3.24799843
65786610,2017-12-26T00:01:13.173,SELL,0.00592148,0.29233205
65786614,2017-12-26T00:01:13.437,SELL,0.00592148,1.33112464
65786615,2017-12-26T00:01:13.483,SELL,0.00592148,1.73452848
65786617,2017-12-26T00:01:13.517,SELL,0.00592148,0.62834933
65786618,2017-12-26T00:01:13.563,SELL,0.00592148,1.16988026
65786619,2017-12-26T00:01:13.58,SELL,0.00592148,102.47182236
65786628,2017-12-26T00:01:13.937,BUY,0.00585926,12.80674667
65786630,2017-12-26T00:01:14.093,SELL,0.00578011,0.25951063
65786631,2017-12-26T00:01:14.093,SELL,0.0057801,0.30404003
65786633,2017-12-26T00:01:14.11,BUY,0.00585926,0.34086939
65786635,2017-12-26T00:01:14.28,SELL,0.0057801,0.40384615
65786636,2017-12-26T00:01:14.423,SELL,0.0057801,7.84604947
65786637,2017-12-26T00:01:14.423,SELL,0.00578009,1.90949623
65786639,2017-12-26T00:01:14.593,SELL,0.00578009,0.42931272
65786641,2017-12-26T00:01:14.687,SELL,0.00578009,1.6316268
65786643,2017-12-26T00:01:14.89,BUY,0.00592148,0.16583374
65786648,2017-12-26T00:01:15.36,SELL,0.00578009,3.47716083
65786649,2017-12-26T00:01:15.36,SELL,0.00578009,0.25076055
65786654,2017-12-26T00:01:15.673,BUY,0.0057801,3.86174097
65786657,2017-12-26T00:01:15.78,BUY,0.0057801,1.84485192
65786658,2017-12-26T00:01:15.78,BUY,0.00590372,0.337
65786659,2017-12-26T00:01:15.78,BUY,0.00592147,9.59519442
65786660,2017-12-26T00:01:15.813,SELL,0.00578009,1.03998658
65786666,2017-12-26T00:01:16.39,SELL,0.0059167,9.40886413
65786667,2017-12-26T00:01:16.39,SELL,0.00578009,30.77959543
65786668,2017-12-26T00:01:16.39,SELL,0.00578008,0.34528079
65786669,2017-12-26T00:01:16.39,SELL,0.00578008,1.68845965
65786670,2017-12-26T00:01:16.657,SELL,0.00578008,1.71819977
65786673,2017-12-26T00:01:16.86,BUY,0.00592147,5.40480558
65786674,2017-12-26T00:01:16.86,BUY,0.00592147,21.43146405
65786678,2017-12-26T00:01:17.517,BUY,0.00578009,2.43854573
65786679,2017-12-26T00:01:17.64,SELL,0.00578008,0.92304447
65786680,2017-12-26T00:01:17.64,SELL,0.00578008,0.92627294
65786682,2017-12-26T00:01:17.733,SELL,0.00578008,0.52346926
65786683,2017-12-26T00:01:17.733,SELL,0.00568872,0.4400314
65786685,2017-12-26T00:01:17.83,BUY,0.00578009,22.79352076
65786686,2017-12-26T00:01:17.94,SELL,0.00568872,0.26136099
65786687,2017-12-26T00:01:17.94,SELL,0.00566284,8.03102685
65786689,2017-12-26T00:01:17.97,BUY,0.00578007,0.26488569
65786690,2017-12-26T00:01:17.97,BUY,0.00578009,0.48495886
65786691,2017-12-26T00:01:17.983,SELL,0.00566284,4.80741868
65786692,2017-12-26T00:01:18,SELL,0.00566284,3.03439572
65786695,2017-12-26T00:01:18.173,SELL,0.00566284,0.38789007
65786699,2017-12-26T00:01:18.36,SELL,0.00566285,0.50117293
65786700,2017-12-26T00:01:18.47,SELL,0.00566285,0.82654223
65786713,2017-12-26T00:01:19.19,SELL,0.00566285,2.370028
65786722,2017-12-26T00:01:19.673,SELL,0.00566286,1.75575839
65786728,2017-12-26T00:01:20.047,SELL,0.00566286,0.7573389
65786730,2017-12-26T00:01:20.11,BUY,0.0056887,9.43652202
65786736,2017-12-26T00:01:20.36,SELL,0.00566287,15.12627536
65786741,2017-12-26T00:01:20.627,BUY,0.0056887,1.60245621
65786744,2017-12-26T00:01:20.94,SELL,0.00566287,1.36659804
65786745,2017-12-26T00:01:21.047,SELL,0.00566287,2.35824491
65786751,2017-12-26T00:01:21.517,BUY,0.0056887,0.67352528
65786752,2017-12-26T00:01:21.517,BUY,0.0056887,21.74786438
65786753,2017-12-26T00:01:21.517,BUY,0.00568872,0.04366587
65786755,2017-12-26T00:01:21.657,BUY,0.00568872,1.80775526
65786757,2017-12-26T00:01:22.033,BUY,0.00568872,5.43563307
65786765,2017-12-26T00:01:23.08,BUY,0.00568872,2.48583469
65786766,2017-12-26T00:01:23.08,BUY,0.00578008,0.61551959
65786768,2017-12-26T00:01:23.203,SELL,0.00566288,5.70232516
65786770,2017-12-26T00:01:23.377,BUY,0.00578008,0.2712419
65786771,2017-12-26T00:01:23.377,BUY,0.00578008,0.70139239
65786772,2017-12-26T00:01:23.377,BUY,0.00578009,4.87358202
65786776,2017-12-26T00:01:23.47,BUY,0.00578009,12.08006608
65786777,2017-12-26T00:01:23.47,BUY,0.0057801,12.81078726
65786836,2017-12-26T00:01:28.843,SELL,0.00566289,0.87345183
65786837,2017-12-26T00:01:28.97,SELL,0.00566289,1.07787526
65786838,2017-12-26T00:01:29.08,SELL,0.00566289,0.22930661
65786840,2017-12-26T00:01:29.237,BUY,0.0056629,14.55283167
65786843,2017-12-26T00:01:29.423,SELL,0.00566292,0.19727873
65786845,2017-12-26T00:01:29.673,BUY,0.00578005,4.12578639
65786846,2017-12-26T00:01:29.673,BUY,0.00578007,4.57025369
65786848,2017-12-26T00:01:29.673,BUY,0.00578007,24.18720906
65786850,2017-12-26T00:01:29.86,SELL,0.00566292,11.73799114
65786851,2017-12-26T00:01:29.86,SELL,0.0056629,2.16463124
65786852,2017-12-26T00:01:29.86,SELL,0.00566289,25.75727313
65786860,2017-12-26T00:01:30.25,SELL,0.00566293,6.18002917
65786866,2017-12-26T00:01:30.843,SELL,0.00566293,0.97187585
65786870,2017-12-26T00:01:31.047,SELL,0.00566293,2.05072959
65786875,2017-12-26T00:01:31.737,SELL,0.00566293,2.23965232
65786876,2017-12-26T00:01:31.83,SELL,0.00566293,3.89119442
65786881,2017-12-26T00:01:32.05,SELL,0.00566293,2.43854573
65786883,2017-12-26T00:01:32.05,BUY,0.00578003,2.3261607
65786886,2017-12-26T00:01:32.173,SELL,0.00566293,16.64331676
65786890,2017-12-26T00:01:32.33,BUY,0.00578003,0.87107696
65786894,2017-12-26T00:01:33.093,SELL,0.00566294,0.30060921
65786895,2017-12-26T00:01:33.093,SELL,0.00566294,0.5246135
65786900,2017-12-26T00:01:33.703,BUY,0.00578002,0.23602129
65786901,2017-12-26T00:01:33.703,BUY,0.00578003,18.58624093
65786902,2017-12-26T00:01:33.703,BUY,0.00578003,0.40182321
65786906,2017-12-26T00:01:33.877,BUY,0.00578003,0.89594103
65786915,2017-12-26T00:01:34.517,BUY,0.00578002,2.88109619
65786917,2017-12-26T00:01:34.517,BUY,0.00578002,2.32379928
65786921,2017-12-26T00:01:34.657,SELL,0.00566295,1.15522124
65786924,2017-12-26T00:01:35.11,SELL,0.005663,4.41462123
65786925,2017-12-26T00:01:35.11,SELL,0.00566295,0.8109786
65786935,2017-12-26T00:01:35.813,BUY,0.00578001,2.93439239
65786938,2017-12-26T00:01:35.83,SELL,0.00566295,6.02410848
65786940,2017-12-26T00:01:35.987,BUY,0.00578001,23.31118772
65786948,2017-12-26T00:01:36.97,SELL,0.00566296,0.823897
65786952,2017-12-26T00:01:37.19,BUY,0.00577997,7.80833841
65786953,2017-12-26T00:01:37.19,BUY,0.00578,0.30051941
65786954,2017-12-26T00:01:37.19,BUY,0.00578001,0.11292901
65786955,2017-12-26T00:01:37.313,SELL,0.00566296,0.20043913
65786958,2017-12-26T00:01:37.69,SELL,0.00566296,1.75034617
65786971,2017-12-26T00:01:38.767,SELL,0.00566297,2.96661354
65786972,2017-12-26T00:01:38.767,SELL,0.00566297,0.14939607
65786978,2017-12-26T00:01:39.237,SELL,0.00566297,1.54844127
65786980,2017-12-26T00:01:39.58,SELL,0.00566297,2.09251745
65786981,2017-12-26T00:01:39.72,SELL,0.00566297,3.681749
65786983,2017-12-26T00:01:39.893,BUY,0.00577996,1.9507853
65786984,2017-12-26T00:01:39.893,BUY,0.00577999,0.63562818
65786986,2017-12-26T00:01:40.143,SELL,0.00566297,1.12994562
65786994,2017-12-26T00:01:40.783,SELL,0.00566298,1.95073853
65786995,2017-12-26T00:01:40.783,SELL,0.00566297,18.77099264
65786998,2017-12-26T00:01:40.907,BUY,0.00567,1.9055561
65786999,2017-12-26T00:01:40.907,BUY,0.00577995,19.07896657
65787016,2017-12-26T00:01:42.953,BUY,0.00577993,0.59533077
65787027,2017-12-26T00:01:43.783,BUY,0.00577993,1.3634775
65787034,2017-12-26T00:01:44.097,SELL,0.00566305,0.44909068
65787038,2017-12-26T00:01:44.783,SELL,0.00566306,1.95843409
65787039,2017-12-26T00:01:44.783,SELL,0.00566305,39.76669391
65787042,2017-12-26T00:01:45.08,BUY,0.00577993,0.25565204
65787045,2017-12-26T00:01:45.25,SELL,0.00566305,1.1300818
65787048,2017-12-26T00:01:45.407,SELL,0.00566305,0.93137984
65787054,2017-12-26T00:01:45.923,BUY,0.00577992,0.35692701
65787055,2017-12-26T00:01:45.953,SELL,0.00566307,0.5736641
65787056,2017-12-26T00:01:45.953,SELL,0.00566305,1.47317472
65787060,2017-12-26T00:01:46.203,BUY,0.00577992,2.36238178
65787062,2017-12-26T00:01:46.267,BUY,0.00577992,1.18986383
65787063,2017-12-26T00:01:46.267,BUY,0.00577992,6.63598423
65787064,2017-12-26T00:01:46.267,BUY,0.00577994,1.18840428
65787065,2017-12-26T00:01:46.267,BUY,0.00577994,15.0
65787066,2017-12-26T00:01:46.267,BUY,0.00577995,3.17359513
65787067,2017-12-26T00:01:46.267,BUY,0.00577995,5.4545228
65787068,2017-12-26T00:01:46.267,BUY,0.00577995,6.30965442
65787069,2017-12-26T00:01:46.267,BUY,0.00577996,2.00012443
65787070,2017-12-26T00:01:46.267,BUY,0.00578001,12.91261285
65787081,2017-12-26T00:01:47.22,SELL,0.00566306,0.25565204
65787082,2017-12-26T00:01:47.22,SELL,0.00566306,6.76507177
65787085,2017-12-26T00:01:47.267,BUY,0.00577992,1.184183
65787088,2017-12-26T00:01:47.86,SELL,0.00566306,1.292061
65787091,2017-12-26T00:01:48.08,BUY,0.00577992,1.64277754
65787100,2017-12-26T00:01:48.44,SELL,0.00566307,0.4702114
65787109,2017-12-26T00:01:49.58,BUY,0.0057799,0.83088443
65787113,2017-12-26T00:01:49.91,BUY,0.0057799,5.93418734
65787114,2017-12-26T00:01:49.91,BUY,0.00577991,15.0
65787115,2017-12-26T00:01:49.91,BUY,0.00577991,0.5736641
65787116,2017-12-26T00:01:49.91,BUY,0.00577992,15.25105942
65787127,2017-12-26T00:01:51.643,SELL,0.00566314,6.73575898
65787128,2017-12-26T00:01:51.643,SELL,0.00566314,19.03593004
65787131,2017-12-26T00:01:51.957,BUY,0.00577989,0.25565204
65787132,2017-12-26T00:01:51.957,BUY,0.00577992,1.95578956
65787133,2017-12-26T00:01:52.22,SELL,0.00566314,0.58694631
65787135,2017-12-26T00:01:52.36,SELL,0.00566314,0.7050977
65787138,2017-12-26T00:01:52.423,BUY,0.00577988,2.35173737
65787144,2017-12-26T00:01:52.72,SELL,0.00566314,0.6983791
65787153,2017-12-26T00:01:53.11,BUY,0.00577988,6.20622108
65787156,2017-12-26T00:01:53.41,BUY,0.00577988,2.42240263
65787157,2017-12-26T00:01:53.41,BUY,0.00577991,7.39079914
65787160,2017-12-26T00:01:53.83,BUY,0.00577988,0.11618692
65787163,2017-12-26T00:01:54,BUY,0.00577988,1.17587408
65787164,2017-12-26T00:01:54,BUY,0.0057799,9.8928361
65787166,2017-12-26T00:01:54.173,SELL,0.00566315,9.57480235
65787168,2017-12-26T00:01:54.377,BUY,0.0057799,0.94927133
65787176,2017-12-26T00:01:55.08,SELL,0.00577989,0.16063089
65787177,2017-12-26T00:01:55.08,SELL,0.00566316,0.03265624
65787179,2017-12-26T00:01:55.127,BUY,0.00577987,9.57480235
65787180,2017-12-26T00:01:55.127,BUY,0.0057799,3.69580831
65787183,2017-12-26T00:01:55.41,BUY,0.0057799,3.95644555
65787185,2017-12-26T00:01:55.457,SELL,0.00566316,3.57838553
65787189,2017-12-26T00:01:55.847,SELL,0.00566316,3.34198276
65787198,2017-12-26T00:01:56.517,BUY,0.0057799,3.81667135
65787201,2017-12-26T00:01:56.55,BUY,0.0057799,4.17250702
65787205,2017-12-26T00:01:56.847,BUY,0.00577989,2.07194577
65787211,2017-12-26T00:01:57.207,BUY,0.00577987,0.32515205
65787218,2017-12-26T00:01:57.673,BUY,0.00577987,0.15113549
65787224,2017-12-26T00:01:58.097,BUY,0.00577987,1.56976051
65787236,2017-12-26T00:01:59.237,BUY,0.00577987,6.50441916
65787239,2017-12-26T00:01:59.47,BUY,0.00577987,1.29704972
65787244,2017-12-26T00:01:59.69,BUY,0.00577987,2.98490956
65787247,2017-12-26T00:01:59.767,BUY,0.00577987,2.16757351
65787248,2017-12-26T00:01:59.767,BUY,0.00577989,4.88107876
65787249,2017-12-26T00:01:59.767,BUY,0.00577989,3.91188432
65787250,2017-12-26T00:01:59.767,BUY,0.0057799,32.40790101
65787251,2017-12-26T00:01:59.767,BUY,0.0057799,2.642244
65787252,2017-12-26T00:01:59.767,BUY,0.0057799,11.2923518
65787257,2017-12-26T00:02:00.143,BUY,0.0057799,4.76505735
65787268,2017-12-26T00:02:01.347,SELL,0.00577985,113.00191953
65787276,2017-12-26T00:02:01.847,BUY,0.00577727,1.93651207
65787278,2017-12-26T00:02:01.923,BUY,0.00577729,0.30614898
65787285,2017-12-26T00:02:03.063,BUY,0.00577728,9.26114221
65787288,2017-12-26T00:02:03.237,BUY,0.00577728,2.41948162
65787292,2017-12-26T00:02:03.41,SELL,0.00566325,0.61114053
65787294,2017-12-26T00:02:03.533,SELL,0.00566325,22.1454
65787295,2017-12-26T00:02:03.55,SELL,0.00566325,71.88025947
65787296,2017-12-26T00:02:03.55,SELL,0.00566325,33.27234396
65787302,2017-12-26T00:02:03.847,BUY,0.00577728,3.31937617
65787303,2017-12-26T00:02:03.847,BUY,0.00577984,51.3908504
65787304,2017-12-26T00:02:03.847,BUY,0.00577985,0.8900408
65787305,2017-12-26T00:02:03.847,BUY,0.00577985,0.97291028
65787306,2017-12-26T00:02:03.847,BUY,0.00577987,0.11147774
65787307,2017-12-26T00:02:03.847,BUY,0.00577987,28.46450234
65787312,2017-12-26T00:02:04.02,BUY,0.00577987,13.83645907
65787315,2017-12-26T00:02:04.143,BUY,0.00577987,2.51569996
65787318,2017-12-26T00:02:04.643,SELL,0.00566331,20.82
65787324,2017-12-26T00:02:05.47,BUY,0.00577987,10.0
65787327,2017-12-26T00:02:06.05,BUY,0.0057268,30.29948874
65787344,2017-12-26T00:02:08.36,BUY,0.00566339,9.88057467
65787347,2017-12-26T00:02:08.627,BUY,0.00566339,7.3460934
65787349,2017-12-26T00:02:08.707,BUY,0.00566339,16.20911485
65787350,2017-12-26T00:02:08.707,BUY,0.0057268,2.3777983
65787352,2017-12-26T00:02:09.067,SELL,0.00566333,6.94
65787354,2017-12-26T00:02:09.173,BUY,0.0057268,0.34959414
65787360,2017-12-26T00:02:09.987,BUY,0.00566333,0.97213284
65787363,2017-12-26T00:02:10.27,SELL,0.00566334,6.56
65787373,2017-12-26T00:02:11.19,BUY,0.0057268,3.62544642
65787378,2017-12-26T00:02:11.503,BUY,0.0057268,4.088546
65787379,2017-12-26T00:02:11.503,BUY,0.0057268,2.86260169
65787381,2017-12-26T00:02:11.783,BUY,0.0057268,2.20100737
65787383,2017-12-26T00:02:11.923,BUY,0.0057268,6.71588019
65787384,2017-12-26T00:02:11.923,BUY,0.00577982,6.94
65787385,2017-12-26T00:02:11.923,BUY,0.00577982,3.10175756
65787387,2017-12-26T00:02:12.067,SELL,0.00566339,1.650814
65787392,2017-12-26T00:02:12.72,SELL,0.0057268,1.4170663
65787393,2017-12-26T00:02:12.72,SELL,0.00566339,6.8029337
65787394,2017-12-26T00:02:12.753,SELL,0.00566339,7.32950038
65787401,2017-12-26T00:02:13.377,BUY,0.0057268,9.24854518
65787411,2017-12-26T00:02:14.923,BUY,0.0057268,0.16031895
65787415,2017-12-26T00:02:15.503,BUY,0.00577982,4.43037528
65787416,2017-12-26T00:02:15.503,BUY,0.00577982,3.79063507
65787417,2017-12-26T00:02:15.503,BUY,0.00577982,1.46774442
65787422,2017-12-26T00:02:15.987,BUY,0.00577982,9.3873609
65787423,2017-12-26T00:02:16.033,SELL,0.0057268,4.41462123
65787427,2017-12-26T00:02:16.19,BUY,0.00577982,10.17124783
65787428,2017-12-26T00:02:16.19,BUY,0.00577983,1.07474764
65787429,2017-12-26T00:02:16.19,BUY,0.00577983,2.26929224
65787430,2017-12-26T00:02:16.19,BUY,0.00577986,0.80144741
65787433,2017-12-26T00:02:16.283,SELL,0.0057268,0.48108345
65787436,2017-12-26T00:02:16.74,SELL,0.0057268,2.11678864
65787437,2017-12-26T00:02:16.74,SELL,0.0057268,1.32644178
65787438,2017-12-26T00:02:16.74,SELL,0.00566341,3.5692629
65787440,2017-12-26T00:02:17.08,SELL,0.00566341,0.25951063
65787447,2017-12-26T00:02:18.363,BUY,0.00567223,1.73812987
65787448,2017-12-26T00:02:18.363,BUY,0.00572679,7.27216022
65787453,2017-12-26T00:02:18.69,BUY,0.00572679,3.58136927
65787462,2017-12-26T00:02:20.987,SELL,0.00566349,3.44323042
65787465,2017-12-26T00:02:21.02,BUY,0.00567221,4.28374855
65787473,2017-12-26T00:02:22.487,BUY,0.00567221,1.0
65787476,2017-12-26T00:02:22.69,BUY,0.00567221,65.52958369
65787477,2017-12-26T00:02:23.003,SELL,0.00566349,5.02901495
65787480,2017-12-26T00:02:23.19,BUY,0.00567221,6.00744714
65787485,2017-12-26T00:02:23.707,BUY,0.00567221,6.32028008
65787488,2017-12-26T00:02:24.393,BUY,0.00567221,30.72071075
65787489,2017-12-26T00:02:24.393,BUY,0.00572671,2.8271003
65787490,2017-12-26T00:02:24.55,SELL,0.00566349,11.28068994
65787492,2017-12-26T00:02:24.613,BUY,0.00572671,9.55226689
65787494,2017-12-26T00:02:25.817,BUY,0.0057267,0.10716911
65787496,2017-12-26T00:02:26.113,SELL,0.0056635,0.52970871
65787503,2017-12-26T00:02:27.27,SELL,0.00567221,10.97441333
65787504,2017-12-26T00:02:27.27,SELL,0.0056635,7.90423405
65787509,2017-12-26T00:02:27.533,BUY,0.00572669,3.5692629
65787510,2017-12-26T00:02:27.533,BUY,0.0057267,1.12894883
65787511,2017-12-26T00:02:27.533,BUY,0.00572671,8.38858365
65787512,2017-12-26T00:02:27.533,BUY,0.00572679,75.63249473
65787513,2017-12-26T00:02:27.533,BUY,0.00577986,11.81046621
65787515,2017-12-26T00:02:27.66,SELL,0.00566356,1.184183
65787516,2017-12-26T00:02:28.097,SELL,0.00566356,2.58641348
65787518,2017-12-26T00:02:28.427,SELL,0.00566356,23.52232018
65787520,2017-12-26T00:02:28.58,BUY,0.00572669,0.25951063
65787521,2017-12-26T00:02:28.58,BUY,0.0057267,18.48787924
65787523,2017-12-26T00:02:28.63,SELL,0.00566356,0.8448637
65787524,2017-12-26T00:02:28.737,SELL,0.00566356,10.97441333
65787528,2017-12-26T00:02:30.113,SELL,0.00566357,20.0
65787537,2017-12-26T00:02:31.707,SELL,0.00572671,0.31575536
65787539,2017-12-26T00:02:32.19,SELL,0.00566358,0.38689132
65787541,2017-12-26T00:02:32.677,BUY,0.0057267,25.36600719
65787543,2017-12-26T00:02:33.19,BUY,0.0057267,2.56678
65787547,2017-12-26T00:02:33.38,BUY,0.00572669,4.00360088
65787550,2017-12-26T00:02:33.503,SELL,0.00566358,0.984699
65787553,2017-12-26T00:02:33.74,BUY,0.00572669,7.62508375
65787563,2017-12-26T00:02:35.363,SELL,0.0056636,6.49092829
65787565,2017-12-26T00:02:35.363,BUY,0.00572669,8.37131537
65787566,2017-12-26T00:02:35.363,BUY,0.0057267,4.0384672
65787581,2017-12-26T00:02:38.02,BUY,0.00572668,0.82686673
65787587,2017-12-26T00:02:38.457,BUY,0.00572668,5.66406156
65787588,2017-12-26T00:02:38.457,BUY,0.00572668,11.01515981
65787591,2017-12-26T00:02:39.113,SELL,0.00566361,7.08865248
65787595,2017-12-26T00:02:39.55,SELL,0.00566362,9.06182095
65787596,2017-12-26T00:02:39.63,SELL,0.00566362,17.42300678
65787597,2017-12-26T00:02:39.63,SELL,0.0056636,25.19699322
65787603,2017-12-26T00:02:41.223,SELL,0.00566363,22.2746
65787605,2017-12-26T00:02:41.597,SELL,0.00566363,3.89535518
65787606,2017-12-26T00:02:41.863,SELL,0.00566363,22.2746
65787611,2017-12-26T00:02:43.41,BUY,0.0057266,9.43037456
65787614,2017-12-26T00:02:44.003,SELL,0.00566363,4.60634482
65787615,2017-12-26T00:02:44.003,SELL,0.00566362,19.39617525
65787616,2017-12-26T00:02:44.003,SELL,0.00566359,0.25464317
65787617,2017-12-26T00:02:44.02,SELL,0.00566358,0.35313353
65787618,2017-12-26T00:02:44.02,SELL,0.00566358,1.47742438
65787619,2017-12-26T00:02:44.02,SELL,0.00566358,21.19768116
65787620,2017-12-26T00:02:44.02,SELL,0.00566356,0.14645142
65787621,2017-12-26T00:02:44.02,SELL,0.00566351,4.41422369
65787622,2017-12-26T00:02:44.02,SELL,0.00566351,0.3531379
65787623,2017-12-26T00:02:44.02,SELL,0.00566351,3.53137895
65787624,2017-12-26T00:02:44.02,SELL,0.00566351,0.3531379
65787625,2017-12-26T00:02:44.02,SELL,0.00566351,3.53137895
65787626,2017-12-26T00:02:44.02,SELL,0.00566335,0.34900919
65787628,2017-12-26T00:02:44.537,SELL,0.00566364,0.70449833
65787629,2017-12-26T00:02:44.537,SELL,0.00566335,3.90184649
65787631,2017-12-26T00:02:45.003,SELL,0.00566335,1.0
65787632,2017-12-26T00:02:45.393,SELL,0.00566335,9.18107723
65787633,2017-12-26T00:02:45.393,SELL,0.00566334,4.46249347
65787634,2017-12-26T00:02:45.393,SELL,0.00566333,0.69079631
65787635,2017-12-26T00:02:45.393,SELL,0.00566333,0.77420502
65787636,2017-12-26T00:02:45.393,SELL,0.00566325,1.55739373
65787637,2017-12-26T00:02:45.393,SELL,0.00566322,1.72653492
65787638,2017-12-26T00:02:45.393,SELL,0.00566314,0.14811935
65787639,2017-12-26T00:02:45.393,SELL,0.00566295,1.95802039
65787640,2017-12-26T00:02:45.393,SELL,0.00566295,4.57601702
65787641,2017-12-26T00:02:45.393,SELL,0.00566292,33.74706228
65787642,2017-12-26T00:02:45.393,SELL,0.0056629,0.6477317
65787643,2017-12-26T00:02:45.393,SELL,0.0056629,0.35317593
65787644,2017-12-26T00:02:45.393,SELL,0.00566285,6.07695159
65787647,2017-12-26T00:02:45.973,BUY,0.00566363,1.50950806
65787648,2017-12-26T00:02:46.363,SELL,0.0057,3.09683676
65787649,2017-12-26T00:02:46.753,SELL,0.0057,1.88596443
65787650,2017-12-26T00:02:46.8,SELL,0.00566336,1.75593704
65787654,2017-12-26T00:02:48.643,SELL,0.00566356,13.65154234
65787655,2017-12-26T00:02:48.643,SELL,0.00566336,3.85866848
65787656,2017-12-26T00:02:48.817,SELL,0.00566336,1.76569571
65787658,2017-12-26T00:02:49.16,SELL,0.00566336,33.76055214
65787660,2017-12-26T00:02:49.677,BUY,0.00566359,5.0
65787666,2017-12-26T00:02:52.66,SELL,0.00566334,1.76570818
65787668,2017-12-26T00:02:52.927,BUY,0.00566356,5.97773067
65787670,2017-12-26T00:02:53.3,BUY,0.00566356,0.4
65787672,2017-12-26T00:02:54.067,BUY,0.00566356,0.93153584
65787673,2017-12-26T00:02:54.067,BUY,0.00566356,0.8028169
65787674,2017-12-26T00:02:54.067,BUY,0.00566359,14.17617874
65787675,2017-12-26T00:02:54.63,SELL,0.00566334,7.27381133
65787677,2017-12-26T00:02:55.223,SELL,0.00566334,0.29500792
65787678,2017-12-26T00:02:55.253,SELL,0.00566334,15.32704732
65787685,2017-12-26T00:02:57.707,BUY,0.00566313,0.12657822
65787687,2017-12-26T00:02:57.833,BUY,0.00566313,0.86317225
65787688,2017-12-26T00:02:58.707,SELL,0.00566285,0.37664712
65787690,2017-12-26T00:02:58.8,BUY,0.00566312,3.5594676
65787691,2017-12-26T00:02:58.833,SELL,0.00566285,0.6
65787698,2017-12-26T00:03:00.207,BUY,0.00566312,1.63377223
65787702,2017-12-26T00:03:00.707,SELL,0.00566285,1.76585316
65787709,2017-12-26T00:03:01.91,BUY,0.00566312,1.41951953
65787713,2017-12-26T00:03:02.897,BUY,0.00566313,8.34793626
65787721,2017-12-26T00:03:04.147,BUY,0.00566313,5.54002923
65787723,2017-12-26T00:03:04.27,BUY,0.00566313,0.75775329
65787725,2017-12-26T00:03:04.55,SELL,0.00566285,0.7920844
65787726,2017-12-26T00:03:04.55,SELL,0.00566284,2.63245986
65787730,2017-12-26T00:03:04.817,SELL,0.00566284,1.7658516
65787732,2017-12-26T00:03:04.927,SELL,0.00566284,23.86949035
65787735,2017-12-26T00:03:05.007,BUY,0.00566313,1.10782599
65787736,2017-12-26T00:03:05.007,BUY,0.00566333,26.48618392
65787737,2017-12-26T00:03:05.007,BUY,0.00566334,2.28419516
65787739,2017-12-26T00:03:05.3,SELL,0.00566284,65.94432135
65787744,2017-12-26T00:03:06.333,SELL,0.00566282,2.20698996
65787750,2017-12-26T00:03:07.693,BUY,0.00566281,0.28982717
65787751,2017-12-26T00:03:07.693,BUY,0.00566282,8.79323004
65787752,2017-12-26T00:03:07.693,BUY,0.00566284,0.64732804
65787753,2017-12-26T00:03:07.693,BUY,0.00566334,20.26961475
65787756,2017-12-26T00:03:07.723,SELL,0.00566313,0.10966856
65787757,2017-12-26T00:03:07.74,SELL,0.00566,2.60219239
65787758,2017-12-26T00:03:07.74,SELL,0.00552908,20.76532887
65787765,2017-12-26T00:03:09.397,BUY,0.00562307,0.35554447
65787767,2017-12-26T00:03:09.693,SELL,0.00552909,22.2347
65787769,2017-12-26T00:03:09.817,SELL,0.00552909,0.80905954
65787780,2017-12-26T00:03:11.147,BUY,0.00562307,1.41030869
65787781,2017-12-26T00:03:11.147,BUY,0.005659,7.34783268
65787782,2017-12-26T00:03:11.147,BUY,0.00565999,2.01534758
65787783,2017-12-26T00:03:11.147,BUY,0.00566281,26.19364437
65787784,2017-12-26T00:03:11.147,BUY,0.00566334,0.01243379
65787786,2017-12-26T00:03:11.333,SELL,0.00552915,1.33864903
65787788,2017-12-26T00:03:11.52,BUY,0.00565999,2.56662568
65787793,2017-12-26T00:03:12.053,BUY,0.00565999,3.20825852
65787802,2017-12-26T00:03:12.693,BUY,0.00561453,0.23491053
65787816,2017-12-26T00:03:14.333,SELL,0.00552916,50.2308
65787817,2017-12-26T00:03:14.333,SELL,0.00552915,37.08214298
65787818,2017-12-26T00:03:14.333,SELL,0.00552909,16.69697406
65787819,2017-12-26T00:03:14.333,SELL,0.00552908,48.65178267
65787821,2017-12-26T00:03:14.52,SELL,0.00552917,22.65302348
65787837,2017-12-26T00:03:17.66,BUY,0.00561453,6.89726634
65787838,2017-12-26T00:03:17.66,BUY,0.00565898,21.12194903
65787843,2017-12-26T00:03:18.13,BUY,0.00565897,0.12242747
65787845,2017-12-26T00:03:18.147,BUY,0.00565897,16.73306003
65787848,2017-12-26T00:03:18.96,BUY,0.00565897,0.47299963
65787851,2017-12-26T00:03:19.647,BUY,0.00565889,4.16670656
65787854,2017-12-26T00:03:20.257,BUY,0.00565889,1.86112551
65787856,2017-12-26T00:03:20.367,SELL,0.0055301,5.49220122
65787865,2017-12-26T00:03:21.6,SELL,0.00553009,6.13925671
65787867,2017-12-26T00:03:21.803,BUY,0.00565889,0.14259683
65787878,2017-12-26T00:03:23.677,BUY,0.00565888,6.13925671
65787879,2017-12-26T00:03:23.677,BUY,0.00565888,20.70571708
65787880,2017-12-26T00:03:23.677,BUY,0.00565889,31.80988156
65787887,2017-12-26T00:03:24.397,SELL,0.00553012,1.1534821
65787899,2017-12-26T00:03:26.24,SELL,0.00553019,1.36997814
65787923,2017-12-26T00:03:29.49,BUY,0.00562917,1.70536515
65787932,2017-12-26T00:03:31.303,BUY,0.00562917,3.1672551
65787940,2017-12-26T00:03:31.88,SELL,0.00562307,2.92809763
65787945,2017-12-26T00:03:32.897,BUY,0.00562917,0.33146998
65787946,2017-12-26T00:03:32.897,BUY,0.00566289,0.19095266
65787947,2017-12-26T00:03:32.897,BUY,0.00566333,1.53107445
65787948,2017-12-26T00:03:32.897,BUY,0.00566334,59.07527265
65787957,2017-12-26T00:03:33.757,BUY,0.00565884,5.49220122
65787958,2017-12-26T00:03:33.757,BUY,0.00566334,4.42710829
65787968,2017-12-26T00:03:34.71,BUY,0.00566334,0.34503462
65787969,2017-12-26T00:03:35.537,SELL,0.00562308,0.26675771
65787970,2017-12-26T00:03:35.553,SELL,0.00562307,7.07190237
65787971,2017-12-26T00:03:35.553,SELL,0.00556132,1.45731053
65787995,2017-12-26T00:03:38.147,BUY,0.00566234,1.39388955
65787996,2017-12-26T00:03:38.147,BUY,0.00566333,14.91226754
65788013,2017-12-26T00:03:39.74,BUY,0.00566333,1.73233246
65788014,2017-12-26T00:03:39.74,BUY,0.00566334,1.18314745
65788016,2017-12-26T00:03:40.007,BUY,0.00566334,7.7940675
65788019,2017-12-26T00:03:40.053,BUY,0.00566334,0.23675546
65788027,2017-12-26T00:03:41.477,BUY,0.00565883,0.26675771
65788028,2017-12-26T00:03:41.477,BUY,0.00566334,0.24063965
65788029,2017-12-26T00:03:41.477,BUY,0.00572648,12.04673777
65788053,2017-12-26T00:03:44.833,SELL,0.00562311,1.01626016
65788057,2017-12-26T00:03:46.04,SELL,0.00566363,10.0
65788066,2017-12-26T00:03:47.93,BUY,0.00562451,1.75591237
65788076,2017-12-26T00:03:49.21,SELL,0.00563001,1.85918423
65788078,2017-12-26T00:03:49.21,BUY,0.00572641,1.1534821
65788079,2017-12-26T00:03:49.21,BUY,0.00572642,22.9046201
65788083,2017-12-26T00:03:49.85,SELL,0.00563001,13.4533393
65788086,2017-12-26T00:03:49.897,SELL,0.00563001,9.1606709
65788087,2017-12-26T00:03:49.897,SELL,0.00563,38.64520647
65788088,2017-12-26T00:03:49.897,SELL,0.0056241,1.21673281
65788097,2017-12-26T00:03:50.79,SELL,0.00563002,23.76744498
65788098,2017-12-26T00:03:50.79,SELL,0.00563002,1.75475004
65788105,2017-12-26T00:03:52.053,BUY,0.00566362,19.0686
65788107,2017-12-26T00:03:52.57,SELL,0.00568648,10.0
65788108,2017-12-26T00:03:52.757,SELL,0.00568648,44.9438
65788110,2017-12-26T00:03:53.07,SELL,0.00568648,1.86218157
65788111,2017-12-26T00:03:53.54,SELL,0.00568648,7.20459917
65788112,2017-12-26T00:03:53.54,SELL,0.00562411,38.2538544
65788114,2017-12-26T00:03:53.867,BUY,0.00572641,1.0
65788118,2017-12-26T00:03:54.79,SELL,0.00562312,8.50828853
65788120,2017-12-26T00:03:54.85,SELL,0.00562312,2.6727044
65788121,2017-12-26T00:03:54.85,SELL,0.00562312,33.76497574
65788122,2017-12-26T00:03:54.913,SELL,0.00562311,0.38545771
65788123,2017-12-26T00:03:54.913,SELL,0.00562309,0.35567633
65788124,2017-12-26T00:03:54.913,SELL,0.00562309,0.35567633
65788125,2017-12-26T00:03:54.913,SELL,0.00562307,1.3557667
65788129,2017-12-26T00:03:55.837,BUY,0.00562307,4.91164429
65788130,2017-12-26T00:03:55.837,BUY,0.00562312,19.56059704
65788131,2017-12-26T00:03:55.837,BUY,0.00562411,8.96295682
65788138,2017-12-26T00:03:56.913,BUY,0.00562312,0.2637831
65788140,2017-12-26T00:03:56.943,BUY,0.00562312,7.74852044
65788141,2017-12-26T00:03:56.943,BUY,0.00562411,10.69735368
65788142,2017-12-26T00:03:56.943,BUY,0.0056864,7.93688863
65788148,2017-12-26T00:03:57.727,SELL,0.00562321,11.54630711
65788149,2017-12-26T00:03:57.727,SELL,0.00556135,0.30199879
65788153,2017-12-26T00:03:58.1,SELL,0.00556135,2.29313444
65788154,2017-12-26T00:03:58.1,SELL,0.00556134,10.97193783
65788160,2017-12-26T00:03:59.133,BUY,0.00556135,2.29313444
65788167,2017-12-26T00:04:00.227,BUY,0.00561186,3.33260842
65788168,2017-12-26T00:04:00.227,BUY,0.00561186,0.51169424
65788171,2017-12-26T00:04:00.49,SELL,0.0056231,1.93095991
65788174,2017-12-26T00:04:00.757,BUY,0.00561186,1.33240846
65788182,2017-12-26T00:04:01.803,BUY,0.00561186,2.39266901
65788184,2017-12-26T00:04:01.977,BUY,0.00561186,3.42802349
65788186,2017-12-26T00:04:02.15,BUY,0.00561186,1.92445769
65788187,2017-12-26T00:04:02.65,SELL,0.00556136,3.656851
65788190,2017-12-26T00:04:03.007,SELL,0.00556136,15.08157606
65788194,2017-12-26T00:04:03.43,BUY,0.00561186,0.3556738
65788208,2017-12-26T00:04:06.163,BUY,0.00561185,2.9584035
65788210,2017-12-26T00:04:06.633,BUY,0.00561185,5.94531814
65788217,2017-12-26T00:04:08.617,BUY,0.00561085,1.21744144
65788218,2017-12-26T00:04:08.617,BUY,0.00561183,4.06679888
65788220,2017-12-26T00:04:08.743,BUY,0.00561183,1.0
65788225,2017-12-26T00:04:09.477,SELL,0.0056,8.19814392
65788226,2017-12-26T00:04:09.477,SELL,0.00556138,0.35962297
65788227,2017-12-26T00:04:09.477,SELL,0.00556135,42.19661317
65788228,2017-12-26T00:04:09.477,SELL,0.00556134,2.4057748
65788229,2017-12-26T00:04:09.477,SELL,0.00556134,2.17043799
65788230,2017-12-26T00:04:09.477,SELL,0.00556133,41.18
65788231,2017-12-26T00:04:09.477,SELL,0.00556132,13.26507227
65788234,2017-12-26T00:04:09.883,BUY,0.00556129,18.48787923
65788237,2017-12-26T00:04:10.337,BUY,0.00556129,25.87768092
65788239,2017-12-26T00:04:10.757,BUY,0.00561077,5.05198853
65788243,2017-12-26T00:04:12.977,SELL,0.00556136,1.99326187
65788244,2017-12-26T00:04:12.977,SELL,0.00555749,9.10160416
65788245,2017-12-26T00:04:12.977,SELL,0.00553019,0.94421633
65788247,2017-12-26T00:04:13.15,BUY,0.00553019,0.21449768
65788250,2017-12-26T00:04:13.303,BUY,0.00553019,3.57161239
65788252,2017-12-26T00:04:14.01,BUY,0.00561076,2.59513323
65788253,2017-12-26T00:04:14.01,BUY,0.00561077,0.47254561
65788255,2017-12-26T00:04:14.023,BUY,0.00561077,3.38419408
65788264,2017-12-26T00:04:15.837,BUY,0.0055302,0.44548509
65788268,2017-12-26T00:04:16.26,BUY,0.0056,1.44566469
65788270,2017-12-26T00:04:16.603,SELL,0.00553012,4.54787
65788276,2017-12-26T00:04:17.447,BUY,0.0056,3.33459392
65788277,2017-12-26T00:04:17.447,BUY,0.00561074,11.40928592
65788294,2017-12-26T00:04:21.227,BUY,0.00561073,2.76015012
65788296,2017-12-26T00:04:22.727,BUY,0.00561072,25.95178159
65788297,2017-12-26T00:04:22.727,BUY,0.00561072,24.02452453
65788302,2017-12-26T00:04:23.29,BUY,0.00561072,18.86250083
65788306,2017-12-26T00:04:23.853,SELL,0.00556129,0.5951177
65788311,2017-12-26T00:04:24.273,BUY,0.00561072,0.69319147
65788312,2017-12-26T00:04:24.273,BUY,0.00561072,8.13568194
65788313,2017-12-26T00:04:24.273,BUY,0.00561073,5.96515459
65788317,2017-12-26T00:04:25.4,BUY,0.00561073,7.74969285
65788319,2017-12-26T00:04:25.493,BUY,0.00561073,1.8
65788331,2017-12-26T00:04:28.12,BUY,0.00561064,0.54005596
65788345,2017-12-26T00:04:30.353,BUY,0.00561064,0.46491286
65788350,2017-12-26T00:04:30.87,BUY,0.00561064,0.85485385
65788354,2017-12-26T00:04:31.353,BUY,0.00561064,14.92008723
65788355,2017-12-26T00:04:31.353,BUY,0.00561071,0.2637831
65788356,2017-12-26T00:04:31.353,BUY,0.00561072,5.66723214
65788378,2017-12-26T00:04:35.557,BUY,0.00561072,5.30470569
65788379,2017-12-26T00:04:35.557,BUY,0.00561073,4.58870012
65788380,2017-12-26T00:04:35.557,BUY,0.00561182,19.69999999
65788381,2017-12-26T00:04:35.557,BUY,0.00561183,47.57749691
65788401,2017-12-26T00:04:39.62,BUY,0.00561183,59.88870421
65788402,2017-12-26T00:04:39.62,BUY,0.00561183,0.22822878
65788411,2017-12-26T00:04:41.307,SELL,0.00561184,5.35520419
65788419,2017-12-26T00:04:42.01,BUY,0.00561186,0.74251855
65788420,2017-12-26T00:04:42.01,BUY,0.00568534,1.77176092
65788421,2017-12-26T00:04:42.087,SELL,0.00561184,21.37399693
65788422,2017-12-26T00:04:42.087,SELL,0.00561183,8.22129306
65788426,2017-12-26T00:04:42.587,BUY,0.00568534,8.83271672
65788428,2017-12-26T00:04:42.743,SELL,0.00561183,0.44457813
65788436,2017-12-26T00:04:43.93,SELL,0.00561185,0.725089
65788442,2017-12-26T00:04:45.43,BUY,0.00568533,1.56977079
65788446,2017-12-26T00:04:45.883,BUY,0.00568533,16.49692921
65788447,2017-12-26T00:04:45.883,BUY,0.00568534,3.60294733
65788448,2017-12-26T00:04:45.883,BUY,0.00569415,0.25
65788449,2017-12-26T00:04:45.883,BUY,0.0057171,5.35520419
65788450,2017-12-26T00:04:45.883,BUY,0.00571711,7.35534667
65788451,2017-12-26T00:04:45.883,BUY,0.00571711,5.07369089
65788452,2017-12-26T00:04:45.883,BUY,0.00571711,3.90306767
65788453,2017-12-26T00:04:45.883,BUY,0.00572146,30.1112
65788454,2017-12-26T00:04:45.883,BUY,0.00572147,7.90124429
65788460,2017-12-26T00:04:46.993,BUY,0.0057171,13.92129614
65788469,2017-12-26T00:04:48.79,BUY,0.00571709,7.48586837
65788472,2017-12-26T00:04:48.93,BUY,0.00571709,1.03
65788474,2017-12-26T00:04:49.133,BUY,0.00571709,3.56518452
65788475,2017-12-26T00:04:49.133,BUY,0.00571709,0.0961292
65788482,2017-12-26T00:04:49.79,BUY,0.00571709,0.6289598
65788483,2017-12-26T00:04:49.79,BUY,0.00571709,5.52610174
65788484,2017-12-26T00:04:50.073,SELL,0.00561285,5.81695214
65788486,2017-12-26T00:04:50.48,SELL,0.00561286,1.21981253
65788494,2017-12-26T00:04:51.743,SELL,0.00561287,3.54124574
65788498,2017-12-26T00:04:52.243,BUY,0.00571705,8.90982203
65788499,2017-12-26T00:04:52.243,BUY,0.00571707,0.93778932
65788502,2017-12-26T00:04:52.323,BUY,0.00571707,10.3198302
65788505,2017-12-26T00:04:52.417,SELL,0.00561287,0.2984584
65788508,2017-12-26T00:04:52.603,BUY,0.00571707,5.61808048
65788509,2017-12-26T00:04:52.603,BUY,0.00571708,5.81695214
65788510,2017-12-26T00:04:52.603,BUY,0.00571708,1.21981253
65788511,2017-12-26T00:04:52.603,BUY,0.00572147,27.17292203
65788513,2017-12-26T00:04:52.633,BUY,0.00572147,20.19427221
65788520,2017-12-26T00:04:53.167,BUY,0.00571709,0.21343205
65788521,2017-12-26T00:04:53.167,BUY,0.00572147,0.10667209
65788525,2017-12-26T00:04:53.993,BUY,0.00571707,7.17133884
65788533,2017-12-26T00:04:54.493,BUY,0.00572146,0.2984584
65788534,2017-12-26T00:04:54.493,BUY,0.00572147,27.70407012
65788535,2017-12-26T00:04:54.493,BUY,0.00572147,2.6793719
65788537,2017-12-26T00:04:54.62,BUY,0.00572147,1.23352264
65788538,2017-12-26T00:04:54.62,BUY,0.00572668,0.70449833
65788539,2017-12-26T00:04:54.62,BUY,0.00572669,2.93613792
65788542,2017-12-26T00:04:54.963,BUY,0.00571707,0.16332889
65788545,2017-12-26T00:04:55.34,SELL,0.00566289,0.8
65788551,2017-12-26T00:04:56.307,BUY,0.00571707,4.39049343
65788553,2017-12-26T00:04:56.447,BUY,0.00571706,0.34274626
65788559,2017-12-26T00:04:56.823,BUY,0.00571706,5.68099142
65788563,2017-12-26T00:04:57.4,BUY,0.00571706,3.34474813
65788566,2017-12-26T00:04:57.76,BUY,0.00571706,6.97741419
65788567,2017-12-26T00:04:57.76,BUY,0.00571707,29.11229731
65788573,2017-12-26T00:04:58.667,SELL,0.00561288,2.87510299
65788576,2017-12-26T00:04:58.87,BUY,0.00571707,1.37900572
65788578,2017-12-26T00:04:59.417,BUY,0.00571707,0.40563496
65788699,2017-12-26T00:05:08.963,BUY,0.00571706,7.19984512
65788700,2017-12-26T00:05:08.963,BUY,0.00571707,0.74028301
65788701,2017-12-26T00:05:08.963,BUY,0.00571707,7.13086641
65788702,2017-12-26T00:05:09.2,SELL,0.00566794,0.19455893
65788703,2017-12-26T00:05:09.2,SELL,0.00561293,26.72401045
65788704,2017-12-26T00:05:09.2,SELL,0.00561292,19.7
65788705,2017-12-26T00:05:09.2,SELL,0.00561291,57.80109622
65788706,2017-12-26T00:05:09.2,SELL,0.0056129,0.26724153
65788707,2017-12-26T00:05:09.2,SELL,0.00561289,5.06090199
65788708,2017-12-26T00:05:09.2,SELL,0.00561289,28.04904416
65788709,2017-12-26T00:05:09.2,SELL,0.00561289,0.23385907
65788710,2017-12-26T00:05:09.2,SELL,0.00561288,12.30884056
65788711,2017-12-26T00:05:09.2,SELL,0.00561286,0.60521508
65788712,2017-12-26T00:05:09.2,SELL,0.00561285,1.61479378
65788714,2017-12-26T00:05:09.213,BUY,0.00561285,12.87753898
65788717,2017-12-26T00:05:09.493,BUY,0.00561285,1.39745187
65788720,2017-12-26T00:05:10.137,BUY,0.00561285,4.83144123
65788722,2017-12-26T00:05:10.463,BUY,0.00561285,4.6342348
65788724,2017-12-26T00:05:10.463,BUY,0.00561285,26.22818413
65788726,2017-12-26T00:05:10.573,BUY,0.00561285,0.83703103
65788730,2017-12-26T00:05:12.4,BUY,0.00561284,15.0
65788732,2017-12-26T00:05:12.683,BUY,0.00561284,5.76208426
65788734,2017-12-26T00:05:12.713,BUY,0.00561284,30.12217614
65788736,2017-12-26T00:05:12.747,BUY,0.00561284,6.91683582
65788737,2017-12-26T00:05:12.747,BUY,0.00561284,25.46135984
65788738,2017-12-26T00:05:12.9,SELL,0.00561285,16.10883447
65788743,2017-12-26T00:05:13.807,BUY,0.00566794,5.76208426
65788744,2017-12-26T00:05:13.807,BUY,0.00571707,12.04600594
65788745,2017-12-26T00:05:13.823,SELL,0.00561193,0.71098979
65788746,2017-12-26T00:05:13.823,SELL,0.00561192,10.78213939
65788747,2017-12-26T00:05:13.823,SELL,0.0056119,7.13954089
65788748,2017-12-26T00:05:13.823,SELL,0.00561184,2.45350692
65788749,2017-12-26T00:05:13.823,SELL,0.00561158,30.53521165
65788750,2017-12-26T00:05:13.823,SELL,0.00561073,8.68711409
65788751,2017-12-26T00:05:13.823,SELL,0.00561073,4.7705287
65788752,2017-12-26T00:05:13.823,SELL,0.00558,4.41910278
65788753,2017-12-26T00:05:13.823,SELL,0.00556299,8.96550236
65788758,2017-12-26T00:05:14.573,BUY,0.00556299,57.54085795
65788760,2017-12-26T00:05:14.573,BUY,0.00556299,7.95421003
65788762,2017-12-26T00:05:14.713,BUY,0.00556299,55.3487
65788766,2017-12-26T00:05:15.103,BUY,0.00556299,26.72434374
65788768,2017-12-26T00:05:15.167,BUY,0.00556299,0.36097779
65788771,2017-12-26T00:05:15.213,BUY,0.00556299,25.62841426
65788774,2017-12-26T00:05:15.417,BUY,0.00556299,26.72434374
65788777,2017-12-26T00:05:15.73,BUY,0.00556299,1.22244061
65788779,2017-12-26T00:05:15.777,BUY,0.00556299,281.78381075
65788780,2017-12-26T00:05:15.777,BUY,0.00561158,22.0667
65788781,2017-12-26T00:05:15.777,BUY,0.0056119,18.74738987
65788783,2017-12-26T00:05:16.043,SELL,0.00561284,0.33416358
65788784,2017-12-26T00:05:16.043,BUY,0.00565199,0.36097779
65788786,2017-12-26T00:05:16.2,SELL,0.00566284,0.07373442
65788791,2017-12-26T00:05:17.15,SELL,0.00561707,9.56480153
65788795,2017-12-26T00:05:17.747,BUY,0.00565235,0.63725537
65788796,2017-12-26T00:05:17.747,BUY,0.00571703,3.3088062
65788797,2017-12-26T00:05:18.09,SELL,0.00561707,2.90942765
65788798,2017-12-26T00:05:18.417,SELL,0.00561707,42.2598
65788800,2017-12-26T00:05:18.84,BUY,0.00571702,0.4433793
65788809,2017-12-26T00:05:19.95,BUY,0.00571702,2.34581621
65788810,2017-12-26T00:05:20.26,SELL,0.00561708,45.29401964
65788817,2017-12-26T00:05:20.683,BUY,0.00566793,0.26724153
65788818,2017-12-26T00:05:20.683,BUY,0.00571701,18.37535467
65788823,2017-12-26T00:05:21.26,BUY,0.00571701,4.03783061
65788826,2017-12-26T00:05:21.9,SELL,0.00566284,0.2220491
65788828,2017-12-26T00:05:22.073,SELL,0.00566284,1.14643075
65788836,2017-12-26T00:05:23.34,SELL,0.00566284,2.79424026
65788839,2017-12-26T00:05:23.667,SELL,0.00565235,2.49777248
65788840,2017-12-26T00:05:23.667,SELL,0.00561708,6.96994105
65788842,2017-12-26T00:05:23.823,BUY,0.005717,1.8091651
65788844,2017-12-26T00:05:24.323,BUY,0.00565235,2.49777248
65788850,2017-12-26T00:05:25.293,SELL,0.00566284,6.68112246
65788851,2017-12-26T00:05:25.293,SELL,0.00561709,0.78668783
65788852,2017-12-26T00:05:25.293,SELL,0.00561708,24.043789
65788853,2017-12-26T00:05:25.31,SELL,0.00561707,16.88891453
65788856,2017-12-26T00:05:25.4,BUY,0.00571699,3.824306
65788857,2017-12-26T00:05:25.4,BUY,0.00571699,3.47992835
65788858,2017-12-26T00:05:25.573,SELL,0.00561709,0.26704218
65788859,2017-12-26T00:05:25.573,SELL,0.00561707,12.6559062
65788860,2017-12-26T00:05:25.573,SELL,0.00561707,26.9048188
65788865,2017-12-26T00:05:26.183,BUY,0.00571698,22.87991273
65788866,2017-12-26T00:05:26.183,BUY,0.00571699,26.85996383
65788868,2017-12-26T00:05:26.26,BUY,0.00571699,4.90160263
65788877,2017-12-26T00:05:27.31,BUY,0.00571699,18.40143261
65788878,2017-12-26T00:05:27.31,BUY,0.005717,15.0
65788879,2017-12-26T00:05:27.31,BUY,0.005717,21.49829363
65788880,2017-12-26T00:05:27.34,SELL,0.00566284,5.04174821
65788884,2017-12-26T00:05:27.667,SELL,0.00571699,15.0
65788887,2017-12-26T00:05:28.2,BUY,0.005717,2.76065051
65788888,2017-12-26T00:05:28.2,BUY,0.00571706,7.67657702
65788891,2017-12-26T00:05:28.653,SELL,0.005717,0.14259683
65788895,2017-12-26T00:05:28.76,SELL,0.005717,1.52202943
65788896,2017-12-26T00:05:28.76,SELL,0.00571699,27.17675233
65788899,2017-12-26T00:05:29.107,SELL,0.00566284,4.71493837
65788901,2017-12-26T00:05:29.31,SELL,0.00566284,4.42045822
65788903,2017-12-26T00:05:29.387,BUY,0.00566284,0.62128999
65788904,2017-12-26T00:05:29.387,BUY,0.00566284,9.13539659
65788905,2017-12-26T00:05:29.387,BUY,0.00571698,12.51501833
65788907,2017-12-26T00:05:29.387,BUY,0.00571698,4.40075079
65788908,2017-12-26T00:05:29.51,SELL,0.00561719,5.04174821
65788912,2017-12-26T00:05:29.857,SELL,0.00561719,21.66199512
65788913,2017-12-26T00:05:29.857,SELL,0.00561718,12.94865235
65788952,2017-12-26T00:05:34.903,BUY,0.00571695,26.23767485
65788953,2017-12-26T00:05:34.903,BUY,0.00571695,57.81978789
65788954,2017-12-26T00:05:34.903,BUY,0.00571696,4.80457269
65788956,2017-12-26T00:05:35.09,BUY,0.00571696,4.86131663
65788958,2017-12-26T00:05:35.09,BUY,0.00571696,15.33411068
65788959,2017-12-26T00:05:35.09,BUY,0.00571696,15.0
65788960,2017-12-26T00:05:35.107,BUY,0.00571696,20.19427221
65788961,2017-12-26T00:05:35.107,BUY,0.00571696,27.7547255
65788962,2017-12-26T00:05:35.107,BUY,0.00571697,31.88187683
65788964,2017-12-26T00:05:35.247,BUY,0.00571697,0.75541415
65788965,2017-12-26T00:05:35.37,SELL,0.00566284,7.19711971
65788967,2017-12-26T00:05:35.403,SELL,0.00566284,0.53060961
65788969,2017-12-26T00:05:35.59,SELL,0.00566284,0.63415267
65788970,2017-12-26T00:05:35.59,SELL,0.0056172,0.17990704
65788980,2017-12-26T00:05:37.26,SELL,0.00566284,8.75081642
65788991,2017-12-26T00:05:38.7,SELL,0.00566284,1.56976051
65788994,2017-12-26T00:05:39.403,SELL,0.00566284,42.5627
65788995,2017-12-26T00:05:39.433,SELL,0.00566284,13.60453579
65788996,2017-12-26T00:05:39.433,SELL,0.00561819,26.51856777
65788997,2017-12-26T00:05:39.433,SELL,0.00561819,26.23292176
65788998,2017-12-26T00:05:39.433,SELL,0.00561818,7.40589476
65788999,2017-12-26T00:05:39.433,SELL,0.00561719,4.8924334
65789000,2017-12-26T00:05:39.433,SELL,0.00561719,0.19202366
65789001,2017-12-26T00:05:39.433,SELL,0.00561719,0.79911984
65789002,2017-12-26T00:05:39.433,SELL,0.00561718,0.41205969
65789003,2017-12-26T00:05:39.433,SELL,0.00561718,17.43601361
65789004,2017-12-26T00:05:39.433,SELL,0.00561718,18.57006034
65789005,2017-12-26T00:05:39.433,SELL,0.00561708,6.00211925
65789006,2017-12-26T00:05:39.433,SELL,0.00561707,2.89502175
65789007,2017-12-26T00:05:39.433,SELL,0.00561707,2.62373723
65789009,2017-12-26T00:05:39.433,BUY,0.00561707,23.87205874
65789010,2017-12-26T00:05:39.76,SELL,0.0056182,34.81635302
65789011,2017-12-26T00:05:39.76,SELL,0.00561289,6.59981215
65789016,2017-12-26T00:05:40.403,BUY,0.00566284,1.73873635
65789018,2017-12-26T00:05:40.87,SELL,0.00566284,1.210572
65789019,2017-12-26T00:05:40.87,SELL,0.00566284,9.37896462
65789021,2017-12-26T00:05:40.903,BUY,0.00566284,1.68151262
65789022,2017-12-26T00:05:40.95,SELL,0.00566284,1.4754099
65789023,2017-12-26T00:05:40.95,SELL,0.00561819,5.8176901
65789027,2017-12-26T00:05:42.2,SELL,0.00566284,6.377531
65789030,2017-12-26T00:05:42.683,BUY,0.00566199,0.16879698
65789032,2017-12-26T00:05:42.717,BUY,0.00566199,0.83481321
65789034,2017-12-26T00:05:42.793,BUY,0.00566298,14.38787773
65789035,2017-12-26T00:05:42.84,SELL,0.00566284,0.16518679
65789036,2017-12-26T00:05:43.887,SELL,0.00561289,0.32010414
65789042,2017-12-26T00:05:44.98,BUY,0.00566284,9.24782541
65789043,2017-12-26T00:05:45.263,SELL,0.00566284,13.90240548
65789044,2017-12-26T00:05:45.357,SELL,0.00566284,14.97239207
65789052,2017-12-26T00:05:47.09,BUY,0.00566283,6.47715585
65789053,2017-12-26T00:05:47.293,SELL,0.00561707,0.63496687
65789054,2017-12-26T00:05:47.293,SELL,0.00561289,5.45320326
65789056,2017-12-26T00:05:47.357,BUY,0.00566282,1.26741829
65789058,2017-12-26T00:05:47.387,BUY,0.00566282,24.96550347
65789059,2017-12-26T00:05:47.387,BUY,0.00566283,11.65113133
65789060,2017-12-26T00:05:47.387,BUY,0.00566284,34.13407865
65789063,2017-12-26T00:05:47.433,BUY,0.00566297,0.45858397
65789064,2017-12-26T00:05:47.467,SELL,0.00566284,58.68841176
65789065,2017-12-26T00:05:47.573,SELL,0.00566284,4.9595029
65789067,2017-12-26T00:05:47.747,SELL,0.00566284,0.46606848
65789069,2017-12-26T00:05:47.81,SELL,0.00566284,0.26704218
65789070,2017-12-26T00:05:48.06,SELL,0.00566284,7.29521614
65789073,2017-12-26T00:05:48.293,BUY,0.00566284,2.58535853
65789074,2017-12-26T00:05:48.293,BUY,0.00566297,94.26604006
65789078,2017-12-26T00:05:48.84,SELL,0.00566284,15.07099454
65789081,2017-12-26T00:05:49.03,SELL,0.00566284,1.21245285
65789082,2017-12-26T00:05:49.34,SELL,0.00566284,3.75469742
65789091,2017-12-26T00:05:50.34,BUY,0.00566284,1.21245285
65789092,2017-12-26T00:05:50.59,SELL,0.00566284,1.87236464
65789093,2017-12-26T00:05:50.59,SELL,0.00566282,4.90713274
65789094,2017-12-26T00:05:50.59,SELL,0.00566282,1.0
65789095,2017-12-26T00:05:50.59,SELL,0.0056129,0.35365807
65789097,2017-12-26T00:05:50.73,BUY,0.0056129,11.90498935
65789101,2017-12-26T00:05:50.95,BUY,0.00566297,1.89038245
65789103,2017-12-26T00:05:51.323,SELL,0.00566284,6.9845764
65789106,2017-12-26T00:05:51.827,BUY,0.00566274,6.78591592
65789108,2017-12-26T00:05:51.98,BUY,0.00566274,4.75478781
65789109,2017-12-26T00:05:51.98,BUY,0.00566297,13.5862555
65789110,2017-12-26T00:05:52.2,SELL,0.00561291,1.24386721
65789115,2017-12-26T00:05:52.637,BUY,0.00566284,0.30936602
65789117,2017-12-26T00:05:52.763,SELL,0.00561292,1.01401602
65789118,2017-12-26T00:05:52.997,SELL,0.00561292,4.90713274
65789119,2017-12-26T00:05:53.747,SELL,0.00561292,6.9845764
65789123,2017-12-26T00:05:54.903,SELL,0.0056129,1.13235041
65789124,2017-12-26T00:05:54.903,SELL,0.00561289,5.85222599
65789134,2017-12-26T00:05:56.183,BUY,0.00566283,0.91632644
65789138,2017-12-26T00:05:56.543,BUY,0.00566274,0.19482703
65789141,2017-12-26T00:05:56.827,BUY,0.00566274,0.17281044
65789147,2017-12-26T00:05:58.013,BUY,0.00566274,5.47857884
65789148,2017-12-26T00:05:58.013,BUY,0.00566283,0.42158975
65789150,2017-12-26T00:05:58.043,BUY,0.00566283,1.54213219
65789153,2017-12-26T00:05:58.2,BUY,0.00566283,0.6407789
65789155,2017-12-26T00:05:58.98,SELL,0.00561289,0.44337931
65789161,2017-12-26T00:06:00.217,BUY,0.00566273,0.71032148
65789162,2017-12-26T00:06:00.217,BUY,0.00566283,8.79555548
65789164,2017-12-26T00:06:00.327,BUY,0.00566283,3.59994368
65789165,2017-12-26T00:06:00.327,BUY,0.00566283,1.43280858
65789167,2017-12-26T00:06:00.53,BUY,0.00566283,0.46954154
65789168,2017-12-26T00:06:00.53,BUY,0.00566283,0.41340765
65789171,2017-12-26T00:06:00.92,SELL,0.00561292,6.82094347
65789173,2017-12-26T00:06:00.98,SELL,0.00561292,0.20000036
65789176,2017-12-26T00:06:02.06,SELL,0.00561292,6.43912051
65789177,2017-12-26T00:06:02.06,SELL,0.00561289,13.36857036
65789184,2017-12-26T00:06:04.23,BUY,0.00561292,0.23566918
65789186,2017-12-26T00:06:04.53,BUY,0.00561292,6.70103532
65789187,2017-12-26T00:06:04.53,BUY,0.00566282,11.89170914
65789188,2017-12-26T00:06:04.53,BUY,0.00566283,0.66081509
65789189,2017-12-26T00:06:04.53,BUY,0.00566283,2.536249
65789191,2017-12-26T00:06:04.59,BUY,0.00566283,0.07456243
65789192,2017-12-26T00:06:04.59,BUY,0.00566283,0.22543757
65789195,2017-12-26T00:06:04.95,BUY,0.00566273,1.90028233
65789196,2017-12-26T00:06:04.95,BUY,0.00566282,0.22087447
65789199,2017-12-26T00:06:05.873,SELL,0.0056129,0.35692701
65789201,2017-12-26T00:06:06.217,SELL,0.0056129,7.62423917
65789202,2017-12-26T00:06:07.217,SELL,0.0056129,5.83726195
65789204,2017-12-26T00:06:07.293,BUY,0.0056129,0.35692701
65789205,2017-12-26T00:06:07.293,BUY,0.00566282,0.13360036
65789208,2017-12-26T00:06:08.483,BUY,0.0056129,5.83726195
65789209,2017-12-26T00:06:08.497,SELL,0.0056129,4.40075079
65789212,2017-12-26T00:06:09.937,SELL,0.0056129,15.47212453
65789213,2017-12-26T00:06:09.937,SELL,0.00561289,73.80746344
65789216,2017-12-26T00:06:10.59,SELL,0.00561291,46.4560898
65789217,2017-12-26T00:06:10.59,SELL,0.00561289,1.92376662
65789218,2017-12-26T00:06:10.59,SELL,0.00561289,1.161259
65789219,2017-12-26T00:06:10.59,SELL,0.00561289,8.514357
65789220,2017-12-26T00:06:10.59,SELL,0.00561289,1.06516452
65789221,2017-12-26T00:06:10.59,SELL,0.00561289,0.26750273
65789223,2017-12-26T00:06:11.03,BUY,0.0056129,2.00812362
65789227,2017-12-26T00:06:12.403,BUY,0.0056129,0.80466047
65789229,2017-12-26T00:06:12.45,SELL,0.00561289,1.03215
65789230,2017-12-26T00:06:12.45,SELL,0.00561289,1.50792466
65789231,2017-12-26T00:06:12.45,SELL,0.00561289,0.3
65789232,2017-12-26T00:06:12.45,SELL,0.00561284,22.19465223
65789235,2017-12-26T00:06:12.903,BUY,0.0056129,2.19470182
65789239,2017-12-26T00:06:14.043,SELL,0.00561284,2.67557119
65789243,2017-12-26T00:06:15.043,SELL,0.00561284,6.86197282
65789248,2017-12-26T00:06:15.217,BUY,0.00561289,2.84007466
65789249,2017-12-26T00:06:15.217,BUY,0.0056129,4.14641814
65789253,2017-12-26T00:06:16.64,SELL,0.00561284,5.0
65789254,2017-12-26T00:06:17.077,SELL,0.00561284,7.18816708
65789255,2017-12-26T00:06:17.733,SELL,0.00561284,0.23577055
65789256,2017-12-26T00:06:17.733,SELL,0.00561284,2.21150441
65789257,2017-12-26T00:06:17.733,SELL,0.00561284,2.19508632
65789258,2017-12-26T00:06:17.733,SELL,0.00561284,9.10299092
65789259,2017-12-26T00:06:17.763,SELL,0.00561284,1.72242415
65789260,2017-12-26T00:06:17.95,SELL,0.00561072,0.47505375
65789262,2017-12-26T00:06:18,BUY,0.00561284,5.54995186
65789268,2017-12-26T00:06:21.34,SELL,0.00561072,0.77846237
65789269,2017-12-26T00:06:21.373,SELL,0.00561072,20.55718877
65789270,2017-12-26T00:06:22.077,SELL,0.00561072,3.224022
65789271,2017-12-26T00:06:22.093,SELL,0.00561072,1.13725296
65789273,2017-12-26T00:06:22.873,BUY,0.00561072,2.15176905
65789275,2017-12-26T00:06:23.14,BUY,0.00561072,69.4272678
65789277,2017-12-26T00:06:23.373,BUY,0.00561072,12.66862898
65789279,2017-12-26T00:06:25.967,BUY,0.00561072,3.42029263
65789280,2017-12-26T00:06:26.7,SELL,0.00561072,2.13944881
65789281,2017-12-26T00:06:26.92,SELL,0.00561072,6.93335958
65789283,2017-12-26T00:06:27.03,BUY,0.00561072,11.30163741
65789284,2017-12-26T00:06:27.03,BUY,0.00561284,3.18350156
65789285,2017-12-26T00:06:27.03,BUY,0.00561284,11.99547181
65789287,2017-12-26T00:06:27.123,BUY,0.00561284,9.79605844
65789288,2017-12-26T00:06:27.123,BUY,0.00561284,1.40387197
65789289,2017-12-26T00:06:27.123,BUY,0.00561289,1.95192638
65789290,2017-12-26T00:06:27.123,BUY,0.0056129,26.84814321
65789292,2017-12-26T00:06:27.373,SELL,0.00561072,0.18084902
65789293,2017-12-26T00:06:27.373,SELL,0.00561,0.81857713
65789294,2017-12-26T00:06:27.373,SELL,0.00561,11.55470898
65789295,2017-12-26T00:06:27.483,SELL,0.00561,2.36926501
65789296,2017-12-26T00:06:27.483,SELL,0.00561,3.42838874
65789298,2017-12-26T00:06:27.873,BUY,0.0056129,12.23285827
65789299,2017-12-26T00:06:28.92,SELL,0.00561,20.05737316
65789303,2017-12-26T00:06:29.297,SELL,0.00561,30.68737388
65789304,2017-12-26T00:06:29.327,SELL,0.00556299,5.65448982
65789305,2017-12-26T00:06:29.327,SELL,0.00556299,1.36295591
65789310,2017-12-26T00:06:31.2,SELL,0.005563,18.17093986
65789312,2017-12-26T00:06:31.467,BUY,0.00561072,10.35747578
65789314,2017-12-26T00:06:31.89,SELL,0.005563,38.02686014
65789315,2017-12-26T00:06:31.89,SELL,0.00556299,11.97313986
65789316,2017-12-26T00:06:32.577,SELL,0.00556299,4.16272011
65789318,2017-12-26T00:06:32.717,BUY,0.00561071,2.55879331
65789319,2017-12-26T00:06:32.717,BUY,0.00561072,0.05751329
65789324,2017-12-26T00:06:35.56,SELL,0.00556306,1.41951953
65789326,2017-12-26T00:06:35.797,BUY,0.00561072,1.72
65789329,2017-12-26T00:06:37.483,SELL,0.00556306,9.07280839
65789331,2017-12-26T00:06:37.733,SELL,0.00556306,74.29260645
65789332,2017-12-26T00:06:37.733,SELL,0.00556299,6.29048105
65789333,2017-12-26T00:06:37.733,SELL,0.00556299,4.53735126
65789334,2017-12-26T00:06:37.733,SELL,0.00556139,18.57015797
65789338,2017-12-26T00:06:39.967,BUY,0.00556299,3.63481605
65789341,2017-12-26T00:06:40.75,SELL,0.00556138,0.71745231
65789342,2017-12-26T00:06:40.763,SELL,0.00556136,1.5891799
65789344,2017-12-26T00:06:40.983,BUY,0.00556299,19.24056925
65789348,2017-12-26T00:06:42.407,SELL,0.00556306,27.3650086
65789349,2017-12-26T00:06:42.407,SELL,0.00556299,0.2553386
65789351,2017-12-26T00:06:42.547,BUY,0.00556139,15.50808437
65789353,2017-12-26T00:06:42.67,BUY,0.00556139,18.00033817
65789362,2017-12-26T00:06:47,SELL,0.0055614,25.14562075
65789363,2017-12-26T00:06:47.093,SELL,0.0055614,19.48239764
65789365,2017-12-26T00:06:47.75,SELL,0.0055614,10.13588161
65789366,2017-12-26T00:06:47.75,SELL,0.00556139,0.18394859
65789370,2017-12-26T00:06:49.437,BUY,0.00556299,24.89085334
65789371,2017-12-26T00:06:49.437,BUY,0.00556299,6.88224318
65789377,2017-12-26T00:06:51.767,BUY,0.00556299,4.52146427
65789379,2017-12-26T00:06:52.063,BUY,0.00556299,1.06820029
65789380,2017-12-26T00:06:54.703,SELL,0.0055614,16.55525838
65789381,2017-12-26T00:06:54.703,SELL,0.00556138,1.59110116
65789382,2017-12-26T00:06:54.703,SELL,0.00556136,9.36310346
65789385,2017-12-26T00:06:55.577,BUY,0.00556141,8.64385562
65789387,2017-12-26T00:06:56.873,SELL,0.00556136,7.48586838
65789390,2017-12-26T00:06:58.42,SELL,0.00556136,9.80256297
65789395,2017-12-26T00:06:59.123,BUY,0.00556141,1.59663376
65789396,2017-12-26T00:06:59.453,SELL,0.00556136,83.24588588
65789398,2017-12-26T00:07:02.67,SELL,0.00556136,88.45098102
65789400,2017-12-26T00:07:02.937,BUY,0.00556141,12.91822882
65789403,2017-12-26T00:07:04.75,SELL,0.00556141,137.38053922
65789404,2017-12-26T00:07:04.75,SELL,0.00556141,0.22307137
65789405,2017-12-26T00:07:05.203,SELL,0.00556136,0.89594102
65789407,2017-12-26T00:07:05.453,SELL,0.00556136,8.53754459
65789408,2017-12-26T00:07:05.453,BUY,0.00556138,0.54660782
65789411,2017-12-26T00:07:06.657,BUY,0.00556138,1.45505138
65789414,2017-12-26T00:07:07.22,BUY,0.00556138,2.80029365
65789416,2017-12-26T00:07:08,SELL,0.00556136,1.37900572
65789418,2017-12-26T00:07:10.39,SELL,0.00556136,9.35311762
65789424,2017-12-26T00:07:13.28,SELL,0.00556136,57.3030334
65789427,2017-12-26T00:07:14.28,SELL,0.00556136,51.0900076
65789429,2017-12-26T00:07:14.61,BUY,0.00556137,13.00022643
65789432,2017-12-26T00:07:16.407,SELL,0.00556136,1.73631192
65789433,2017-12-26T00:07:16.627,SELL,0.00556136,9.73352871
65789436,2017-12-26T00:07:17.157,BUY,0.00556137,1.76309486
65789437,2017-12-26T00:07:17.237,SELL,0.00556136,16.55494158
65789438,2017-12-26T00:07:17.563,SELL,0.00556136,16.55494158
65789440,2017-12-26T00:07:18.313,SELL,0.00556136,9.08634705
65789446,2017-12-26T00:07:19.673,SELL,0.00556136,2.56678
65789448,2017-12-26T00:07:20.423,BUY,0.00556137,0.8
65789452,2017-12-26T00:07:20.69,BUY,0.00556137,1.59765025
65789457,2017-12-26T00:07:21.737,BUY,0.00556137,9.20939227
65789462,2017-12-26T00:07:22.547,BUY,0.00556137,0.24189486
65789465,2017-12-26T00:07:23.093,BUY,0.00556137,3.85405671
65789468,2017-12-26T00:07:23.627,BUY,0.00556137,17.54699232
65789471,2017-12-26T00:07:24,BUY,0.00556137,10.67531222
65789472,2017-12-26T00:07:24,BUY,0.00556137,14.22440958
65789474,2017-12-26T00:07:24.313,SELL,0.00556137,4.05183043
65789475,2017-12-26T00:07:24.313,SELL,0.00556136,41.94182299
65789480,2017-12-26T00:07:26.203,SELL,0.00556136,2.24933832
65789484,2017-12-26T00:07:27.22,SELL,0.00556137,10.70892949
65789485,2017-12-26T00:07:27.22,SELL,0.00556136,2.56168117
65789489,2017-12-26T00:07:28.423,SELL,0.00556136,2.92150258
65789490,2017-12-26T00:07:28.423,SELL,0.00556136,1.83165157
65789491,2017-12-26T00:07:28.423,SELL,0.00556136,2.41932658
65789492,2017-12-26T00:07:28.423,SELL,0.00556136,1.42823565
65789493,2017-12-26T00:07:28.423,SELL,0.00556136,16.06085837
65789495,2017-12-26T00:07:28.767,BUY,0.00556137,0.95256852
65789503,2017-12-26T00:07:30.47,BUY,0.00556137,0.18743699
65789504,2017-12-26T00:07:30.953,SELL,0.00556136,11.77704634
65789508,2017-12-26T00:07:31.47,SELL,0.00556136,9.03116011
65789522,2017-12-26T00:07:35.19,SELL,0.00556136,0.14021101
65789523,2017-12-26T00:07:35.347,SELL,0.00556136,24.55382099
65789525,2017-12-26T00:07:35.487,BUY,0.00556137,6.30703212
65789537,2017-12-26T00:07:38.953,BUY,0.00556137,1.79695949
65789538,2017-12-26T00:07:38.953,BUY,0.00556137,0.18189892
65789541,2017-12-26T00:07:39.347,SELL,0.00556136,0.23675546
65789543,2017-12-26T00:07:40.673,BUY,0.00556137,3.76416265
65789544,2017-12-26T00:07:40.673,BUY,0.00556137,14.90854891
65789547,2017-12-26T00:07:41.25,BUY,0.00556137,1.44465869
65789548,2017-12-26T00:07:41.25,BUY,0.00556137,0.43780083
65789550,2017-12-26T00:07:41.25,BUY,0.00556137,4.99174752
65789552,2017-12-26T00:07:41.767,BUY,0.00556137,1.76798074
65789553,2017-12-26T00:07:41.783,BUY,0.00556138,8.13549289
65789556,2017-12-26T00:07:42.25,SELL,0.00556136,10.52472152
65789558,2017-12-26T00:07:42.44,SELL,0.00556136,1.31037125
65789560,2017-12-26T00:07:43.627,BUY,0.00556137,0.95057108
65789562,2017-12-26T00:07:44.11,BUY,0.00556137,13.98063464
65789570,2017-12-26T00:07:46.643,BUY,0.00556137,3.40983758
65789571,2017-12-26T00:07:46.643,BUY,0.00556138,108.73576642
65789575,2017-12-26T00:07:47.33,SELL,0.00556137,1.07140263
65789576,2017-12-26T00:07:47.47,SELL,0.00556137,3.45358261
65789579,2017-12-26T00:07:49.61,BUY,0.00556137,8.16558784
65789580,2017-12-26T00:07:51.253,SELL,0.00556137,0.20587188
65789583,2017-12-26T00:07:53.017,BUY,0.00556138,1.0
65789592,2017-12-26T00:07:57.097,BUY,0.00556138,49.75296457
65789594,2017-12-26T00:07:57.423,BUY,0.00556138,0.79527713
65789602,2017-12-26T00:07:59.11,SELL,0.00556137,11.80642321
65789604,2017-12-26T00:07:59.16,BUY,0.00556138,0.36221476
65789607,2017-12-26T00:07:59.423,BUY,0.00556138,2.5
65789612,2017-12-26T00:08:01.253,BUY,0.00556138,4.59584525
65789614,2017-12-26T00:08:02.033,BUY,0.00556138,1.22215669
65789619,2017-12-26T00:08:02.503,BUY,0.00556138,3.34795175
65789622,2017-12-26T00:08:03.363,BUY,0.00556138,7.93505046
65789625,2017-12-26T00:08:03.77,BUY,0.00556138,7.19810936
65789627,2017-12-26T00:08:04.003,SELL,0.00556137,1.4170663
65789631,2017-12-26T00:08:04.487,BUY,0.00556138,1.54922168
65789634,2017-12-26T00:08:04.69,SELL,0.00556137,8.96550236
65789640,2017-12-26T00:08:06.613,BUY,0.00556138,0.55912552
65789642,2017-12-26T00:08:07.16,SELL,0.00556137,1.12411043
65789647,2017-12-26T00:08:08.503,SELL,0.00556137,1.73257751
65789648,2017-12-26T00:08:08.503,SELL,0.00556137,1.65332519
65789649,2017-12-26T00:08:08.503,SELL,0.00556137,4.13561787
65789654,2017-12-26T00:08:09.487,BUY,0.00556138,13.00904053
65789661,2017-12-26T00:08:12.317,SELL,0.00556137,4.9841483
65789664,2017-12-26T00:08:13.05,BUY,0.00556137,2.58208877
65789665,2017-12-26T00:08:13.05,BUY,0.00556138,3.62817498
65789667,2017-12-26T00:08:13.393,BUY,0.00556138,73.11540233
65789669,2017-12-26T00:08:13.457,BUY,0.00556138,27.51676292
65789674,2017-12-26T00:08:14.457,BUY,0.00556137,2.6418874
65789676,2017-12-26T00:08:14.987,BUY,0.00556137,1.03070813
65789677,2017-12-26T00:08:15.143,SELL,0.00556136,5.53944362
65789678,2017-12-26T00:08:15.143,SELL,0.00556136,13.4753723
65789679,2017-12-26T00:08:15.143,SELL,0.00556136,0.11415021
65789680,2017-12-26T00:08:15.143,SELL,0.00556136,0.12023288
65789681,2017-12-26T00:08:15.143,SELL,0.00556136,31.74154485
65789684,2017-12-26T00:08:15.94,BUY,0.00556137,1.23453721
65789685,2017-12-26T00:08:15.94,BUY,0.00556138,27.83511484
65789687,2017-12-26T00:08:16.19,BUY,0.00556138,0.17705109
65789691,2017-12-26T00:08:16.597,BUY,0.00556138,0.64699671
65789695,2017-12-26T00:08:17.363,SELL,0.00556136,6.9864928
65789697,2017-12-26T00:08:18.033,BUY,0.00556138,3.31026398
65789709,2017-12-26T00:08:22.19,BUY,0.00556137,0.97518204
65789710,2017-12-26T00:08:22.19,BUY,0.00556137,2.5167425
65789711,2017-12-26T00:08:22.19,BUY,0.00556138,73.89719943
65789715,2017-12-26T00:08:22.817,BUY,0.00556138,5.50094004
65789724,2017-12-26T00:08:24.91,BUY,0.00556138,41.0483
65789726,2017-12-26T00:08:25.643,BUY,0.00556138,23.21055844
65789728,2017-12-26T00:08:25.753,BUY,0.00556138,61.01329044
65789729,2017-12-26T00:08:25.753,BUY,0.00556138,1.09754315
65789730,2017-12-26T00:08:25.753,BUY,0.00556138,1.48791053
65789741,2017-12-26T00:08:28.27,BUY,0.00556299,5.02493252
65789746,2017-12-26T00:08:28.817,BUY,0.00556299,6.50706067
65789747,2017-12-26T00:08:28.817,BUY,0.00556299,0.61927069
65789757,2017-12-26T00:08:30.503,BUY,0.00556299,0.58072931
65789758,2017-12-26T00:08:30.503,BUY,0.00556299,23.304855
65789759,2017-12-26T00:08:30.503,BUY,0.00556299,8.34793625
65789761,2017-12-26T00:08:30.74,SELL,0.0055614,58.69672348
65789762,2017-12-26T00:08:30.74,SELL,0.00556139,25.58212643
65789764,2017-12-26T00:08:30.863,BUY,0.00556299,22.5951
65789765,2017-12-26T00:08:30.893,SELL,0.00556139,1.38954792
65789766,2017-12-26T00:08:30.893,SELL,0.00556138,43.61045208
65789772,2017-12-26T00:08:31.973,BUY,0.00556299,72.32376052
65789775,2017-12-26T00:08:32.38,SELL,0.00556299,1.8
65789779,2017-12-26T00:08:32.52,BUY,0.005565,8.34793625
65789783,2017-12-26T00:08:33.317,SELL,0.005565,4.38435634
65789787,2017-12-26T00:08:33.597,BUY,0.00561073,1.76875005
65789789,2017-12-26T00:08:33.847,BUY,0.00561073,16.98535651
65789790,2017-12-26T00:08:34.037,SELL,0.00561073,0.2
65789793,2017-12-26T00:08:34.52,SELL,0.00561073,5.16174349
65789794,2017-12-26T00:08:34.52,SELL,0.005565,2.3880754
65789795,2017-12-26T00:08:34.52,SELL,0.00556299,22.5752272
65789799,2017-12-26T00:08:34.787,BUY,0.00561074,7.1801034
65789807,2017-12-26T00:08:36.787,SELL,0.00556299,0.56619663
65789811,2017-12-26T00:08:37.38,BUY,0.00561074,0.44498035
65789812,2017-12-26T00:08:37.38,BUY,0.00561074,6.8389807
65789814,2017-12-26T00:08:38.16,BUY,0.00561073,15.0
65789815,2017-12-26T00:08:38.177,BUY,0.00561074,33.37209919
65789820,2017-12-26T00:08:38.63,SELL,0.005563,9.91367401
65789821,2017-12-26T00:08:39.38,SELL,0.005563,1.54213219
65789826,2017-12-26T00:08:41.333,BUY,0.00561065,0.99603328
65789829,2017-12-26T00:08:41.753,BUY,0.00561,14.21620261
65789830,2017-12-26T00:08:41.753,BUY,0.00561065,38.36038394
65789835,2017-12-26T00:08:42.693,SELL,0.005563,0.76216956
65789847,2017-12-26T00:08:45.02,SELL,0.005563,2.62373722
65789848,2017-12-26T00:08:45.1,SELL,0.005563,0.61840165
65789858,2017-12-26T00:08:46.833,BUY,0.00561064,4.48620235
65789861,2017-12-26T00:08:47.147,BUY,0.00561064,2.40011381
65789863,2017-12-26T00:08:47.3,BUY,0.00561064,7.01106661
65789869,2017-12-26T00:08:49.1,BUY,0.00561064,1.10261723
65789870,2017-12-26T00:08:49.1,BUY,0.00561064,3.19080793
65789871,2017-12-26T00:08:49.1,BUY,0.00561065,9.31229651
65789878,2017-12-26T00:08:49.833,BUY,0.00561065,9.91178892
65789879,2017-12-26T00:08:49.85,BUY,0.00561065,2.08230362
65789883,2017-12-26T00:08:50.49,SELL,0.00561065,6.7052
65789884,2017-12-26T00:08:50.693,SELL,0.00561065,4.235e-05
65789886,2017-12-26T00:08:50.927,BUY,0.00560942,4.48620235
65789891,2017-12-26T00:08:51.397,BUY,0.00561065,2.69247466
65789892,2017-12-26T00:08:51.397,BUY,0.00561065,1.55353543
65789893,2017-12-26T00:08:51.567,SELL,0.00561065,15.0
65789898,2017-12-26T00:08:52.943,SELL,0.00561065,6.72619769
65789899,2017-12-26T00:08:52.943,SELL,0.00561064,3.27380231
65789904,2017-12-26T00:08:53.8,SELL,0.00561064,1.63370997
65789912,2017-12-26T00:08:54.99,SELL,0.00561064,5.39171727
65789913,2017-12-26T00:08:54.99,SELL,0.00561064,3.64732729
65789914,2017-12-26T00:08:54.99,SELL,0.00560942,0.93418337
65789915,2017-12-26T00:08:54.99,SELL,0.005563,0.10483792
65789916,2017-12-26T00:08:54.99,SELL,0.005563,4.43678149
65789917,2017-12-26T00:08:54.99,SELL,0.005563,7.36260508
65789918,2017-12-26T00:08:54.99,SELL,0.005563,1.50936876
65789919,2017-12-26T00:08:54.99,SELL,0.005563,1.42911685
65789920,2017-12-26T00:08:54.99,SELL,0.005563,0.70978033
65789921,2017-12-26T00:08:54.99,SELL,0.005563,6.18202423
65789922,2017-12-26T00:08:54.99,SELL,0.00556299,0.70433247
65789923,2017-12-26T00:08:55.007,SELL,0.00556299,0.73341674
65789924,2017-12-26T00:08:55.007,SELL,0.00556299,0.68442176
65789925,2017-12-26T00:08:55.007,SELL,0.00556299,1.20650019
65789926,2017-12-26T00:08:55.007,SELL,0.00556137,17.5401728
65789934,2017-12-26T00:08:57.053,BUY,0.00560942,0.6477317
65789935,2017-12-26T00:08:57.053,BUY,0.00560942,0.27412873
65789937,2017-12-26T00:08:57.1,BUY,0.00560942,1.32250503
65789938,2017-12-26T00:08:57.1,BUY,0.00561065,4.05215735
65789939,2017-12-26T00:08:57.1,BUY,0.00561073,0.02620527
65789942,2017-12-26T00:08:58.147,BUY,0.00560942,35.11975195
65789944,2017-12-26T00:08:58.803,BUY,0.00560942,1.05507564
65789953,2017-12-26T00:09:02.177,BUY,0.00560941,1.03123563
65789955,2017-12-26T00:09:02.507,BUY,0.00560941,13.96876437
65789956,2017-12-26T00:09:02.507,BUY,0.00560942,4.5888297
65789958,2017-12-26T00:09:03.257,BUY,0.00560942,13.10110468
65789959,2017-12-26T00:09:03.88,SELL,0.00561073,6.73933498
65789961,2017-12-26T00:09:04.85,SELL,0.00561073,4.26439975
65789964,2017-12-26T00:09:05.74,SELL,0.0055614,4.22384078
65789965,2017-12-26T00:09:05.867,SELL,0.0055614,0.97941243
65789969,2017-12-26T00:09:06.927,BUY,0.00561073,15.0
65789970,2017-12-26T00:09:06.927,BUY,0.00561074,9.54188468
65789971,2017-12-26T00:09:06.943,BUY,0.00561074,4.53735126
65789972,2017-12-26T00:09:06.943,BUY,0.00561074,5.2673197
65789973,2017-12-26T00:09:06.943,BUY,0.00561074,0.44484396
65789974,2017-12-26T00:09:06.943,BUY,0.00565138,0.40539743
65789975,2017-12-26T00:09:06.943,BUY,0.0056514,1.19655341
65789981,2017-12-26T00:09:10.037,SELL,0.0056514,8.00445904
65789986,2017-12-26T00:09:10.473,BUY,0.00565234,0.1603638
65789987,2017-12-26T00:09:10.473,BUY,0.00565822,0.45440135
65789988,2017-12-26T00:09:10.663,SELL,0.0056514,7.55662866
65789989,2017-12-26T00:09:10.82,SELL,0.00561074,3.36493413
65789990,2017-12-26T00:09:10.82,SELL,0.00556137,26.49428637
65789991,2017-12-26T00:09:10.82,SELL,0.00556136,12.40760387
65790002,2017-12-26T00:09:12.583,BUY,0.00563208,0.67284984
65790009,2017-12-26T00:09:14.85,SELL,0.00560942,6.54314383
65790010,2017-12-26T00:09:14.85,SELL,0.00556236,7.47685432
65790011,2017-12-26T00:09:14.85,SELL,0.00556138,0.45444985
65790012,2017-12-26T00:09:14.85,SELL,0.00556136,21.91890244
65790014,2017-12-26T00:09:15.007,BUY,0.00563208,0.14841667
65790020,2017-12-26T00:09:16.07,BUY,0.00563208,2.73543032
65790023,2017-12-26T00:09:16.1,BUY,0.00563208,0.21387803
65790028,2017-12-26T00:09:17.443,SELL,0.00563208,1.2636858
65790033,2017-12-26T00:09:18.93,SELL,0.00556139,0.26971674
65790034,2017-12-26T00:09:18.93,SELL,0.00556136,3.09255072
65790035,2017-12-26T00:09:18.93,SELL,0.00556136,1.69378723
65790036,2017-12-26T00:09:18.93,SELL,0.00556136,6.12493824
65790043,2017-12-26T00:09:22.287,SELL,0.00556136,9.47584892
65790044,2017-12-26T00:09:22.287,SELL,0.00556136,3.14860101
65790045,2017-12-26T00:09:22.287,SELL,0.00556136,1.13610787
65790046,2017-12-26T00:09:22.287,SELL,0.00556136,0.48552242
65790047,2017-12-26T00:09:22.287,SELL,0.00556136,1.0
65790048,2017-12-26T00:09:22.287,SELL,0.00556129,0.31500748
65790050,2017-12-26T00:09:23.93,BUY,0.00563198,7.69501678
65790057,2017-12-26T00:09:28.273,SELL,0.00556136,1.73747844
65790059,2017-12-26T00:09:29.18,BUY,0.00556136,3.32342355
65790060,2017-12-26T00:09:29.18,BUY,0.00563098,2.44794184
65790063,2017-12-26T00:09:30.553,BUY,0.00563098,12.55205816
65790064,2017-12-26T00:09:30.553,BUY,0.00563099,7.47647142
65790065,2017-12-26T00:09:30.553,BUY,0.00563099,2.51569996
65790066,2017-12-26T00:09:30.553,BUY,0.00563197,1.71213236
65790067,2017-12-26T00:09:30.553,BUY,0.00563198,0.55912552
65790068,2017-12-26T00:09:30.553,BUY,0.00563198,4.86131662
65790069,2017-12-26T00:09:30.553,BUY,0.00563199,18.39999999
65790070,2017-12-26T00:09:30.553,BUY,0.00563199,11.06635794
65790073,2017-12-26T00:09:30.977,BUY,0.00563198,4.09907197
65790074,2017-12-26T00:09:30.977,BUY,0.00563199,1.24248262
65790075,2017-12-26T00:09:30.977,BUY,0.005632,43.95287028
65790076,2017-12-26T00:09:30.977,BUY,0.005632,1.86893048
65790092,2017-12-26T00:09:34.99,BUY,0.00556136,1.54922168
65790093,2017-12-26T00:09:34.99,BUY,0.00556136,2.3458162
65790094,2017-12-26T00:09:34.99,BUY,0.00563197,25.25959049
65790095,2017-12-26T00:09:34.99,BUY,0.00563198,15.65811002
65790098,2017-12-26T00:09:36.1,SELL,0.00556129,1.7548786
65790099,2017-12-26T00:09:36.1,SELL,0.00556001,1.7651756
65790100,2017-12-26T00:09:36.1,SELL,0.00556,10.0
65790109,2017-12-26T00:09:37.57,BUY,0.00556,5.17928069
65790118,2017-12-26T00:09:41.693,SELL,0.005563,4.82071931
65790120,2017-12-26T00:09:41.803,BUY,0.00556,1.86192189
65790122,2017-12-26T00:09:42.32,BUY,0.00556,0.19219397
65790128,2017-12-26T00:09:43.837,BUY,0.00556,0.35962168
65790131,2017-12-26T00:09:44.35,BUY,0.00556,0.0697775
65790132,2017-12-26T00:09:44.35,BUY,0.00556,0.92062925
65790138,2017-12-26T00:09:46.29,BUY,0.00556,0.42664534
65790143,2017-12-26T00:09:47.523,BUY,0.00556,0.74825032
65790144,2017-12-26T00:09:47.633,SELL,0.00553026,1.47742438
65790146,2017-12-26T00:09:48.133,BUY,0.00556,2.3989074
65790151,2017-12-26T00:09:49.57,BUY,0.00556,1.45088583
65790152,2017-12-26T00:09:49.57,BUY,0.00556,1.8910471
65790156,2017-12-26T00:09:52.57,SELL,0.00553024,0.74729343
65790164,2017-12-26T00:09:55.447,BUY,0.00556,10.34181117
65790165,2017-12-26T00:09:55.447,BUY,0.00556,1.86112551
65790166,2017-12-26T00:09:55.447,BUY,0.00556,3.99597398
65790167,2017-12-26T00:09:55.447,BUY,0.00556,0.40563496
65790168,2017-12-26T00:09:55.447,BUY,0.00556,0.39545438
65790172,2017-12-26T00:09:56.087,BUY,0.00556,18.24714182
65790173,2017-12-26T00:09:56.087,BUY,0.00556,16.27692929
65790184,2017-12-26T00:09:58.26,SELL,0.00553025,3.72179627
65790185,2017-12-26T00:09:58.26,SELL,0.00553017,27.12394013
65790186,2017-12-26T00:09:58.26,SELL,0.00553011,54.22830446
65790187,2017-12-26T00:09:58.26,SELL,0.00553011,0.58476151
65790188,2017-12-26T00:09:58.26,SELL,0.0055301,17.18301126
65790189,2017-12-26T00:09:58.26,SELL,0.00553,17.18332198
65790190,2017-12-26T00:09:58.26,SELL,0.00552917,3.8282328
65790191,2017-12-26T00:09:58.26,SELL,0.00552902,0.36172776
65790193,2017-12-26T00:09:58.4,BUY,0.00552902,36.86664169
65790199,2017-12-26T00:10:00.51,BUY,0.00552902,5.98652156
65790208,2017-12-26T00:10:02.523,SELL,0.00552901,2.33389078
65790212,2017-12-26T00:10:04.163,SELL,0.00552901,0.26971674
65790217,2017-12-26T00:10:05.04,SELL,0.00552901,0.34274626
65790218,2017-12-26T00:10:05.117,SELL,0.00552901,2.52936497
65790224,2017-12-26T00:10:05.947,BUY,0.00552898,3.32161632
65790225,2017-12-26T00:10:05.947,BUY,0.00552902,24.40964228
65790226,2017-12-26T00:10:05.947,BUY,0.00552902,19.9554721
65790228,2017-12-26T00:10:06.353,BUY,0.00552901,1.18441953
65790229,2017-12-26T00:10:06.353,BUY,0.00552902,0.81558047
65790237,2017-12-26T00:10:07.18,BUY,0.00552901,3.10135428
65790238,2017-12-26T00:10:07.18,BUY,0.00552901,0.8
65790239,2017-12-26T00:10:07.18,BUY,0.00552902,0.43724813
65790240,2017-12-26T00:10:07.18,BUY,0.00552902,6.66171183
65790241,2017-12-26T00:10:07.18,BUY,0.00552902,2.36238178
65790242,2017-12-26T00:10:07.18,BUY,0.00552902,0.46491286
65790243,2017-12-26T00:10:07.18,BUY,0.00552902,0.98511623
65790245,2017-12-26T00:10:07.197,BUY,0.00552902,8.22427604
65790250,2017-12-26T00:10:08.32,SELL,0.00552902,2.11439714
65790255,2017-12-26T00:10:09.727,SELL,0.00552902,10.82541507
65790256,2017-12-26T00:10:09.82,SELL,0.00552902,4.71203856
65790260,2017-12-26T00:10:10.82,BUY,0.00555997,0.12837892
65790264,2017-12-26T00:10:11.993,SELL,0.00552902,10.98228667
65790265,2017-12-26T00:10:11.993,SELL,0.00552861,3.84273985
65790266,2017-12-26T00:10:11.993,SELL,0.00552678,0.45889584
65790267,2017-12-26T00:10:11.993,SELL,0.00552678,1.4130517
65790278,2017-12-26T00:10:16.76,SELL,0.00552861,0.57101833
65790279,2017-12-26T00:10:16.76,SELL,0.00552678,2.75290193
65790281,2017-12-26T00:10:17.353,BUY,0.00552678,5.93722195
65790282,2017-12-26T00:10:17.353,BUY,0.00552902,1.80789858
65790283,2017-12-26T00:10:17.353,BUY,0.00552902,1.09754316
65790284,2017-12-26T00:10:17.353,BUY,0.00552902,13.74443631
65790294,2017-12-26T00:10:19.743,BUY,0.00552678,0.85682191
65790295,2017-12-26T00:10:19.743,BUY,0.00552678,0.49418121
65790296,2017-12-26T00:10:19.743,BUY,0.00552902,21.25556369
65790303,2017-12-26T00:10:21.337,BUY,0.00552902,0.34959414
65790304,2017-12-26T00:10:21.337,BUY,0.00552902,18.64888505
65790305,2017-12-26T00:10:21.337,BUY,0.00552902,2.73543032
65790309,2017-12-26T00:10:21.98,SELL,0.00552902,9.12229965
65790312,2017-12-26T00:10:22.4,SELL,0.00552902,10.74883684
65790313,2017-12-26T00:10:22.4,SELL,0.00552902,9.08088937
65790314,2017-12-26T00:10:22.4,SELL,0.00552902,10.85183269
65790317,2017-12-26T00:10:22.823,BUY,0.00552902,1.80411719
65790321,2017-12-26T00:10:23.493,BUY,0.00552902,0.29004251
65790326,2017-12-26T00:10:24.48,BUY,0.00552902,2.69773712
65790327,2017-12-26T00:10:24.48,BUY,0.00552902,3.59856535
65790329,2017-12-26T00:10:25.54,BUY,0.00552902,23.74457668
65790331,2017-12-26T00:10:25.587,BUY,0.00552902,16.35196379
65790332,2017-12-26T00:10:25.587,BUY,0.00552902,5.90016859
65790333,2017-12-26T00:10:25.587,BUY,0.00552902,3.02210523
65790334,2017-12-26T00:10:25.603,SELL,0.00552902,17.27072909
65790337,2017-12-26T00:10:25.883,BUY,0.0055598,25.64120097
65790338,2017-12-26T00:10:25.883,BUY,0.00555981,15.0
65790339,2017-12-26T00:10:25.883,BUY,0.00555982,0.48568578
65790340,2017-12-26T00:10:25.883,BUY,0.00555983,1.47742438
65790341,2017-12-26T00:10:25.883,BUY,0.00555996,6.00211925
65790342,2017-12-26T00:10:25.883,BUY,0.00555997,1.38040954
65790343,2017-12-26T00:10:25.883,BUY,0.00555997,2.03339806
65790351,2017-12-26T00:10:27.98,SELL,0.00552902,1.3147965
65790352,2017-12-26T00:10:27.98,SELL,0.00552902,2.04571472
65790357,2017-12-26T00:10:28.353,BUY,0.00555997,0.60848934
65790358,2017-12-26T00:10:28.353,BUY,0.00555999,1.48273916
65790359,2017-12-26T00:10:28.353,BUY,0.00556,90.25377428
