43389230,2017-12-25T23:56:21.223,SELL,7.145e-05,42.134831
43389244,2017-12-25T23:56:26.927,BUY,7.215e-05,15.90041268
43389245,2017-12-25T23:56:27.613,SELL,7.145e-05,1269.76076277
43389254,2017-12-25T23:56:35.16,SELL,7.148e-05,50.0
43389263,2017-12-25T23:56:39.583,SELL,7.151e-05,825.25513931
43389264,2017-12-25T23:56:39.583,SELL,7.149e-05,1029.85983565
43389265,2017-12-25T23:56:39.6,SELL,7.149e-05,157.52117163
43389266,2017-12-25T23:56:39.943,SELL,7.149e-05,308.88569272
43389268,2017-12-25T23:56:40.177,BUY,7.149e-05,277.16186252
43389273,2017-12-25T23:56:41.863,SELL,7.148e-05,871.238499
43389275,2017-12-25T23:56:42.147,BUY,7.214e-05,26.57130977
43389280,2017-12-25T23:56:43.35,BUY,7.214e-05,141.69482059
43389287,2017-12-25T23:56:49.02,BUY,7.215e-05,124.86328552
43389288,2017-12-25T23:56:49.02,BUY,7.215e-05,24.40089791
43389289,2017-12-25T23:56:49.02,BUY,7.215e-05,262.69255813
43389291,2017-12-25T23:56:49.07,BUY,7.215e-05,334.37494187
43389292,2017-12-25T23:56:49.07,BUY,7.215e-05,411.95674156
43389297,2017-12-25T23:56:50.787,SELL,7.148e-05,439.67385358
43389298,2017-12-25T23:56:50.787,SELL,7.148e-05,560.32614642
43389300,2017-12-25T23:56:51.27,BUY,7.214e-05,165.19585427
43389302,2017-12-25T23:56:52.24,BUY,7.214e-05,346.3543356
43389304,2017-12-25T23:56:52.38,BUY,7.214e-05,81.06791013
43389305,2017-12-25T23:56:52.38,BUY,7.216e-05,409.6465427
43389307,2017-12-25T23:56:53.723,BUY,7.216e-05,884.5453167
43389308,2017-12-25T23:56:53.723,BUY,7.216e-05,100.0
43389309,2017-12-25T23:56:53.723,BUY,7.216e-05,3618.77460434
43389310,2017-12-25T23:56:53.723,BUY,7.217e-05,35.23105974
43389324,2017-12-25T23:57:00.397,BUY,7.218e-05,13.85041551
43389334,2017-12-25T23:57:05.96,BUY,7.218e-05,345.63595685
43389353,2017-12-25T23:57:11.163,BUY,7.217e-05,3464.04323126
43389354,2017-12-25T23:57:11.163,BUY,7.219e-05,20.0
43389355,2017-12-25T23:57:11.163,BUY,7.219e-05,124.65428
43389358,2017-12-25T23:57:11.617,BUY,7.229e-05,5536.33218
43389359,2017-12-25T23:57:11.63,SELL,7.228e-05,3281.254835
43389362,2017-12-25T23:57:12.413,SELL,7.228e-05,3.2e-07
43389372,2017-12-25T23:57:15.07,BUY,7.217e-05,3467.07974857
43389384,2017-12-25T23:57:16.88,BUY,7.216e-05,542.8904
43389385,2017-12-25T23:57:17.193,SELL,7.217e-05,516.17266581
43389408,2017-12-25T23:57:23.68,BUY,7.217e-05,13.82552191
43389421,2017-12-25T23:57:26.193,BUY,7.216e-05,10.0
43389423,2017-12-25T23:57:26.507,BUY,7.216e-05,518.0249
43389424,2017-12-25T23:57:26.507,BUY,7.217e-05,0.16049207
43389425,2017-12-25T23:57:26.507,BUY,7.217e-05,1385.6173
43389431,2017-12-25T23:57:27.977,SELL,7.216e-05,10.0
43389437,2017-12-25T23:57:28.897,BUY,7.228e-05,26.5198506
43389440,2017-12-25T23:57:29.117,BUY,7.228e-05,500.4350494
43389441,2017-12-25T23:57:29.117,BUY,7.228e-05,2957.85793718
43389459,2017-12-25T23:57:34.57,BUY,7.226e-05,3459.25003459
43389480,2017-12-25T23:57:38.82,BUY,7.226e-05,5536.33218
43389491,2017-12-25T23:57:40.977,SELL,7.216e-05,7.7383592
43389492,2017-12-25T23:57:40.977,SELL,7.216e-05,142.2616408
43389498,2017-12-25T23:57:42.07,BUY,7.229e-05,9.18019234
43389506,2017-12-25T23:57:44.257,SELL,7.228e-05,27.67030991
43389507,2017-12-25T23:57:44.257,SELL,7.216e-05,49.90193584
43389515,2017-12-25T23:57:46.07,BUY,7.216e-05,132.49795308
43389528,2017-12-25T23:57:47.633,BUY,7.216e-05,4789.92980117
43389532,2017-12-25T23:57:48.76,SELL,7.216e-05,516.46987852
43389543,2017-12-25T23:57:52.603,SELL,7.227e-05,30.88880814
43389570,2017-12-25T23:58:04.273,BUY,7.216e-05,8.51922287
43389571,2017-12-25T23:58:04.273,BUY,7.225e-05,329.80673665
43389572,2017-12-25T23:58:04.663,SELL,7.165e-05,51.23390749
43389578,2017-12-25T23:58:07.32,SELL,7.166e-05,14.0
43389587,2017-12-25T23:58:12.243,BUY,7.218e-05,273.72745434
43389588,2017-12-25T23:58:12.243,BUY,7.225e-05,27.17354865
43389600,2017-12-25T23:58:16.523,BUY,7.2e-05,149.7447
43389615,2017-12-25T23:58:25.76,SELL,7.2e-05,364.20850651
43389616,2017-12-25T23:58:25.76,SELL,7.177e-05,1371.74814114
43389617,2017-12-25T23:58:25.76,SELL,7.174e-05,6898.53495616
43389619,2017-12-25T23:58:26.527,BUY,7.225e-05,500.0
43389621,2017-12-25T23:58:26.93,SELL,7.225e-05,1500.0
43389622,2017-12-25T23:58:26.93,SELL,7.17e-05,1238.129832
43389626,2017-12-25T23:58:29.383,SELL,7.17e-05,200.0
43389643,2017-12-25T23:58:38.323,SELL,7.174e-05,737.70208367
43389646,2017-12-25T23:58:38.51,SELL,7.175e-05,1000.0
43389656,2017-12-25T23:58:44.463,BUY,7.226e-05,660.95306985
43389659,2017-12-25T23:58:45.73,SELL,7.175e-05,1735.05195783
43389665,2017-12-25T23:58:48.15,SELL,7.179e-05,85.41176658
43389666,2017-12-25T23:58:48.15,SELL,7.175e-05,288.60197153
43389668,2017-12-25T23:58:48.887,SELL,7.177e-05,20.0
43389675,2017-12-25T23:58:54.137,SELL,7.177e-05,739.32027711
43389681,2017-12-25T23:58:58.057,SELL,7.177e-05,865.95372612
43389682,2017-12-25T23:58:58.057,SELL,7.176e-05,134.04627388
43389684,2017-12-25T23:58:58.247,BUY,7.226e-05,13.83891502
43389690,2017-12-25T23:59:01.293,SELL,7.177e-05,22.0
43389691,2017-12-25T23:59:05.62,SELL,7.177e-05,49.01047401
43389692,2017-12-25T23:59:08.65,SELL,7.177e-05,49.05395936
43389693,2017-12-25T23:59:10.027,SELL,7.177e-05,461.10516745
43389703,2017-12-25T23:59:13.387,BUY,7.226e-05,561.061438
43389704,2017-12-25T23:59:13.933,SELL,7.177e-05,4132.77050363
43389705,2017-12-25T23:59:13.933,SELL,7.177e-05,40.0
43389708,2017-12-25T23:59:14.497,BUY,7.177e-05,6758.73634569
43389718,2017-12-25T23:59:16.7,BUY,7.225e-05,500.0
43389719,2017-12-25T23:59:16.7,BUY,7.226e-05,1212.2585
43389726,2017-12-25T23:59:17.963,BUY,7.226e-05,5536.33218
43389730,2017-12-25T23:59:18.37,BUY,7.226e-05,4267.19714462
43389733,2017-12-25T23:59:19.12,BUY,7.226e-05,1712.2585
43389739,2017-12-25T23:59:20.26,BUY,7.226e-05,3159.26666331
43389753,2017-12-25T23:59:25.323,BUY,7.226e-05,13.26556878
43389758,2017-12-25T23:59:27.997,BUY,7.226e-05,15234.78944487
43389761,2017-12-25T23:59:29.37,BUY,7.226e-05,5536.33218
43389764,2017-12-25T23:59:33.12,BUY,7.226e-05,5536.33218
43389769,2017-12-25T23:59:37.62,BUY,7.226e-05,280.0
43389778,2017-12-25T23:59:42.637,BUY,7.189e-05,79.59219029
43389784,2017-12-25T23:59:45.887,BUY,7.189e-05,20.40780971
43389786,2017-12-25T23:59:45.887,BUY,7.226e-05,5536.6451013
43389790,2017-12-25T23:59:46.48,BUY,7.226e-05,18107.92192295
43389792,2017-12-25T23:59:48.107,BUY,7.225e-05,3786.22660594
43389794,2017-12-25T23:59:48.42,BUY,7.225e-05,3293.3979
43389797,2017-12-25T23:59:48.793,BUY,7.225e-05,69.19457514
43389800,2017-12-25T23:59:49.2,BUY,7.224e-05,2372.59221138
43389802,2017-12-25T23:59:49.827,BUY,7.224e-05,5536.33218
43389804,2017-12-25T23:59:50.433,BUY,7.224e-05,1731.215
43389806,2017-12-25T23:59:50.747,BUY,7.224e-05,1731.215
43389808,2017-12-25T23:59:51.577,BUY,7.226e-05,111.0
43389809,2017-12-25T23:59:51.577,BUY,7.226e-05,339.44662157
43389811,2017-12-25T23:59:51.78,BUY,7.226e-05,1660.55337843
43389812,2017-12-25T23:59:51.78,BUY,7.229e-05,191.42909598
43389813,2017-12-25T23:59:51.78,BUY,7.229e-05,2095.05811379
43389814,2017-12-25T23:59:51.78,BUY,7.237e-05,58.40564038
43389815,2017-12-25T23:59:51.78,BUY,7.24e-05,130.0
43389816,2017-12-25T23:59:51.78,BUY,7.242e-05,11.01262878
43389817,2017-12-25T23:59:51.78,BUY,7.242e-05,290.36737148
43389819,2017-12-25T23:59:52.653,BUY,7.241e-05,715.92206351
43389836,2017-12-25T23:59:57.873,BUY,7.241e-05,214.85087894
43389837,2017-12-25T23:59:58.467,SELL,7.224e-05,3000.0
43389848,2017-12-26T00:00:01.373,BUY,7.241e-05,64.47748765
43389850,2017-12-26T00:00:01.73,BUY,7.241e-05,3166.39853862
43389858,2017-12-26T00:00:04.467,BUY,7.241e-05,4489.13003128
43389859,2017-12-26T00:00:04.467,BUY,7.241e-05,298.19365752
43389862,2017-12-26T00:00:04.89,BUY,7.242e-05,19.34999544
43389875,2017-12-26T00:00:12.013,SELL,7.241e-05,4278.08809697
43389876,2017-12-26T00:00:12.013,SELL,7.241e-05,258.22999468
43389877,2017-12-26T00:00:12.013,SELL,7.241e-05,138.10247203
43389878,2017-12-26T00:00:12.013,SELL,7.241e-05,325.57943632
43389883,2017-12-26T00:00:15.733,SELL,7.241e-05,426.01113565
43389884,2017-12-26T00:00:15.733,SELL,7.191e-05,1378.38493739
43389885,2017-12-26T00:00:15.733,SELL,7.189e-05,129.83338773
43389886,2017-12-26T00:00:15.733,SELL,7.177e-05,500.0
43389887,2017-12-26T00:00:15.733,SELL,7.17e-05,219.52752869
43389888,2017-12-26T00:00:15.733,SELL,7.165e-05,69.60921144
43389889,2017-12-26T00:00:15.733,SELL,7.164e-05,53.40168072
43389890,2017-12-26T00:00:15.733,SELL,7.157e-05,223.23211838
43389893,2017-12-26T00:00:16.717,BUY,7.241e-05,130.56780859
43389897,2017-12-26T00:00:17.467,BUY,7.241e-05,66.40807002
43389905,2017-12-26T00:00:22.593,SELL,7.218e-05,600.0
43389906,2017-12-26T00:00:22.593,SELL,7.16e-05,1613.0214
43389907,2017-12-26T00:00:22.593,SELL,7.159e-05,1107.74055612
43389914,2017-12-26T00:00:25.45,BUY,7.158e-05,957.32614085
43389929,2017-12-26T00:00:36.233,BUY,7.24e-05,13.23991713
43389956,2017-12-26T00:00:51.53,BUY,7.24e-05,15.6958186
43389969,2017-12-26T00:00:56.547,BUY,7.237e-05,385.44591559
43389975,2017-12-26T00:00:58.983,SELL,7.172e-05,14.7674446
43389979,2017-12-26T00:01:03.627,SELL,7.172e-05,1394.3112
43389983,2017-12-26T00:01:05.78,BUY,7.238e-05,280.985382
43389985,2017-12-26T00:01:06.063,BUY,7.238e-05,11.44482324
43389986,2017-12-26T00:01:06.58,SELL,7.238e-05,381.93471176
43390027,2017-12-26T00:01:56.347,BUY,7.23e-05,598.63948859
43390028,2017-12-26T00:02:00.097,SELL,7.177e-05,1393.3398
43390029,2017-12-26T00:02:01.423,SELL,7.177e-05,800.0
43390030,2017-12-26T00:02:09.3,SELL,7.177e-05,800.0
43390037,2017-12-26T00:02:19.783,SELL,7.177e-05,200.0
43390042,2017-12-26T00:02:28.847,SELL,7.178e-05,3000.0
43390043,2017-12-26T00:02:34.16,SELL,7.178e-05,100.0
43390044,2017-12-26T00:02:40.393,SELL,7.178e-05,583.55126846
43390045,2017-12-26T00:02:40.393,SELL,7.177e-05,2110.92705133
43390046,2017-12-26T00:02:40.393,SELL,7.177e-05,17.23848706
43390051,2017-12-26T00:02:48.393,BUY,7.177e-05,264.77949841
43390054,2017-12-26T00:02:49.24,BUY,7.177e-05,39.70447262
43390056,2017-12-26T00:02:52.037,BUY,7.177e-05,700.0
43390061,2017-12-26T00:02:59.99,SELL,7.158e-05,41.91114836
43390062,2017-12-26T00:02:59.99,SELL,7.155e-05,1355.71285164
43390071,2017-12-26T00:03:04.71,BUY,7.177e-05,97.53378849
43390083,2017-12-26T00:03:22.943,SELL,7.156e-05,107.71808203
43390100,2017-12-26T00:03:40.943,BUY,7.177e-05,27.86679671
43390111,2017-12-26T00:03:46.71,BUY,7.177e-05,39.70447262
43390115,2017-12-26T00:03:54.693,SELL,7.156e-05,95.21768172
43390118,2017-12-26T00:03:56.65,BUY,7.177e-05,1118.6941643
43390119,2017-12-26T00:03:56.65,BUY,7.177e-05,25.0056822
43390122,2017-12-26T00:04:00.18,SELL,7.156e-05,100.0
43390123,2017-12-26T00:04:00.413,SELL,7.156e-05,498.43304333
43390124,2017-12-26T00:04:00.413,SELL,7.156e-05,142.2470406
43390125,2017-12-26T00:04:00.413,SELL,7.155e-05,756.94391607
43390127,2017-12-26T00:04:00.49,BUY,7.178e-05,5574.91289
43390146,2017-12-26T00:04:22.773,SELL,7.156e-05,1000.0
43390147,2017-12-26T00:04:22.773,SELL,7.155e-05,1887.34323229
43390148,2017-12-26T00:04:22.773,SELL,7.155e-05,307.11661668
43390154,2017-12-26T00:04:25.96,BUY,7.155e-05,166.32775801
43390156,2017-12-26T00:04:28.51,BUY,7.155e-05,166.32775801
43390163,2017-12-26T00:04:30.477,BUY,7.155e-05,798.8030375
43390165,2017-12-26T00:04:30.883,BUY,7.155e-05,575.80239481
43390170,2017-12-26T00:04:32.227,BUY,7.155e-05,13.31641429
43390172,2017-12-26T00:04:34.697,BUY,7.155e-05,19.31745009
43390173,2017-12-26T00:04:36.227,SELL,7.15e-05,20.53941606
43390175,2017-12-26T00:04:37.463,BUY,7.155e-05,65.64533832
43390196,2017-12-26T00:04:46.087,BUY,7.177e-05,20.0
43390197,2017-12-26T00:04:46.087,BUY,7.177e-05,601.4975
43390200,2017-12-26T00:04:47.213,BUY,7.178e-05,914.91267914
43390204,2017-12-26T00:04:54.323,SELL,7.155e-05,197.9634662
43390205,2017-12-26T00:04:54.323,SELL,7.151e-05,130.0
43390206,2017-12-26T00:04:54.323,SELL,7.15e-05,434.9385138
43390218,2017-12-26T00:05:00.557,SELL,7.15e-05,144.41717504
43390219,2017-12-26T00:05:00.557,SELL,7.15e-05,211.00007118
43390220,2017-12-26T00:05:00.557,SELL,7.142e-05,279.33526586
43390221,2017-12-26T00:05:00.557,SELL,7.141e-05,765.61158792
43390240,2017-12-26T00:05:10.963,SELL,7.155e-05,200.0
43390255,2017-12-26T00:05:18.997,SELL,7.155e-05,9.11949686
43390259,2017-12-26T00:05:21.073,BUY,7.155e-05,14.09732348
43390260,2017-12-26T00:05:21.073,BUY,7.178e-05,4233.96860715
43390265,2017-12-26T00:05:22.683,BUY,7.178e-05,5574.91289
43390267,2017-12-26T00:05:24.51,BUY,7.178e-05,4157.40437635
43390270,2017-12-26T00:05:26.027,BUY,7.216e-05,1716.9077
43390272,2017-12-26T00:05:26.073,BUY,7.216e-05,1731.7817
43390273,2017-12-26T00:05:27.2,SELL,7.178e-05,739.48985141
43390280,2017-12-26T00:05:35.653,BUY,7.198e-05,309.00849561
43390288,2017-12-26T00:05:45.887,BUY,7.198e-05,273.52297592
43390293,2017-12-26T00:06:00.623,SELL,7.142e-05,14.1267152
43390294,2017-12-26T00:06:00.623,SELL,7.141e-05,1386.2373848
43390297,2017-12-26T00:06:04.64,SELL,7.141e-05,3234.388862
43390306,2017-12-26T00:06:17.95,SELL,7.142e-05,49.25064486
43390307,2017-12-26T00:06:18.327,SELL,7.142e-05,20.58273515
43390308,2017-12-26T00:06:18.327,SELL,7.141e-05,1171.35479685
43390309,2017-12-26T00:06:18.64,SELL,7.141e-05,47.28599985
43390317,2017-12-26T00:06:22.047,SELL,7.141e-05,29.16560994
43390318,2017-12-26T00:06:25.39,SELL,7.141e-05,350.28746533
43390319,2017-12-26T00:06:25.39,SELL,7.141e-05,69.51955207
43390320,2017-12-26T00:06:25.39,SELL,7.141e-05,364.98000203
43390323,2017-12-26T00:06:26.373,BUY,7.141e-05,206.72147002
43390325,2017-12-26T00:06:26.467,BUY,7.141e-05,17.60249279
43390326,2017-12-26T00:06:26.467,BUY,7.142e-05,49.29577465
43390336,2017-12-26T00:06:37.06,BUY,7.169e-05,20.92050209
43390338,2017-12-26T00:06:38.14,BUY,7.169e-05,27.82814897
43390342,2017-12-26T00:06:51.39,BUY,7.15e-05,5000.0
43390346,2017-12-26T00:06:55.92,SELL,7.12e-05,152.0
43390348,2017-12-26T00:06:56.827,SELL,7.12e-05,26.25065445
43390350,2017-12-26T00:07:01.92,BUY,7.15e-05,57.59736696
43390353,2017-12-26T00:07:02.063,BUY,7.15e-05,4942.40263304
43390359,2017-12-26T00:07:03.843,SELL,7.15e-05,57.59736696
43390360,2017-12-26T00:07:03.843,SELL,7.12e-05,261.57593864
43390361,2017-12-26T00:07:03.843,SELL,7.12e-05,45.69918941
43390365,2017-12-26T00:07:11.47,BUY,7.189e-05,64.96751624
43390366,2017-12-26T00:07:11.47,BUY,7.189e-05,4.09325724
43390368,2017-12-26T00:07:14.377,BUY,7.187e-05,55.78742348
43390370,2017-12-26T00:07:14.44,BUY,7.187e-05,9.90275459
43390373,2017-12-26T00:07:22.97,BUY,7.184e-05,20.87101711
43390378,2017-12-26T00:07:24.08,SELL,7.12e-05,255.69949082
43390379,2017-12-26T00:07:24.08,SELL,7.114e-05,100.05008501
43390380,2017-12-26T00:07:24.08,SELL,7.109e-05,20.0
43390381,2017-12-26T00:07:24.08,SELL,7.107e-05,76.59951825
43390388,2017-12-26T00:07:27.033,SELL,7.107e-05,1407.0635
43390412,2017-12-26T00:07:41.597,SELL,7.108e-05,248.64831038
43390420,2017-12-26T00:07:49.877,BUY,7.145e-05,139.86013986
43390428,2017-12-26T00:07:56.737,BUY,7.145e-05,13.99580125
43390430,2017-12-26T00:07:57.347,BUY,7.145e-05,4064.03614507
43390431,2017-12-26T00:07:57.347,BUY,7.145e-05,130.56780859
43390435,2017-12-26T00:08:00.673,BUY,7.15e-05,5000.0
43390442,2017-12-26T00:08:08.487,SELL,7.107e-05,307.90111394
43390445,2017-12-26T00:08:10.94,SELL,7.107e-05,208.43586781
43390446,2017-12-26T00:08:10.94,SELL,7.107e-05,41.56413219
43390449,2017-12-26T00:08:15.8,SELL,7.107e-05,10.3
43390459,2017-12-26T00:08:23.177,SELL,7.108e-05,728.54314381
43390460,2017-12-26T00:08:23.177,SELL,7.107e-05,8.51982743
43390461,2017-12-26T00:08:23.177,SELL,7.107e-05,33.44086183
43390463,2017-12-26T00:08:23.38,BUY,7.12e-05,15.64129301
43390469,2017-12-26T00:08:27.287,SELL,7.11e-05,703.6307
43390471,2017-12-26T00:08:29.753,SELL,7.11e-05,94.78846779
43390473,2017-12-26T00:08:30.91,BUY,7.12e-05,9.99733146
43390475,2017-12-26T00:08:33.16,BUY,7.12e-05,51.58692595
43390484,2017-12-26T00:08:38.067,BUY,7.191e-05,11.0
43390495,2017-12-26T00:08:45.537,BUY,7.19e-05,1385.19402899
43390498,2017-12-26T00:08:46.707,BUY,7.15e-05,97.34390209
43390501,2017-12-26T00:08:49.363,SELL,7.12e-05,221.81767443
43390502,2017-12-26T00:08:49.363,SELL,7.12e-05,42.13483146
43390503,2017-12-26T00:08:49.363,SELL,7.12e-05,140.4494382
43390504,2017-12-26T00:08:49.38,SELL,7.12e-05,45.59805591
43390506,2017-12-26T00:08:49.85,BUY,7.15e-05,4877.65609791
43390516,2017-12-26T00:09:00.77,SELL,7.125e-05,674.18786367
43390517,2017-12-26T00:09:00.77,SELL,7.12e-05,325.81213633
43390524,2017-12-26T00:09:09.757,BUY,7.145e-05,690.37786135
43390542,2017-12-26T00:09:28.553,SELL,7.121e-05,422.3568
43390546,2017-12-26T00:09:31.587,BUY,7.122e-05,13.95104895
43390550,2017-12-26T00:09:36.507,BUY,7.122e-05,32.1275524
43390551,2017-12-26T00:09:36.507,BUY,7.181e-05,108.58273004
43390555,2017-12-26T00:09:44.587,BUY,7.122e-05,140.40999719
43390560,2017-12-26T00:09:49.15,SELL,7.122e-05,2116.8592763
43390563,2017-12-26T00:09:49.93,BUY,7.177e-05,149.12154696
43390564,2017-12-26T00:09:52.993,SELL,7.122e-05,182.10425325
43390566,2017-12-26T00:09:54.633,SELL,7.122e-05,1841.661583
43390567,2017-12-26T00:09:57.15,SELL,7.122e-05,69.78343502
43390568,2017-12-26T00:09:57.15,SELL,7.121e-05,398.37996498
43390569,2017-12-26T00:09:57.337,SELL,7.121e-05,4.627e-05
43390570,2017-12-26T00:09:57.337,SELL,7.12e-05,15.0
43390571,2017-12-26T00:09:57.337,SELL,7.119e-05,11.0
43390572,2017-12-26T00:09:57.337,SELL,7.107e-05,169.37164661
43390573,2017-12-26T00:09:57.337,SELL,7.103e-05,151.13794288
43390574,2017-12-26T00:09:57.337,SELL,7.103e-05,1000.0
43390575,2017-12-26T00:09:57.337,SELL,7.102e-05,2112.08110391
43390576,2017-12-26T00:09:57.337,SELL,7.101e-05,22525.15156272
43390577,2017-12-26T00:09:57.337,SELL,7.1e-05,500.0
43390578,2017-12-26T00:09:57.337,SELL,7.1e-05,150.0
43390579,2017-12-26T00:09:57.337,SELL,7.1e-05,1000.0
43390580,2017-12-26T00:09:57.337,SELL,7.1e-05,15.85041549
43390581,2017-12-26T00:09:57.337,SELL,7.1e-05,1396.58232887
43390582,2017-12-26T00:09:57.337,SELL,7.1e-05,200.0
43390583,2017-12-26T00:09:57.337,SELL,7.093e-05,100.0
43390584,2017-12-26T00:09:57.337,SELL,7.093e-05,115.52169428
43390585,2017-12-26T00:09:57.337,SELL,7.091e-05,40.92605627
43390586,2017-12-26T00:09:57.337,SELL,7.091e-05,147.93483465
43390587,2017-12-26T00:09:57.337,SELL,7.089e-05,500.0
43390588,2017-12-26T00:09:57.337,SELL,7.087e-05,32.2656038
43390589,2017-12-26T00:09:57.337,SELL,7.084e-05,281.0
43390590,2017-12-26T00:09:57.337,SELL,7.082e-05,39846.58476425
43390594,2017-12-26T00:09:59.383,BUY,7.085e-05,621.81397705
43390598,2017-12-26T00:10:00.68,BUY,7.119e-05,1136.26884767
43390606,2017-12-26T00:10:04.79,BUY,7.117e-05,621.81397705
43390610,2017-12-26T00:10:07.133,BUY,7.117e-05,5633.80282
43390611,2017-12-26T00:10:07.26,SELL,7.082e-05,565.09072467
43390615,2017-12-26T00:10:12.4,BUY,7.114e-05,38.63490018
43390616,2017-12-26T00:10:12.43,SELL,7.082e-05,124.09180312
43390619,2017-12-26T00:10:12.977,BUY,7.114e-05,540.86599982
43390620,2017-12-26T00:10:12.977,BUY,7.114e-05,1159.0018
43390621,2017-12-26T00:10:12.977,BUY,7.115e-05,25971.453
43390622,2017-12-26T00:10:13.417,SELL,7.115e-05,38.63490018
43390623,2017-12-26T00:10:13.417,SELL,7.082e-05,102.23993253
43390625,2017-12-26T00:10:13.977,SELL,7.082e-05,1016.0
43390635,2017-12-26T00:10:18.04,SELL,7.082e-05,2429.647898
43390637,2017-12-26T00:10:18.807,SELL,7.083e-05,1490.01895936
43390638,2017-12-26T00:10:18.807,SELL,7.082e-05,4832.31160564
43390640,2017-12-26T00:10:23.29,SELL,7.082e-05,402.67479344
43390642,2017-12-26T00:10:28.15,SELL,7.082e-05,141.203
43390643,2017-12-26T00:10:28.54,SELL,7.082e-05,19.63506242
43390645,2017-12-26T00:10:33.54,SELL,7.082e-05,99.0
43390646,2017-12-26T00:10:33.697,SELL,7.082e-05,377.0
43390650,2017-12-26T00:10:36.323,BUY,7.112e-05,33.73629463
43390653,2017-12-26T00:10:36.9,BUY,7.112e-05,30.92493674
43390654,2017-12-26T00:10:37.527,SELL,7.083e-05,107.05261176
43390660,2017-12-26T00:10:44.933,BUY,7.112e-05,224.90863086
43390662,2017-12-26T00:10:46.79,SELL,7.083e-05,27128.99487788
43390665,2017-12-26T00:10:49.45,BUY,7.111e-05,17.575928
43390673,2017-12-26T00:10:53.37,BUY,7.112e-05,210.8814846
43390676,2017-12-26T00:10:56.417,BUY,7.111e-05,54.83689538
43390680,2017-12-26T00:10:58.15,SELL,7.088e-05,200.0
43390681,2017-12-26T00:10:58.15,SELL,7.083e-05,450.50304955
43390682,2017-12-26T00:10:58.15,SELL,7.082e-05,2718.15959148
43390685,2017-12-26T00:11:00.463,BUY,7.11e-05,500.0
43390686,2017-12-26T00:11:00.463,BUY,7.111e-05,248.51000053
43390688,2017-12-26T00:11:00.903,SELL,7.111e-05,348.0
43390689,2017-12-26T00:11:00.997,SELL,7.111e-05,591.01636706
43390691,2017-12-26T00:11:02.98,SELL,7.084e-05,280.0
43390695,2017-12-26T00:11:04.713,BUY,7.111e-05,347.98363294
43390703,2017-12-26T00:11:10.527,SELL,7.11e-05,84.38818565
43390708,2017-12-26T00:11:14.763,SELL,7.084e-05,400.0
43390712,2017-12-26T00:11:16.183,BUY,7.11e-05,65.0
43390713,2017-12-26T00:11:16.183,BUY,7.111e-05,33.42519685
43390718,2017-12-26T00:11:18.92,BUY,7.111e-05,137.79527559
43390719,2017-12-26T00:11:18.933,SELL,7.109e-05,250.7945
43390720,2017-12-26T00:11:19.17,SELL,7.109e-05,3.265e-05
43390722,2017-12-26T00:11:20.607,BUY,7.107e-05,309.42334739
43390724,2017-12-26T00:11:21.467,BUY,7.107e-05,42.18815918
43390731,2017-12-26T00:11:28.217,SELL,7.085e-05,141.1433
43390732,2017-12-26T00:11:28.327,SELL,7.085e-05,1391.8798936
43390733,2017-12-26T00:11:28.327,SELL,7.083e-05,1094.57684933
43390736,2017-12-26T00:11:35.733,BUY,7.099e-05,9.84667323
43390738,2017-12-26T00:11:36.497,BUY,7.099e-05,490.15332677
43390742,2017-12-26T00:11:39.857,BUY,7.1e-05,28.13335208
43390744,2017-12-26T00:11:42.623,SELL,7.099e-05,73.30631543
43390745,2017-12-26T00:11:42.623,SELL,7.083e-05,126.69368457
43390751,2017-12-26T00:11:49.78,SELL,7.082e-05,100.0
43390753,2017-12-26T00:11:54.937,BUY,7.099e-05,28.17298211
43390755,2017-12-26T00:11:56.153,BUY,7.099e-05,30.9379834
43390758,2017-12-26T00:11:59.297,BUY,7.099e-05,112.69192844
43390761,2017-12-26T00:12:01.717,SELL,7.082e-05,7614.4263737
43390763,2017-12-26T00:12:04.407,BUY,7.098e-05,140.86491055
43390765,2017-12-26T00:12:07.953,SELL,7.082e-05,767.54654882
43390767,2017-12-26T00:12:09.11,SELL,7.082e-05,115.52169428
43390771,2017-12-26T00:12:12.687,BUY,7.098e-05,70.44237813
43390781,2017-12-26T00:12:26.61,BUY,7.098e-05,500.0
43390782,2017-12-26T00:12:26.61,BUY,7.099e-05,30.0
43390786,2017-12-26T00:12:32.313,SELL,7.099e-05,470.13335111
43390794,2017-12-26T00:12:37.203,BUY,7.099e-05,37.31764749
43390795,2017-12-26T00:12:37.203,BUY,7.099e-05,39.95215287
43390797,2017-12-26T00:12:39.563,SELL,7.098e-05,649.00736421
43390798,2017-12-26T00:12:40.407,SELL,7.098e-05,14.0
43390800,2017-12-26T00:12:40.907,BUY,7.099e-05,49.24722104
43390801,2017-12-26T00:12:42.5,SELL,7.098e-05,41.41641713
43390806,2017-12-26T00:12:50.533,SELL,7.082e-05,35.56106649
43390810,2017-12-26T00:12:54.94,BUY,7.097e-05,500.0
43390811,2017-12-26T00:12:54.94,BUY,7.098e-05,1336.46817791
43390813,2017-12-26T00:12:55.11,BUY,7.098e-05,140.88475626
43390817,2017-12-26T00:12:56.517,BUY,7.098e-05,59.0
43390818,2017-12-26T00:12:58.267,SELL,7.082e-05,182.10425326
43390819,2017-12-26T00:13:00.58,SELL,7.082e-05,100.0
43390822,2017-12-26T00:13:01.16,BUY,7.098e-05,67.31201207
43390827,2017-12-26T00:13:12.83,BUY,7.096e-05,178.16704012
43390829,2017-12-26T00:13:13.067,BUY,7.096e-05,33.8893743
43390830,2017-12-26T00:13:13.737,SELL,7.082e-05,87.566999
43390833,2017-12-26T00:13:17.55,BUY,7.096e-05,13.49601636
43390835,2017-12-26T00:13:20.753,SELL,7.082e-05,1353.22577579
43390836,2017-12-26T00:13:21.987,SELL,7.082e-05,87.690069
43390838,2017-12-26T00:13:25.677,SELL,7.082e-05,1059.0
43390840,2017-12-26T00:13:39.393,SELL,7.082e-05,42.27953236
43390842,2017-12-26T00:13:53.473,BUY,7.096e-05,47.25635149
43390843,2017-12-26T00:14:01.74,SELL,7.096e-05,403.70193487
43390847,2017-12-26T00:14:11.74,BUY,7.096e-05,250.95007187
43390850,2017-12-26T00:14:12.443,BUY,7.096e-05,119.60498126
43390851,2017-12-26T00:14:12.443,BUY,7.096e-05,80.39501874
43390853,2017-12-26T00:14:18.74,SELL,7.082e-05,500.0
43390854,2017-12-26T00:14:19.57,SELL,7.082e-05,952.50634407
43390859,2017-12-26T00:14:25.18,BUY,7.096e-05,30.0
43390861,2017-12-26T00:14:33.867,BUY,7.096e-05,29.60498126
43390865,2017-12-26T00:14:41.477,SELL,7.096e-05,181.28206236
43390866,2017-12-26T00:14:41.477,SELL,7.096e-05,18.71793764
43390869,2017-12-26T00:14:44.977,SELL,7.096e-05,26.21996505
43390870,2017-12-26T00:14:44.977,SELL,7.096e-05,33.8893743
43390875,2017-12-26T00:14:51.93,BUY,7.096e-05,16.90617075
43390882,2017-12-26T00:14:56.447,BUY,7.096e-05,100.0
43390888,2017-12-26T00:15:17.29,BUY,7.096e-05,140.0
43390890,2017-12-26T00:15:18.4,BUY,7.096e-05,306.64901377
43390891,2017-12-26T00:15:18.4,BUY,7.096e-05,612.17133368
43390892,2017-12-26T00:15:18.4,BUY,7.096e-05,37.1056509
43390893,2017-12-26T00:15:18.4,BUY,7.096e-05,156.62565258
43390895,2017-12-26T00:15:18.477,BUY,7.096e-05,70.0
43390896,2017-12-26T00:15:18.993,SELL,7.089e-05,21.13867
43390897,2017-12-26T00:15:18.993,SELL,7.083e-05,12.78934985
43390898,2017-12-26T00:15:18.993,SELL,7.082e-05,2335.07198015
43390900,2017-12-26T00:15:21.463,BUY,7.096e-05,280.98591549
43390902,2017-12-26T00:15:28.323,BUY,7.096e-05,11.20240783
43390904,2017-12-26T00:15:28.65,BUY,7.096e-05,15.0
43390906,2017-12-26T00:15:29.04,BUY,7.096e-05,20.33356821
43390909,2017-12-26T00:15:31.93,BUY,7.096e-05,140.86815411
43390913,2017-12-26T00:15:35.353,SELL,7.082e-05,272.588454
43390914,2017-12-26T00:15:35.633,SELL,7.082e-05,1030.61878151
43390915,2017-12-26T00:15:36.197,SELL,7.082e-05,850.0
43390918,2017-12-26T00:15:42.51,SELL,7.082e-05,265.67413248
43390919,2017-12-26T00:15:42.51,SELL,7.082e-05,134.32586752
43390922,2017-12-26T00:15:47.45,SELL,7.082e-05,194.47476574
43390923,2017-12-26T00:15:47.45,SELL,7.082e-05,230.83239767
43390924,2017-12-26T00:15:48.7,SELL,7.082e-05,179.16491237
43390930,2017-12-26T00:16:04.433,SELL,7.082e-05,300.0
43390932,2017-12-26T00:16:09.387,SELL,7.082e-05,327.96536694
43390933,2017-12-26T00:16:09.387,SELL,7.082e-05,147.08287175
43390934,2017-12-26T00:16:09.387,SELL,7.081e-05,30.05248729
43390935,2017-12-26T00:16:09.387,SELL,7.08e-05,760.42580932
43390936,2017-12-26T00:16:09.387,SELL,7.08e-05,46.09113426
43390937,2017-12-26T00:16:09.387,SELL,7.077e-05,29.02101543
43390938,2017-12-26T00:16:09.387,SELL,7.076e-05,140.97035534
43390939,2017-12-26T00:16:09.387,SELL,7.075e-05,49.19844523
43390940,2017-12-26T00:16:09.387,SELL,7.075e-05,36.60859364
43390941,2017-12-26T00:16:09.387,SELL,7.07e-05,80.0
43390942,2017-12-26T00:16:09.387,SELL,7.069e-05,70.91351534
43390943,2017-12-26T00:16:09.387,SELL,7.065e-05,5000.0
43390944,2017-12-26T00:16:09.387,SELL,7.06e-05,3736.7606268
43390945,2017-12-26T00:16:09.387,SELL,7.055e-05,710.48015592
43390946,2017-12-26T00:16:09.387,SELL,7.053e-05,10.0
43390947,2017-12-26T00:16:09.387,SELL,7.05e-05,212.76595745
43390948,2017-12-26T00:16:09.387,SELL,7.05e-05,18.91618471
43390949,2017-12-26T00:16:09.387,SELL,7.05e-05,500.0
43390950,2017-12-26T00:16:09.403,SELL,7.05e-05,124.0
43390951,2017-12-26T00:16:09.403,SELL,7.043e-05,442.79348058
43390952,2017-12-26T00:16:10.23,SELL,7.043e-05,18.92079863
43390953,2017-12-26T00:16:10.247,SELL,7.043e-05,131.56850437
43390961,2017-12-26T00:16:17.903,SELL,7.044e-05,499.28366418
43390962,2017-12-26T00:16:19.217,SELL,7.044e-05,51.44693078
43390963,2017-12-26T00:16:19.823,SELL,7.044e-05,250.0
43390967,2017-12-26T00:16:22.357,SELL,7.043e-05,906.71721642
43390968,2017-12-26T00:16:22.56,SELL,7.042e-05,150.0
43390970,2017-12-26T00:16:22.73,BUY,7.042e-05,30.52672135
43390974,2017-12-26T00:16:25.137,BUY,7.042e-05,208.41521975
43390976,2017-12-26T00:16:25.37,BUY,7.042e-05,558.65566488
43390977,2017-12-26T00:16:25.37,BUY,7.082e-05,319.55741126
43391000,2017-12-26T00:16:54.047,BUY,7.077e-05,37.19004518
43391004,2017-12-26T00:17:00.06,BUY,7.077e-05,51.60821146
43391005,2017-12-26T00:17:00.06,BUY,7.077e-05,208.41521975
43391006,2017-12-26T00:17:01.39,SELL,7.077e-05,277.97656879
43391007,2017-12-26T00:17:01.39,SELL,7.07e-05,280.02343121
43391008,2017-12-26T00:17:04.28,SELL,7.07e-05,116.23210571
43391009,2017-12-26T00:17:04.28,SELL,7.064e-05,65.31016421
43391010,2017-12-26T00:17:04.28,SELL,7.064e-05,422.11119991
43391011,2017-12-26T00:17:04.28,SELL,7.043e-05,20.0
43391012,2017-12-26T00:17:04.28,SELL,7.04e-05,58.45632397
43391013,2017-12-26T00:17:04.28,SELL,7.04e-05,9.94203317
43391017,2017-12-26T00:17:11.203,BUY,7.04e-05,30.32414169
43391020,2017-12-26T00:17:11.593,BUY,7.04e-05,22.75047348
43391022,2017-12-26T00:17:11.72,BUY,7.04e-05,59.820938
43391024,2017-12-26T00:17:11.827,BUY,7.04e-05,112.13079894
43391026,2017-12-26T00:17:12.093,BUY,7.04e-05,22.94954894
43391027,2017-12-26T00:17:13.187,SELL,7.038e-05,127.17917022
43391028,2017-12-26T00:17:13.187,SELL,7.036e-05,170.12606346
43391029,2017-12-26T00:17:13.187,SELL,7.034e-05,14.18112027
43391030,2017-12-26T00:17:13.187,SELL,7.03e-05,50.0
43391031,2017-12-26T00:17:13.187,SELL,7.03e-05,15.0
43391032,2017-12-26T00:17:13.187,SELL,7.028e-05,26.49449701
43391033,2017-12-26T00:17:13.187,SELL,7.028e-05,180.0
43391034,2017-12-26T00:17:13.187,SELL,7.027e-05,392.24916643
43391035,2017-12-26T00:17:13.187,SELL,7.022e-05,39.54689661
43391036,2017-12-26T00:17:13.187,SELL,7.016e-05,15250.73867291
43391037,2017-12-26T00:17:13.797,SELL,7.016e-05,1200.0
43391038,2017-12-26T00:17:13.81,SELL,7.016e-05,16.84397163
43391041,2017-12-26T00:17:16.53,BUY,7.04e-05,98.42519685
43391043,2017-12-26T00:17:17.547,BUY,7.04e-05,38.70555043
43391046,2017-12-26T00:17:18.937,BUY,7.04e-05,34.25126728
43391048,2017-12-26T00:17:18.97,BUY,7.04e-05,115.19473392
43391055,2017-12-26T00:17:24.733,BUY,7.04e-05,54.75701574
43391060,2017-12-26T00:17:31.423,BUY,7.038e-05,62.35284716
43391063,2017-12-26T00:17:34.673,SELL,7.018e-05,356.22684526
43391064,2017-12-26T00:17:34.673,SELL,7.018e-05,284.9814762
43391065,2017-12-26T00:17:34.673,SELL,7.018e-05,284.9814762
43391066,2017-12-26T00:17:34.673,SELL,7.016e-05,73.81020234
43391069,2017-12-26T00:17:37.39,BUY,7.038e-05,21.38391588
43391073,2017-12-26T00:17:47.453,BUY,7.038e-05,355.06870788
43391076,2017-12-26T00:18:04.517,BUY,7.038e-05,28.41716396
43391078,2017-12-26T00:18:06.847,SELL,7.016e-05,1013.80925285
43391079,2017-12-26T00:18:07.283,SELL,7.016e-05,2227.32220524
43391080,2017-12-26T00:18:07.283,SELL,7.015e-05,2282.48589879
43391081,2017-12-26T00:18:07.283,SELL,7.015e-05,20.0
43391082,2017-12-26T00:18:07.283,SELL,7.015e-05,40.24466458
43391083,2017-12-26T00:18:07.283,SELL,7.013e-05,300.0
43391084,2017-12-26T00:18:07.283,SELL,7.01e-05,71.32667617
43391085,2017-12-26T00:18:07.283,SELL,7.01e-05,40.0
43391086,2017-12-26T00:18:07.283,SELL,7.01e-05,10.0
43391087,2017-12-26T00:18:07.283,SELL,7.01e-05,994.27868688
43391088,2017-12-26T00:18:07.283,SELL,7.007e-05,185.06450799
43391089,2017-12-26T00:18:07.283,SELL,7.005e-05,191.37097593
43391090,2017-12-26T00:18:07.753,SELL,7.005e-05,186.81173965
43391091,2017-12-26T00:18:07.767,SELL,7.005e-05,45.78938571
43391097,2017-12-26T00:18:13.753,BUY,7.038e-05,131.29740996
43391103,2017-12-26T00:18:20.8,BUY,7.038e-05,30.23273657
43391113,2017-12-26T00:18:42.363,SELL,7.005e-05,572.83627023
43391114,2017-12-26T00:18:42.363,SELL,7.005e-05,550.0
43391115,2017-12-26T00:18:42.363,SELL,7.003e-05,100.0
43391116,2017-12-26T00:18:42.363,SELL,7.002e-05,57.67664096
43391117,2017-12-26T00:18:42.363,SELL,7.002e-05,71.22964867
43391118,2017-12-26T00:18:42.363,SELL,7.001e-05,20.0
43391119,2017-12-26T00:18:42.363,SELL,7.001e-05,357.31343284
43391120,2017-12-26T00:18:42.363,SELL,7.001e-05,100.0
43391121,2017-12-26T00:18:42.363,SELL,7.001e-05,413.84317522
43391122,2017-12-26T00:18:42.363,SELL,7.001e-05,25.0
43391123,2017-12-26T00:18:42.363,SELL,7e-05,142.5
43391124,2017-12-26T00:18:42.363,SELL,7e-05,100.0
43391125,2017-12-26T00:18:42.363,SELL,7e-05,10.0
43391126,2017-12-26T00:18:42.363,SELL,7e-05,50.0
43391127,2017-12-26T00:18:42.363,SELL,7e-05,1000.0
43391128,2017-12-26T00:18:42.363,SELL,7e-05,100.0
43391129,2017-12-26T00:18:42.363,SELL,7e-05,130.0
43391130,2017-12-26T00:18:42.363,SELL,7e-05,20.0
43391131,2017-12-26T00:18:42.363,SELL,7e-05,500.0
43391132,2017-12-26T00:18:42.363,SELL,7e-05,250.0
43391133,2017-12-26T00:18:42.38,SELL,7e-05,100.0
43391134,2017-12-26T00:18:42.38,SELL,7e-05,16.0348125
43391135,2017-12-26T00:18:42.38,SELL,7e-05,500.0
43391136,2017-12-26T00:18:42.38,SELL,7e-05,1000.0
43391137,2017-12-26T00:18:42.38,SELL,7e-05,99.75062344
43391138,2017-12-26T00:18:42.38,SELL,7e-05,7125.0
43391139,2017-12-26T00:18:42.38,SELL,7e-05,20.0
43391140,2017-12-26T00:18:42.38,SELL,7e-05,100.0
43391141,2017-12-26T00:18:42.38,SELL,7e-05,130.8758275
43391142,2017-12-26T00:18:42.38,SELL,7e-05,99.75
43391143,2017-12-26T00:18:42.38,SELL,7e-05,145.29875311
43391144,2017-12-26T00:18:42.38,SELL,7e-05,357.14285714
43391145,2017-12-26T00:18:42.38,SELL,6.999e-05,59.2227405
43391148,2017-12-26T00:18:45.083,SELL,7.005e-05,26.47333333
43391149,2017-12-26T00:18:45.1,SELL,7.005e-05,284.74506851
43391150,2017-12-26T00:18:45.1,SELL,6.999e-05,6.36044439
43391151,2017-12-26T00:18:45.1,SELL,6.999e-05,115.5683648
43391152,2017-12-26T00:18:45.1,SELL,6.999e-05,146.73480584
43391153,2017-12-26T00:18:45.1,SELL,6.999e-05,515.92760954
43391154,2017-12-26T00:18:45.1,SELL,6.998e-05,32.97750965
43391155,2017-12-26T00:18:45.1,SELL,6.998e-05,10.0
43391156,2017-12-26T00:18:45.1,SELL,6.995e-05,101.03396035
43391157,2017-12-26T00:18:45.1,SELL,6.995e-05,400.0
43391158,2017-12-26T00:18:45.1,SELL,6.995e-05,20.0
43391159,2017-12-26T00:18:45.1,SELL,6.995e-05,15.82334589
43391160,2017-12-26T00:18:45.19,SELL,6.992e-05,14.13945698
43391162,2017-12-26T00:18:45.207,BUY,6.995e-05,113.74379817
43391165,2017-12-26T00:18:45.973,BUY,6.995e-05,5693.95018
43391166,2017-12-26T00:18:46.223,SELL,6.992e-05,35.86054302
43391167,2017-12-26T00:18:46.223,SELL,6.986e-05,106.29320266
43391171,2017-12-26T00:18:47.35,BUY,6.995e-05,2851.51157123
43391172,2017-12-26T00:18:47.35,BUY,6.995e-05,8.96911996
43391173,2017-12-26T00:18:47.35,BUY,7e-05,197.8934415
43391175,2017-12-26T00:18:48.863,BUY,7.005e-05,100.0
43391176,2017-12-26T00:18:48.863,BUY,7.009e-05,613.06203313
43391179,2017-12-26T00:18:48.957,BUY,7.009e-05,355.40168158
43391181,2017-12-26T00:18:49.207,BUY,7.009e-05,390.66526818
43391182,2017-12-26T00:18:49.207,BUY,7.01e-05,71.11798842
43391186,2017-12-26T00:18:50.55,BUY,7.01e-05,355.07258312
43391190,2017-12-26T00:18:51.55,BUY,7.01e-05,146.4138331
43391191,2017-12-26T00:18:51.55,BUY,7.01e-05,40.45762849
43391192,2017-12-26T00:18:51.55,BUY,7.038e-05,167.53878904
43391195,2017-12-26T00:18:52.973,BUY,7.009e-05,354.40586571
43391201,2017-12-26T00:18:55.113,BUY,7.009e-05,462.2065387
43391205,2017-12-26T00:18:57.55,BUY,7.009e-05,83.4203515
43391206,2017-12-26T00:18:57.55,BUY,7.038e-05,415.20552776
43391208,2017-12-26T00:18:57.85,BUY,7.038e-05,228.50290179
43391209,2017-12-26T00:18:57.85,BUY,7.038e-05,270.49633151
43391215,2017-12-26T00:19:00.067,BUY,7.038e-05,379.53860002
43391216,2017-12-26T00:19:00.067,BUY,7.038e-05,3367.01305944
43391217,2017-12-26T00:19:00.067,BUY,7.038e-05,17.0
43391218,2017-12-26T00:19:00.067,BUY,7.038e-05,247.0
43391220,2017-12-26T00:19:01.177,BUY,7.04e-05,6068.584609
43391224,2017-12-26T00:19:02.067,BUY,7.009e-05,354.40317818
43391226,2017-12-26T00:19:02.223,BUY,7.009e-05,459.80223624
43391228,2017-12-26T00:19:02.91,BUY,7.009e-05,463.66914311
43391229,2017-12-26T00:19:02.91,BUY,7.038e-05,22.99006398
43391230,2017-12-26T00:19:02.91,BUY,7.038e-05,647.30141883
43391231,2017-12-26T00:19:02.91,BUY,7.04e-05,622.12597408
43391233,2017-12-26T00:19:02.96,BUY,7.04e-05,1756.0866
43391236,2017-12-26T00:19:03.363,BUY,7.04e-05,8273.53372454
43391238,2017-12-26T00:19:03.833,BUY,7.04e-05,8273.53372454
43391240,2017-12-26T00:19:04.083,BUY,7.04e-05,3375.0865
43391242,2017-12-26T00:19:04.257,BUY,7.04e-05,604.74395682
43391248,2017-12-26T00:19:07.177,BUY,7.039e-05,19.67515069
43391249,2017-12-26T00:19:07.177,BUY,7.04e-05,3196.51590575
43391259,2017-12-26T00:19:12.507,BUY,7.04e-05,142.04545454
43391263,2017-12-26T00:19:13.427,BUY,7.04e-05,156.52890292
43391272,2017-12-26T00:19:17.85,BUY,7.04e-05,20.81309837
43391274,2017-12-26T00:19:18.24,BUY,7.04e-05,275.58320108
43391280,2017-12-26T00:19:22.27,BUY,7.04e-05,48.97959182
43391282,2017-12-26T00:19:22.443,BUY,7.04e-05,14.20454545
43391286,2017-12-26T00:19:23.647,BUY,7.04e-05,4831.53415777
43391289,2017-12-26T00:19:28.13,BUY,7.04e-05,41.78092674
43391294,2017-12-26T00:19:29.57,BUY,7.04e-05,241.12525117
43391299,2017-12-26T00:19:33.18,BUY,7.04e-05,875.83238317
43391300,2017-12-26T00:19:33.18,BUY,7.04e-05,70.0
43391304,2017-12-26T00:19:34.85,SELL,7.044e-05,1023.99419477
43391321,2017-12-26T00:19:45.413,BUY,7.047e-05,58.15602836
43391338,2017-12-26T00:19:49.197,BUY,7.047e-05,51.0493477
43391346,2017-12-26T00:19:52.32,SELL,7.001e-05,200.0
43391361,2017-12-26T00:20:00.883,BUY,7.046e-05,170.28522775
43391372,2017-12-26T00:20:09.197,SELL,7.005e-05,2834.61210571
43391373,2017-12-26T00:20:09.197,SELL,7.001e-05,428.62735736
43391378,2017-12-26T00:20:10.057,BUY,7e-05,1736.76053693
43391446,2017-12-26T00:20:29.557,SELL,6.989e-05,89.68105855
43391448,2017-12-26T00:20:29.713,BUY,7.043e-05,15.10335037
43391491,2017-12-26T00:20:44.527,BUY,7.035e-05,71.0732054
43391502,2017-12-26T00:20:51.887,BUY,7.035e-05,642.65631274
43391516,2017-12-26T00:20:59.717,BUY,7.035e-05,1425.22017401
43391517,2017-12-26T00:20:59.717,BUY,7.035e-05,633.98654151
43391518,2017-12-26T00:20:59.717,BUY,7.035e-05,111.57601116
43391526,2017-12-26T00:21:06.997,BUY,7.035e-05,18.13831312
43391537,2017-12-26T00:21:13.34,BUY,7.011e-05,727.30239315
43391539,2017-12-26T00:21:13.81,BUY,7.011e-05,11707.12484157
43391541,2017-12-26T00:21:13.967,BUY,7.011e-05,852.54214745
43391543,2017-12-26T00:21:15.23,BUY,7.011e-05,74.94731534
43391545,2017-12-26T00:21:15.933,BUY,7.011e-05,6638.08330249
43391554,2017-12-26T00:21:18.967,BUY,7.035e-05,15.12267235
43391558,2017-12-26T00:21:20.09,BUY,7.035e-05,78.98894154
43391585,2017-12-26T00:21:31.08,BUY,7.035e-05,19.13355443
43391586,2017-12-26T00:21:31.08,BUY,7.035e-05,76.48179866
43391595,2017-12-26T00:21:43.44,BUY,7.035e-05,156.36105188
43391606,2017-12-26T00:21:51.69,SELL,7.001e-05,52.90031598
43391607,2017-12-26T00:21:51.69,SELL,7.001e-05,119.27129864
43391613,2017-12-26T00:21:53.127,BUY,7.001e-05,4059.61003836
43391621,2017-12-26T00:21:57.33,BUY,7.035e-05,14.21464108
43391623,2017-12-26T00:21:57.55,BUY,7.035e-05,106.6098081
43391625,2017-12-26T00:21:58.097,BUY,7.035e-05,68.44390019
43391626,2017-12-26T00:21:58.097,BUY,7.035e-05,56.05327107
43391627,2017-12-26T00:21:58.097,BUY,7.035e-05,221.32906008
43391631,2017-12-26T00:22:01.923,SELL,7.001e-05,21.03215118
43391633,2017-12-26T00:22:04.143,BUY,7.035e-05,41.69606716
43391638,2017-12-26T00:22:09.55,BUY,7.035e-05,85.28784648
43391644,2017-12-26T00:22:13.033,SELL,7.002e-05,548.69252571
43391645,2017-12-26T00:22:13.033,SELL,7.001e-05,3619.26134447
43391646,2017-12-26T00:22:13.033,SELL,7e-05,303.525
43391647,2017-12-26T00:22:13.033,SELL,7e-05,2850.0
43391648,2017-12-26T00:22:13.033,SELL,6.999e-05,163.87132169
43391649,2017-12-26T00:22:13.033,SELL,6.99e-05,28369.44236893
43391653,2017-12-26T00:22:16.393,BUY,7.035e-05,255.69439552
43391657,2017-12-26T00:22:18.317,BUY,7.035e-05,210.61084227
43391658,2017-12-26T00:22:18.317,BUY,7.035e-05,73.68197933
43391677,2017-12-26T00:22:29.55,SELL,7.01e-05,75.0
43391678,2017-12-26T00:22:29.55,SELL,6.986e-05,607.63465305
43391679,2017-12-26T00:22:29.55,SELL,6.986e-05,917.36534695
43391688,2017-12-26T00:22:35.037,BUY,7.03e-05,106.6098081
43391689,2017-12-26T00:22:35.91,SELL,6.991e-05,1644.061235
43391693,2017-12-26T00:22:43.397,SELL,6.991e-05,800.0
43391701,2017-12-26T00:22:46.317,BUY,7.03e-05,76.18138405
43391702,2017-12-26T00:22:46.317,BUY,7.03e-05,130.05733723
43391704,2017-12-26T00:22:46.537,SELL,6.991e-05,65.79829726
43391710,2017-12-26T00:22:48.05,BUY,6.991e-05,74.69466049
43391711,2017-12-26T00:22:48.05,BUY,7.03e-05,196.34477573
43391715,2017-12-26T00:22:49.13,SELL,6.986e-05,52.18572526
43391716,2017-12-26T00:22:49.13,SELL,6.986e-05,71.57221485
43391717,2017-12-26T00:22:49.13,SELL,6.986e-05,276.24205989
43391719,2017-12-26T00:22:50.13,SELL,6.991e-05,80.0
43391746,2017-12-26T00:23:03.037,BUY,6.991e-05,143.04105278
43391747,2017-12-26T00:23:03.21,SELL,6.986e-05,48.39016585
43391750,2017-12-26T00:23:05.71,BUY,6.991e-05,8.54291231
43391751,2017-12-26T00:23:06.07,SELL,6.986e-05,8.68678135
43391752,2017-12-26T00:23:06.07,SELL,6.986e-05,191.31321865
43391758,2017-12-26T00:23:07.88,BUY,6.991e-05,447.0555235
43391759,2017-12-26T00:23:07.88,BUY,6.991e-05,151.58396509
43391761,2017-12-26T00:23:08.147,BUY,6.991e-05,625.41603491
43391762,2017-12-26T00:23:08.24,SELL,6.991e-05,195.76240444
43391764,2017-12-26T00:23:09.223,SELL,6.991e-05,292.4252211
43391771,2017-12-26T00:23:11.18,SELL,6.986e-05,798.79653416
43391778,2017-12-26T00:23:14.537,BUY,7.03e-05,30.0566642
43391780,2017-12-26T00:23:14.867,SELL,6.984e-05,15.74885444
43391781,2017-12-26T00:23:14.867,SELL,6.984e-05,4.25114556
43391794,2017-12-26T00:23:22.007,BUY,7.029e-05,138.59897637
43391795,2017-12-26T00:23:22.007,BUY,7.03e-05,67.02131149
43391796,2017-12-26T00:23:22.82,SELL,6.984e-05,10.06637407
43391797,2017-12-26T00:23:22.82,SELL,6.984e-05,105.55676958
43391799,2017-12-26T00:23:23.007,BUY,6.984e-05,16.30434782
43391800,2017-12-26T00:23:23.587,SELL,6.983e-05,100.0
43391803,2017-12-26T00:23:25.21,BUY,6.984e-05,1141.44517962
43391811,2017-12-26T00:23:27.96,BUY,7.03e-05,213.371266
43391824,2017-12-26T00:23:32.633,SELL,7.029e-05,71.13387395
43391825,2017-12-26T00:23:32.633,SELL,6.986e-05,79.1449304
43391826,2017-12-26T00:23:32.633,SELL,6.984e-05,71.59221077
43391827,2017-12-26T00:23:32.633,SELL,6.984e-05,72.22138871
43391828,2017-12-26T00:23:32.633,SELL,6.983e-05,10.0
43391829,2017-12-26T00:23:32.633,SELL,6.983e-05,196.63657696
43391830,2017-12-26T00:23:32.633,SELL,6.982e-05,10.85792037
43391831,2017-12-26T00:23:32.633,SELL,6.982e-05,3226.31547741
43391832,2017-12-26T00:23:32.633,SELL,6.98e-05,21.48846284
43391833,2017-12-26T00:23:32.633,SELL,6.979e-05,13.38242227
43391834,2017-12-26T00:23:32.633,SELL,6.978e-05,14.3298338
43391835,2017-12-26T00:23:32.633,SELL,6.977e-05,170.66138661
43391836,2017-12-26T00:23:34.837,SELL,6.977e-05,1234.33861339
43391837,2017-12-26T00:23:34.837,SELL,6.977e-05,40.79567456
43391838,2017-12-26T00:23:34.837,SELL,6.975e-05,45.7
43391839,2017-12-26T00:23:34.837,SELL,6.972e-05,15.7773953
43391840,2017-12-26T00:23:34.837,SELL,6.971e-05,29.95061361
43391841,2017-12-26T00:23:34.837,SELL,6.971e-05,10.0
43391842,2017-12-26T00:23:34.837,SELL,6.97e-05,50.0
43391844,2017-12-26T00:23:35.65,BUY,6.97e-05,50.0
43391845,2017-12-26T00:23:35.663,SELL,6.968e-05,30.39588594
43391846,2017-12-26T00:23:35.663,SELL,6.967e-05,50.0
43391847,2017-12-26T00:23:35.663,SELL,6.966e-05,4449.67968346
43391848,2017-12-26T00:23:35.663,SELL,6.966e-05,72.60091875
43391849,2017-12-26T00:23:35.68,SELL,6.961e-05,7164.9188335
43391850,2017-12-26T00:23:35.68,SELL,6.959e-05,115.67107343
43391851,2017-12-26T00:23:35.68,SELL,6.956e-05,15.63218436
43391852,2017-12-26T00:23:35.68,SELL,6.955e-05,283.04517865
43391853,2017-12-26T00:23:35.68,SELL,6.955e-05,90.0
43391854,2017-12-26T00:23:35.68,SELL,6.955e-05,44.24511732
43391855,2017-12-26T00:23:35.697,SELL,6.954e-05,19.72446184
43391856,2017-12-26T00:23:35.697,SELL,6.951e-05,28.76632973
43391857,2017-12-26T00:23:35.697,SELL,6.951e-05,10.0
43391858,2017-12-26T00:23:35.697,SELL,6.95e-05,839.61548316
43391861,2017-12-26T00:23:36.743,BUY,6.955e-05,272.23620741
43391862,2017-12-26T00:23:37.337,SELL,6.951e-05,14.85531766
43391863,2017-12-26T00:23:37.337,SELL,6.95e-05,160.38451684
43391864,2017-12-26T00:23:37.337,SELL,6.95e-05,10.0
43391865,2017-12-26T00:23:37.337,SELL,6.95e-05,31.3232223
43391866,2017-12-26T00:23:37.337,SELL,6.95e-05,35.32136531
43391867,2017-12-26T00:23:37.367,SELL,6.95e-05,286.84644173
43391869,2017-12-26T00:23:37.493,BUY,6.955e-05,246.55158169
43391871,2017-12-26T00:23:38.697,BUY,6.955e-05,103.70326699
43391877,2017-12-26T00:23:39.773,BUY,6.955e-05,82.22913358
43391879,2017-12-26T00:23:40.867,BUY,6.955e-05,6979.09093492
43391885,2017-12-26T00:23:42.743,SELL,6.951e-05,8.85515496
43391889,2017-12-26T00:23:43.32,BUY,6.97e-05,86.7709815
43391891,2017-12-26T00:23:43.32,SELL,6.955e-05,82.22913358
43391892,2017-12-26T00:23:43.32,SELL,6.951e-05,17.77086642
43391899,2017-12-26T00:23:46.32,BUY,6.97e-05,71.12375533
43391902,2017-12-26T00:23:47.133,BUY,6.97e-05,100.263
43391904,2017-12-26T00:23:47.51,SELL,6.956e-05,1675.6777
43391905,2017-12-26T00:23:47.51,SELL,6.955e-05,4227.81940713
43391910,2017-12-26T00:23:48.697,BUY,6.97e-05,1027.07744
43391912,2017-12-26T00:23:48.883,BUY,6.97e-05,17.06970128
43391919,2017-12-26T00:23:51.51,BUY,6.97e-05,1871.13282503
43391930,2017-12-26T00:23:54.133,BUY,6.97e-05,74.97656976
43391934,2017-12-26T00:23:54.447,BUY,6.97e-05,144.0
43391936,2017-12-26T00:23:54.82,BUY,6.97e-05,29.61918193
43391941,2017-12-26T00:23:55.633,BUY,6.97e-05,32.69754768
43391946,2017-12-26T00:23:56.4,BUY,6.97e-05,53.60053156
43391948,2017-12-26T00:23:56.447,SELL,6.952e-05,142.9580969
43391964,2017-12-26T00:23:58.197,BUY,6.98e-05,40.76086956
43391973,2017-12-26T00:24:00.087,BUY,6.98e-05,54.83689538
43391975,2017-12-26T00:24:00.477,BUY,6.98e-05,32.70200298
43391986,2017-12-26T00:24:04.057,SELL,6.952e-05,1103.24711836
43391990,2017-12-26T00:24:04.743,BUY,6.98e-05,671.70023208
43391991,2017-12-26T00:24:04.743,BUY,6.983e-05,238.42115286
43391992,2017-12-26T00:24:04.743,BUY,6.983e-05,944.35842932
43391993,2017-12-26T00:24:04.743,BUY,6.984e-05,358.25696443
43391995,2017-12-26T00:24:04.79,SELL,6.962e-05,1000.0
43392023,2017-12-26T00:24:11.43,BUY,6.98e-05,367.98656779
43392027,2017-12-26T00:24:12.133,BUY,6.98e-05,14.31844215
43392032,2017-12-26T00:24:13.37,BUY,6.98e-05,63.65203552
43392039,2017-12-26T00:24:14.637,BUY,6.98e-05,54.1936786
43392041,2017-12-26T00:24:14.713,BUY,6.98e-05,53.14799672
43392047,2017-12-26T00:24:16.027,BUY,6.98e-05,28.57531636
43392050,2017-12-26T00:24:16.26,BUY,6.98e-05,62.82722512
43392052,2017-12-26T00:24:16.34,BUY,6.98e-05,122.19959266
43392062,2017-12-26T00:24:19.26,BUY,6.98e-05,55.62177192
43392070,2017-12-26T00:24:27.37,SELL,6.962e-05,550.0
43392075,2017-12-26T00:24:32.713,BUY,6.98e-05,143.26697564
43392077,2017-12-26T00:24:33.15,BUY,6.98e-05,41.62619674
43392079,2017-12-26T00:24:33.603,BUY,6.98e-05,476.6556989
43392080,2017-12-26T00:24:33.62,BUY,6.984e-05,905.11178082
43392095,2017-12-26T00:24:43.607,SELL,6.984e-05,11.05048325
43392098,2017-12-26T00:24:45.357,BUY,6.98e-05,88.94951675
43392102,2017-12-26T00:24:45.777,BUY,7.025e-05,11.0
43392103,2017-12-26T00:24:45.777,BUY,7.025e-05,16.58620689
43392114,2017-12-26T00:24:50.293,BUY,7.024e-05,14.23690205
43392118,2017-12-26T00:24:50.997,BUY,7.024e-05,31.5955766
43392121,2017-12-26T00:24:54.92,SELL,6.984e-05,61.54487778
43392122,2017-12-26T00:24:54.92,SELL,6.98e-05,290.0
43392123,2017-12-26T00:24:54.92,SELL,6.98e-05,282.60880747
43392124,2017-12-26T00:24:54.92,SELL,6.962e-05,2322.73821904
43392125,2017-12-26T00:24:54.92,SELL,6.957e-05,17.62380877
43392126,2017-12-26T00:24:54.92,SELL,6.956e-05,11597.44653194
43392134,2017-12-26T00:24:59.247,SELL,6.984e-05,59.37568735
43392135,2017-12-26T00:24:59.247,SELL,6.956e-05,10803.06854865
43392137,2017-12-26T00:24:59.67,BUY,7.021e-05,21.35535307
43392139,2017-12-26T00:25:00.043,BUY,7.021e-05,31.32118451
43392142,2017-12-26T00:25:01.48,BUY,7.021e-05,17.08428246
43392149,2017-12-26T00:25:06.543,BUY,6.984e-05,35.74989317
43392151,2017-12-26T00:25:07.747,BUY,6.984e-05,56.96382796
43392154,2017-12-26T00:25:09.67,BUY,6.984e-05,550.13550134
43392158,2017-12-26T00:25:11.187,BUY,6.984e-05,21.361435
43392159,2017-12-26T00:25:11.607,SELL,6.957e-05,3241.77768888
43392160,2017-12-26T00:25:11.607,SELL,6.956e-05,11805.18716752
43392161,2017-12-26T00:25:11.607,SELL,6.954e-05,11.0
43392162,2017-12-26T00:25:11.607,SELL,6.952e-05,14.56423217
43392163,2017-12-26T00:25:11.607,SELL,6.95e-05,3497.84565943
43392164,2017-12-26T00:25:12.247,SELL,6.95e-05,3241.777688
43392165,2017-12-26T00:25:12.42,SELL,6.95e-05,114.46783834
43392166,2017-12-26T00:25:12.42,SELL,6.95e-05,14.40063208
43392167,2017-12-26T00:25:12.42,SELL,6.95e-05,121.13152958
43392168,2017-12-26T00:25:12.78,SELL,6.95e-05,29.6977902
43392169,2017-12-26T00:25:12.78,SELL,6.95e-05,500.0
43392171,2017-12-26T00:25:13.123,BUY,6.95e-05,262.61230967
43392172,2017-12-26T00:25:13.53,SELL,6.949e-05,1000.0
43392173,2017-12-26T00:25:13.53,SELL,6.947e-05,92.84188052
43392174,2017-12-26T00:25:13.53,SELL,6.946e-05,50.40079123
43392175,2017-12-26T00:25:13.53,SELL,6.946e-05,29.17579794
43392176,2017-12-26T00:25:13.53,SELL,6.946e-05,31.12441261
43392177,2017-12-26T00:25:13.53,SELL,6.944e-05,38.88244088
43392178,2017-12-26T00:25:13.543,SELL,6.944e-05,120.0
43392179,2017-12-26T00:25:13.543,SELL,6.942e-05,112.89654534
43392180,2017-12-26T00:25:13.543,SELL,6.942e-05,18.72424516
43392181,2017-12-26T00:25:13.543,SELL,6.942e-05,376.61951134
43392182,2017-12-26T00:25:13.543,SELL,6.942e-05,10.0
43392183,2017-12-26T00:25:13.543,SELL,6.941e-05,27.24880853
43392184,2017-12-26T00:25:13.543,SELL,6.941e-05,27.94552082
43392185,2017-12-26T00:25:13.543,SELL,6.94e-05,3804.13048315
43392186,2017-12-26T00:25:13.543,SELL,6.94e-05,115.0731678
43392187,2017-12-26T00:25:13.543,SELL,6.94e-05,21.55979827
43392188,2017-12-26T00:25:13.543,SELL,6.94e-05,200.0
43392189,2017-12-26T00:25:13.543,SELL,6.94e-05,27.07755107
43392194,2017-12-26T00:25:15.293,BUY,6.939e-05,72.21058185
43392196,2017-12-26T00:25:16.53,BUY,6.939e-05,177.78941815
43392203,2017-12-26T00:25:19.607,BUY,6.939e-05,90.28325097
43392205,2017-12-26T00:25:20.39,BUY,6.939e-05,1159.71674903
43392220,2017-12-26T00:25:25.31,BUY,6.957e-05,75.46666666
43392224,2017-12-26T00:25:26.25,BUY,6.957e-05,137.14644
43392229,2017-12-26T00:25:27.013,BUY,6.957e-05,996.59338323
43392282,2017-12-26T00:25:38.843,BUY,6.982e-05,317.46031746
43392290,2017-12-26T00:25:40.97,BUY,6.982e-05,20.04868967
43392292,2017-12-26T00:25:41.577,BUY,6.982e-05,97.34390209
43392294,2017-12-26T00:25:42.017,BUY,6.982e-05,52.65236276
43392298,2017-12-26T00:25:42.953,BUY,6.983e-05,100.0
43392300,2017-12-26T00:25:44.47,BUY,6.982e-05,17.18459114
43392302,2017-12-26T00:25:44.53,BUY,6.982e-05,17.18459114
43392309,2017-12-26T00:25:47.687,BUY,6.982e-05,14.32049262
43392312,2017-12-26T00:25:47.767,BUY,6.982e-05,37.22794959
43392317,2017-12-26T00:25:49.187,BUY,6.982e-05,266.38252528
43392325,2017-12-26T00:25:52.75,SELL,6.939e-05,28.82259691
43392326,2017-12-26T00:25:52.75,SELL,6.938e-05,161.45762468
43392327,2017-12-26T00:25:52.75,SELL,6.938e-05,30.8294786
43392328,2017-12-26T00:25:52.75,SELL,6.936e-05,28.83506344
43392329,2017-12-26T00:25:52.75,SELL,6.936e-05,28.83506344
43392330,2017-12-26T00:25:52.767,SELL,6.934e-05,28.57548349
43392331,2017-12-26T00:25:52.767,SELL,6.934e-05,27.82541643
43392332,2017-12-26T00:25:52.767,SELL,6.934e-05,28.29568287
43392333,2017-12-26T00:25:52.767,SELL,6.934e-05,27.84325461
43392334,2017-12-26T00:25:52.767,SELL,6.93e-05,10.0
43392335,2017-12-26T00:25:52.767,SELL,6.93e-05,25.21688636
43392336,2017-12-26T00:25:52.767,SELL,6.93e-05,100.03787879
43392337,2017-12-26T00:25:52.767,SELL,6.93e-05,49.62467768
43392338,2017-12-26T00:25:52.767,SELL,6.921e-05,50.0
43392339,2017-12-26T00:25:52.767,SELL,6.914e-05,14.46307288
43392340,2017-12-26T00:25:52.767,SELL,6.913e-05,31.58206495
43392341,2017-12-26T00:25:52.767,SELL,6.913e-05,10.0
43392342,2017-12-26T00:25:52.767,SELL,6.91e-05,500.0
43392343,2017-12-26T00:25:52.767,SELL,6.91e-05,300.0
43392344,2017-12-26T00:25:52.767,SELL,6.91e-05,21.70704176
43392345,2017-12-26T00:25:52.767,SELL,6.91e-05,200.0
43392346,2017-12-26T00:25:52.767,SELL,6.909e-05,55.46305245
43392347,2017-12-26T00:25:52.767,SELL,6.909e-05,110.9261049
43392348,2017-12-26T00:25:52.767,SELL,6.909e-05,10.0
43392349,2017-12-26T00:25:52.767,SELL,6.907e-05,612.9131405
43392371,2017-12-26T00:25:59.233,SELL,6.95e-05,1281.414095
43392374,2017-12-26T00:26:00,SELL,6.95e-05,18.585905
43392375,2017-12-26T00:26:00.017,SELL,6.939e-05,197.122254
43392379,2017-12-26T00:26:00.797,BUY,6.981e-05,34.36918229
43392385,2017-12-26T00:26:03.11,BUY,6.981e-05,10.02578057
43392389,2017-12-26T00:26:04.877,BUY,6.95e-05,247.35968086
43392392,2017-12-26T00:26:07.14,BUY,6.98e-05,359.81927405
43392393,2017-12-26T00:26:07.44,SELL,6.94e-05,3255.86092405
43392394,2017-12-26T00:26:07.44,SELL,6.939e-05,18247.72872571
43392396,2017-12-26T00:26:07.86,BUY,6.98e-05,61.93521431
43392397,2017-12-26T00:26:07.86,BUY,6.981e-05,147.96132545
43392398,2017-12-26T00:26:07.86,BUY,6.982e-05,264.28757939
43392399,2017-12-26T00:26:07.86,BUY,6.982e-05,122.71611978
43392400,2017-12-26T00:26:07.86,BUY,6.983e-05,279.33526586
43392401,2017-12-26T00:26:07.86,BUY,6.984e-05,3374.90498879
43392406,2017-12-26T00:26:09.517,BUY,6.95e-05,140.15633814
43392407,2017-12-26T00:26:09.517,BUY,7e-05,100.0
43392408,2017-12-26T00:26:09.517,BUY,7.005e-05,256.94204953
43392410,2017-12-26T00:26:09.563,BUY,7.005e-05,355.97109097
43392411,2017-12-26T00:26:09.563,BUY,7.01e-05,19.67515069
43392412,2017-12-26T00:26:09.563,BUY,7.024e-05,10.0
43392413,2017-12-26T00:26:09.627,SELL,7.024e-05,111.38170751
43392422,2017-12-26T00:26:12.767,SELL,6.939e-05,478.00935535
43392430,2017-12-26T00:26:16.237,BUY,6.97e-05,121.66643467
43392452,2017-12-26T00:26:22.97,SELL,6.939e-05,2777.8515687
43392498,2017-12-26T00:26:29.3,BUY,7.017e-05,15.671748
43392520,2017-12-26T00:26:34.237,SELL,6.927e-05,16.48578101
43392529,2017-12-26T00:26:37.347,BUY,7.012e-05,41.20879119
43392535,2017-12-26T00:26:38.08,BUY,6.996e-05,8.54944428
43392562,2017-12-26T00:26:46.083,BUY,6.996e-05,2.45055572
43392609,2017-12-26T00:26:59.973,BUY,7.01e-05,216.95991532
43392616,2017-12-26T00:27:02.147,BUY,6.996e-05,213.51297434
43392629,2017-12-26T00:27:06.21,BUY,7.009e-05,14.26533523
43392635,2017-12-26T00:27:07.913,BUY,7.009e-05,2.22044578
43392647,2017-12-26T00:27:12.24,BUY,7.01e-05,8.79443652
43392648,2017-12-26T00:27:12.35,SELL,7.009e-05,104.0
43392659,2017-12-26T00:27:14.04,SELL,7.009e-05,0.78483314
43392660,2017-12-26T00:27:14.04,SELL,6.97e-05,71.55667145
43392661,2017-12-26T00:27:14.04,SELL,6.952e-05,134.92376295
43392662,2017-12-26T00:27:14.04,SELL,6.939e-05,45.40044732
43392663,2017-12-26T00:27:14.04,SELL,6.927e-05,28.87252779
43392664,2017-12-26T00:27:14.04,SELL,6.926e-05,11.0
43392665,2017-12-26T00:27:14.04,SELL,6.926e-05,19.72446184
43392666,2017-12-26T00:27:14.04,SELL,6.926e-05,3644.6343
43392669,2017-12-26T00:27:14.397,BUY,6.926e-05,212.30275189
43392699,2017-12-26T00:27:23.117,SELL,7.01e-05,50.0
43392700,2017-12-26T00:27:23.117,SELL,7.009e-05,132.0
43392711,2017-12-26T00:27:36.977,SELL,7.009e-05,355.27788176
43392713,2017-12-26T00:27:37.243,BUY,7.022e-05,28.66604956
43392718,2017-12-26T00:27:38.883,BUY,7.022e-05,42.80211157
43392721,2017-12-26T00:27:46.307,SELL,6.972e-05,341.75483855
43392722,2017-12-26T00:27:46.307,SELL,6.971e-05,8324.24516145
43392730,2017-12-26T00:27:50.977,BUY,7.008e-05,14.26940639
43392731,2017-12-26T00:27:52.883,SELL,6.984e-05,27.16436225
43392733,2017-12-26T00:27:54.337,BUY,7.007e-05,8.69983786
43392734,2017-12-26T00:27:54.527,SELL,6.984e-05,187.61227005
43392735,2017-12-26T00:27:54.527,SELL,6.972e-05,2030.07067995
43392736,2017-12-26T00:27:54.54,SELL,6.972e-05,117.122251
43392738,2017-12-26T00:27:56.527,BUY,6.984e-05,1350.25380711
43392740,2017-12-26T00:28:03.167,SELL,6.972e-05,1120.11126982
43392744,2017-12-26T00:28:03.993,BUY,6.972e-05,859.31722601
43392752,2017-12-26T00:28:07.917,BUY,6.999e-05,80.0
43392756,2017-12-26T00:28:08.057,BUY,7.004e-05,81.75500748
43392759,2017-12-26T00:28:09.353,SELL,6.999e-05,142.87755393
43392760,2017-12-26T00:28:09.353,SELL,6.987e-05,70.6
43392761,2017-12-26T00:28:09.353,SELL,6.971e-05,5519.52244607
43392764,2017-12-26T00:28:10.993,BUY,7.004e-05,14.31844215
43392768,2017-12-26T00:28:14.057,SELL,6.971e-05,1325.426548
43392787,2017-12-26T00:28:18.853,BUY,7.019e-05,14.06074241
43392803,2017-12-26T00:28:26.51,BUY,7.019e-05,8.78315999
43392808,2017-12-26T00:28:30.543,SELL,6.996e-05,94.53399
43392830,2017-12-26T00:28:41.387,SELL,6.996e-05,55.58632092
43392864,2017-12-26T00:29:04.5,BUY,7.014e-05,221.81889851
43392866,2017-12-26T00:29:04.61,BUY,7.014e-05,4.73175829
43392867,2017-12-26T00:29:08.423,SELL,7.014e-05,23.96698708
43392875,2017-12-26T00:29:10.627,BUY,7.014e-05,257.397018
43392894,2017-12-26T00:29:19.55,BUY,7.012e-05,4016.3949371
43392895,2017-12-26T00:29:19.55,BUY,7.013e-05,505.0697
43392896,2017-12-26T00:29:19.55,BUY,7.014e-05,1200.2987703
43392904,2017-12-26T00:29:21.19,BUY,7.014e-05,470.58659212
43392907,2017-12-26T00:29:21.69,BUY,7.014e-05,1039.69614135
43392921,2017-12-26T00:29:29.737,BUY,7.013e-05,500.0
43392922,2017-12-26T00:29:29.737,BUY,7.014e-05,850.0771704
43392929,2017-12-26T00:29:33.097,BUY,7.014e-05,174.38141263
43392930,2017-12-26T00:29:33.097,BUY,7.014e-05,150.88950977
43392931,2017-12-26T00:29:33.097,BUY,7.017e-05,450.08440096
43392932,2017-12-26T00:29:33.097,BUY,7.018e-05,4736.21821489
43392933,2017-12-26T00:29:33.097,BUY,7.018e-05,353.53096893
43392934,2017-12-26T00:29:33.097,BUY,7.018e-05,155.72956235
43392937,2017-12-26T00:29:34.237,SELL,7.013e-05,14.18161669
43392938,2017-12-26T00:29:34.237,SELL,6.999e-05,85.81838331
43392945,2017-12-26T00:29:39.24,BUY,7.017e-05,355.44652657
43392947,2017-12-26T00:29:40.223,BUY,7.01e-05,497.15576221
43392949,2017-12-26T00:29:42.223,BUY,7.01e-05,88.43009467
43392952,2017-12-26T00:29:44.473,BUY,7.01e-05,414.41414312
43392953,2017-12-26T00:29:44.473,BUY,7.013e-05,82.93816312
43392957,2017-12-26T00:29:51.1,BUY,7.013e-05,17.06183688
43392958,2017-12-26T00:29:51.1,BUY,7.018e-05,197.80140658
43392959,2017-12-26T00:29:51.1,BUY,7.018e-05,424.77633799
43392960,2017-12-26T00:29:51.1,BUY,7.019e-05,1671.1355978
43392961,2017-12-26T00:29:52.363,SELL,7.019e-05,2254.47162164
43392968,2017-12-26T00:29:54.6,SELL,7.019e-05,335.70100435
43392978,2017-12-26T00:30:01.363,SELL,7.019e-05,60.52020821
43392980,2017-12-26T00:30:02.46,BUY,7.022e-05,27.86679671
43392988,2017-12-26T00:30:08.35,BUY,7.022e-05,106.80717744
43392990,2017-12-26T00:30:08.507,BUY,7.022e-05,14.24095699
43392995,2017-12-26T00:30:10.367,BUY,7.022e-05,2.65563362
43392996,2017-12-26T00:30:10.367,BUY,7.022e-05,120.22591384
43392997,2017-12-26T00:30:10.367,BUY,7.025e-05,4847.60771021
43393025,2017-12-26T00:30:24.163,SELL,7.01e-05,220.55991441
43393026,2017-12-26T00:30:24.163,SELL,7e-05,450.49705714
43393027,2017-12-26T00:30:24.163,SELL,6.999e-05,28.94302845
43393030,2017-12-26T00:30:34.617,SELL,7.001e-05,799.801177
43393049,2017-12-26T00:30:55.697,SELL,7.001e-05,231.6749819
43393051,2017-12-26T00:30:57.307,BUY,7.001e-05,26.93602693
43393053,2017-12-26T00:30:57.633,BUY,7.001e-05,21.49692901
43393060,2017-12-26T00:31:00.12,SELL,6.996e-05,19.79888076
43393061,2017-12-26T00:31:00.12,SELL,6.996e-05,10.0
43393062,2017-12-26T00:31:00.12,SELL,6.972e-05,0.20111924
43393104,2017-12-26T00:31:06.807,BUY,7.001e-05,227.15321371
43393121,2017-12-26T00:31:09.947,BUY,7.001e-05,46.72229542
43393123,2017-12-26T00:31:10.4,SELL,7.001e-05,8.98403224
43393161,2017-12-26T00:31:18.54,SELL,6.972e-05,16.0
43393222,2017-12-26T00:31:43.59,SELL,6.972e-05,104.0
43393237,2017-12-26T00:31:50.73,SELL,6.972e-05,595.52262361
43393238,2017-12-26T00:31:50.73,SELL,6.972e-05,2090.80263519
43393252,2017-12-26T00:31:57.043,BUY,7.001e-05,21.42551064
43393260,2017-12-26T00:32:02.7,BUY,7e-05,1000.0
43393261,2017-12-26T00:32:02.7,BUY,7.001e-05,25.72770332
43393262,2017-12-26T00:32:02.7,BUY,7.001e-05,286.38765891
43393263,2017-12-26T00:32:02.7,BUY,7.001e-05,112.68109542
43393275,2017-12-26T00:32:12.7,SELL,6.975e-05,4826.61752049
43393277,2017-12-26T00:32:13.28,SELL,6.975e-05,15.00225598
43393280,2017-12-26T00:32:20.95,SELL,6.977e-05,113.73555885
43393282,2017-12-26T00:32:20.95,BUY,7e-05,75.70347093
43393288,2017-12-26T00:32:27.373,BUY,7e-05,37.06779795
43393322,2017-12-26T00:32:48.703,SELL,6.976e-05,1993.78349534
43393324,2017-12-26T00:32:48.83,BUY,7e-05,85.71428571
43393325,2017-12-26T00:32:50.797,SELL,6.976e-05,2000.0
43393330,2017-12-26T00:32:52.83,BUY,6.999e-05,450.49705714
43393331,2017-12-26T00:32:52.83,BUY,7e-05,827.2039933
43393332,2017-12-26T00:32:52.83,BUY,7e-05,38.55477706
43393360,2017-12-26T00:33:06.22,BUY,6.999e-05,79.37557878
43393364,2017-12-26T00:33:07.3,BUY,6.999e-05,43.08712545
43393366,2017-12-26T00:33:12.05,BUY,6.999e-05,49.24722104
43393373,2017-12-26T00:33:19.457,SELL,6.977e-05,33.94988462
43393374,2017-12-26T00:33:19.457,SELL,6.976e-05,724.06208566
43393377,2017-12-26T00:33:20.313,BUY,6.976e-05,5714.28571
43393387,2017-12-26T00:33:23.847,BUY,6.976e-05,5714.28571
43393393,2017-12-26T00:33:26.707,BUY,6.976e-05,5714.28571
43393397,2017-12-26T00:33:28.94,BUY,6.976e-05,616.26492336
43393402,2017-12-26T00:33:30.55,BUY,6.976e-05,54.6522912
43393405,2017-12-26T00:33:31.58,BUY,6.976e-05,1195.70915867
43393407,2017-12-26T00:33:34.143,BUY,6.976e-05,822.03041512
43393410,2017-12-26T00:33:36.347,BUY,6.976e-05,1347.11917431
43393412,2017-12-26T00:33:36.55,BUY,6.976e-05,14.33280779
43393417,2017-12-26T00:33:43.253,BUY,6.976e-05,359.80504587
43393418,2017-12-26T00:33:43.347,SELL,6.971e-05,20.48101743
43393421,2017-12-26T00:33:45.16,BUY,6.971e-05,4979.51898257
43393447,2017-12-26T00:34:05.1,SELL,6.957e-05,100.20381152
43393449,2017-12-26T00:34:05.74,BUY,6.976e-05,26.69022362
43393454,2017-12-26T00:34:08.693,BUY,6.976e-05,21.47978784
43393455,2017-12-26T00:34:09.88,SELL,6.957e-05,68.86119564
43393458,2017-12-26T00:34:16.787,SELL,6.957e-05,259.50624697
43393460,2017-12-26T00:34:18.07,BUY,6.976e-05,124.90905763
43393465,2017-12-26T00:34:24.99,BUY,6.976e-05,34.29355281
43393470,2017-12-26T00:34:28.68,SELL,6.957e-05,1065.34434587
43393471,2017-12-26T00:34:28.68,SELL,6.956e-05,1498.65565413
43393508,2017-12-26T00:34:43.977,BUY,6.976e-05,14.33486238
43393511,2017-12-26T00:34:44.227,SELL,6.961e-05,1602.4941
43393512,2017-12-26T00:34:44.227,SELL,6.961e-05,77.75171403
43393518,2017-12-26T00:34:49.867,BUY,6.976e-05,21.57396788
43393519,2017-12-26T00:34:55.807,SELL,6.962e-05,600.0
43393524,2017-12-26T00:35:00.4,BUY,6.976e-05,21.47978784
43393528,2017-12-26T00:35:08.727,SELL,6.971e-05,17.57695707
43393529,2017-12-26T00:35:08.727,SELL,6.961e-05,31.38594958
43393530,2017-12-26T00:35:08.727,SELL,6.961e-05,46.03709335
43393532,2017-12-26T00:35:09.853,BUY,6.976e-05,21.50229357
43393534,2017-12-26T00:35:10.26,BUY,6.976e-05,21.50229357
43393536,2017-12-26T00:35:10.947,SELL,6.961e-05,68.37516949
43393539,2017-12-26T00:35:14.65,SELL,6.961e-05,26.93008896
43393540,2017-12-26T00:35:15.18,SELL,6.961e-05,105.09565688
43393541,2017-12-26T00:35:15.18,SELL,6.96e-05,204.36954849
43393542,2017-12-26T00:35:15.18,SELL,6.957e-05,90.53479463
43393559,2017-12-26T00:35:26.137,SELL,6.957e-05,1307.01489597
43393568,2017-12-26T00:35:29.963,BUY,6.957e-05,33.72110522
43393572,2017-12-26T00:35:32.23,SELL,6.956e-05,528.28476299
43393573,2017-12-26T00:35:32.23,SELL,6.956e-05,99.18864664
43393574,2017-12-26T00:35:32.23,SELL,6.955e-05,108.63183753
43393575,2017-12-26T00:35:32.247,SELL,6.951e-05,10.0
43393576,2017-12-26T00:35:32.247,SELL,6.94e-05,753.89475284
43393581,2017-12-26T00:35:37.043,BUY,6.957e-05,40.06410256
43393583,2017-12-26T00:35:37.307,BUY,6.957e-05,196.8503937
43393585,2017-12-26T00:35:37.557,BUY,6.957e-05,166.88918558
43393587,2017-12-26T00:35:37.603,BUY,6.957e-05,81.77729316
43393596,2017-12-26T00:35:42.607,BUY,6.957e-05,34.96014543
43393599,2017-12-26T00:35:43.09,BUY,6.957e-05,55.73359342
43393602,2017-12-26T00:35:43.95,BUY,6.957e-05,109.51403148
43393604,2017-12-26T00:35:44.31,BUY,6.957e-05,67.692
43393609,2017-12-26T00:35:47.747,SELL,6.95e-05,21.561018
43393615,2017-12-26T00:35:50.95,BUY,6.95e-05,27.22431882
43393620,2017-12-26T00:35:55.357,BUY,6.95e-05,200.0
43393622,2017-12-26T00:35:55.42,BUY,6.95e-05,170.24417373
43393625,2017-12-26T00:35:58.043,BUY,6.95e-05,80.97048945
43393635,2017-12-26T00:36:00.62,SELL,6.956e-05,28.0
43393652,2017-12-26T00:36:15.06,BUY,6.957e-05,1367.87200828
43393655,2017-12-26T00:36:20.81,BUY,6.96e-05,5755.39568
43393659,2017-12-26T00:36:26.53,BUY,6.96e-05,5755.39568
43393662,2017-12-26T00:36:30.513,BUY,6.96e-05,20008.86630361
43393666,2017-12-26T00:36:30.937,BUY,6.96e-05,542.07887246
43393668,2017-12-26T00:36:31.093,BUY,6.96e-05,14720.08549769
43393675,2017-12-26T00:36:34.92,SELL,6.96e-05,187.4664172
43393678,2017-12-26T00:36:36.92,SELL,6.96e-05,3206.10471785
43393693,2017-12-26T00:36:45.53,SELL,6.957e-05,700.0
43393699,2017-12-26T00:36:50.237,SELL,6.957e-05,72.48682153
43393707,2017-12-26T00:36:58.597,SELL,6.957e-05,627.51317847
43393708,2017-12-26T00:36:58.597,SELL,6.957e-05,527.44534053
43393709,2017-12-26T00:36:58.597,SELL,6.957e-05,486.46673611
43393710,2017-12-26T00:36:59.143,SELL,6.957e-05,1077.76423599
43393711,2017-12-26T00:36:59.813,SELL,6.957e-05,923.33757528
43393713,2017-12-26T00:37:00.097,BUY,6.96e-05,52.70444578
43393714,2017-12-26T00:37:00.753,SELL,6.957e-05,39.25291009
43393715,2017-12-26T00:37:00.753,SELL,6.957e-05,33.0144254
43393731,2017-12-26T00:37:25.597,BUY,6.957e-05,14.36575204
43393733,2017-12-26T00:37:25.863,BUY,6.957e-05,3.99597062
43393734,2017-12-26T00:37:25.863,BUY,6.957e-05,245.571617
43393735,2017-12-26T00:37:25.863,BUY,6.957e-05,49.80737701
43393739,2017-12-26T00:37:28.44,SELL,6.956e-05,37.86441524
43393747,2017-12-26T00:37:34.207,BUY,6.956e-05,677.55406653
43393751,2017-12-26T00:37:40.223,SELL,6.941e-05,348.04910961
43393752,2017-12-26T00:37:40.223,SELL,6.941e-05,23.34794766
43393753,2017-12-26T00:37:40.223,SELL,6.94e-05,462.4764298
43393761,2017-12-26T00:37:48.897,SELL,6.94e-05,783.62881736
43393762,2017-12-26T00:37:48.897,SELL,6.94e-05,216.77505664
43393765,2017-12-26T00:37:49.693,SELL,6.94e-05,402.25798236
43393771,2017-12-26T00:37:55.6,SELL,6.94e-05,840.12290702
43393772,2017-12-26T00:37:56.07,SELL,6.94e-05,76.02982466
43393773,2017-12-26T00:37:56.07,SELL,6.94e-05,52.76976318
43393776,2017-12-26T00:37:59.193,SELL,6.94e-05,50.0
43393787,2017-12-26T00:38:12.257,SELL,6.94e-05,2445.18544157
43393788,2017-12-26T00:38:12.257,SELL,6.94e-05,569.12902057
43393789,2017-12-26T00:38:12.257,SELL,6.94e-05,401.53324931
43393791,2017-12-26T00:38:12.63,BUY,6.94e-05,260.5904506
43393793,2017-12-26T00:38:13.54,BUY,6.94e-05,21.68587896
43393798,2017-12-26T00:38:14.85,BUY,6.94e-05,1192.04559643
43393813,2017-12-26T00:38:21.227,BUY,6.956e-05,14.3760782
43393817,2017-12-26T00:38:24.57,SELL,6.94e-05,62.70819595
43393831,2017-12-26T00:38:34.523,BUY,6.956e-05,8.54900121
43393833,2017-12-26T00:38:34.93,SELL,6.941e-05,216.2575787
43393834,2017-12-26T00:38:35.76,SELL,6.941e-05,652.30185718
43393836,2017-12-26T00:38:41.57,BUY,6.956e-05,123.85290471
43393837,2017-12-26T00:38:41.57,BUY,6.956e-05,60.98323888
43393849,2017-12-26T00:38:48.963,SELL,6.941e-05,200.0
43393851,2017-12-26T00:38:49.243,BUY,6.95e-05,526.98398633
43393854,2017-12-26T00:38:53.197,SELL,6.941e-05,3511.17884914
43393864,2017-12-26T00:39:01.433,BUY,6.95e-05,2073.01601367
43393866,2017-12-26T00:39:01.447,BUY,6.957e-05,1604.43035543
43393874,2017-12-26T00:39:03.743,BUY,6.96e-05,1063.17962868
43393875,2017-12-26T00:39:03.743,BUY,6.96e-05,100.0
43393876,2017-12-26T00:39:04.197,SELL,6.941e-05,63.39340455
43393877,2017-12-26T00:39:04.197,SELL,6.941e-05,2100.93345037
43393878,2017-12-26T00:39:04.197,SELL,6.941e-05,360.14704613
43393886,2017-12-26T00:39:14.603,BUY,6.961e-05,300.0
43393893,2017-12-26T00:39:21.84,BUY,6.976e-05,163.51001498
43393900,2017-12-26T00:39:24.653,BUY,6.976e-05,27.100271
43393902,2017-12-26T00:39:25.573,BUY,6.976e-05,132.43279034
43393905,2017-12-26T00:39:27.107,BUY,6.976e-05,51.94805192
43393908,2017-12-26T00:39:32.573,BUY,6.976e-05,54.47247706
43393914,2017-12-26T00:39:44.937,BUY,6.976e-05,4868.14085771
43393916,2017-12-26T00:39:45.53,BUY,6.976e-05,528.34337208
43393917,2017-12-26T00:39:45.92,SELL,6.942e-05,89.97999167
43393918,2017-12-26T00:39:45.92,SELL,6.942e-05,110.02000833
43393919,2017-12-26T00:39:47.543,SELL,6.942e-05,73.04025031
43393945,2017-12-26T00:40:05.217,BUY,6.976e-05,82.75405494
43393949,2017-12-26T00:40:06.233,BUY,6.976e-05,17.20183486
43393955,2017-12-26T00:40:11.11,BUY,6.97e-05,100.0
43393956,2017-12-26T00:40:11.11,BUY,6.976e-05,14.67889908
43393960,2017-12-26T00:40:13.203,BUY,6.976e-05,17.20183486
43393963,2017-12-26T00:40:13.907,BUY,6.976e-05,462.08410837
43393969,2017-12-26T00:40:18.22,BUY,6.976e-05,15.92210758
43393979,2017-12-26T00:40:20.627,BUY,6.976e-05,313.6965499
43393981,2017-12-26T00:40:20.843,BUY,6.976e-05,71.674312
43393987,2017-12-26T00:40:23.563,BUY,6.976e-05,229.22610331
43394001,2017-12-26T00:40:33.86,BUY,6.976e-05,107.24811514
43394009,2017-12-26T00:40:42.237,BUY,6.976e-05,11.58153587
43394013,2017-12-26T00:40:44.203,SELL,6.95e-05,41.25328644
43394021,2017-12-26T00:40:51.517,BUY,6.976e-05,214.23396526
43394022,2017-12-26T00:40:51.517,BUY,6.976e-05,150.5906296
43394023,2017-12-26T00:40:51.517,BUY,6.976e-05,309.94669169
43394025,2017-12-26T00:40:53.47,SELL,6.951e-05,855.06853517
43394026,2017-12-26T00:40:55.05,SELL,6.951e-05,4024.692806
43394028,2017-12-26T00:40:56.317,BUY,6.955e-05,11.87724948
43394036,2017-12-26T00:41:00.363,SELL,6.954e-05,200.04029545
43394040,2017-12-26T00:41:02.97,BUY,6.955e-05,247.29520856
43394052,2017-12-26T00:41:11.067,SELL,6.95e-05,1393.99851212
43394053,2017-12-26T00:41:11.067,SELL,6.95e-05,26.73872805
43394054,2017-12-26T00:41:11.067,SELL,6.946e-05,773.79419283
43394059,2017-12-26T00:41:34.757,BUY,6.95e-05,198.34710742
43394061,2017-12-26T00:41:36.35,BUY,6.95e-05,157.55689196
43394067,2017-12-26T00:41:46.007,BUY,6.95e-05,124.23154993
43394068,2017-12-26T00:41:46.007,BUY,6.95e-05,30.91993033
43394076,2017-12-26T00:41:50.757,SELL,6.95e-05,300.27063058
43394077,2017-12-26T00:41:50.757,SELL,6.946e-05,662.21596885
43394089,2017-12-26T00:41:57.367,BUY,6.946e-05,1000.0
43394100,2017-12-26T00:42:02.04,BUY,6.946e-05,14.38641922
43394104,2017-12-26T00:42:04.133,BUY,6.946e-05,526.48071742
43394105,2017-12-26T00:42:04.133,BUY,6.95e-05,14.38641922
43394109,2017-12-26T00:42:09.82,BUY,6.946e-05,155.75789873
43394113,2017-12-26T00:42:16.43,BUY,6.946e-05,88.45460127
43394114,2017-12-26T00:42:16.43,BUY,6.946e-05,69.46141883
43394129,2017-12-26T00:42:25.43,BUY,6.946e-05,9.88151454
43394132,2017-12-26T00:42:34.01,BUY,6.946e-05,5776.17329
43394134,2017-12-26T00:42:35.26,BUY,6.946e-05,8.61646991
43394136,2017-12-26T00:42:41.65,BUY,6.946e-05,21.59516268
43394138,2017-12-26T00:42:48.04,BUY,6.946e-05,35.69046933
43394140,2017-12-26T00:42:52.963,SELL,6.943e-05,57.97736317
43394141,2017-12-26T00:42:52.98,SELL,6.943e-05,3.1407584
43394142,2017-12-26T00:42:52.98,SELL,6.943e-05,30.0
43394143,2017-12-26T00:42:53.62,SELL,6.942e-05,731.41371199
43394144,2017-12-26T00:42:53.62,SELL,6.942e-05,8.54324005
43394145,2017-12-26T00:42:53.62,SELL,6.942e-05,40.85303163
43394146,2017-12-26T00:42:53.62,SELL,6.942e-05,51.7488862
43394147,2017-12-26T00:42:53.62,SELL,6.941e-05,21.502294
43394148,2017-12-26T00:42:53.62,SELL,6.94e-05,412.63683974
43394149,2017-12-26T00:42:53.62,SELL,6.94e-05,1164.62685878
43394150,2017-12-26T00:42:56.277,SELL,6.94e-05,959.2879158
43394152,2017-12-26T00:42:56.277,SELL,6.94e-05,306.34383413
43394156,2017-12-26T00:42:57.497,BUY,6.943e-05,56.33145876
43394160,2017-12-26T00:43:05.653,SELL,6.94e-05,111.65616587
43394161,2017-12-26T00:43:05.653,SELL,6.94e-05,288.99405405
43394165,2017-12-26T00:43:13.107,SELL,6.94e-05,168.31531518
43394167,2017-12-26T00:43:15.42,BUY,6.943e-05,232.63989151
43394168,2017-12-26T00:43:15.42,BUY,6.943e-05,235.76572791
43394170,2017-12-26T00:43:15.98,BUY,6.943e-05,178.50029767
43394171,2017-12-26T00:43:15.98,BUY,6.946e-05,7778.34148298
43394172,2017-12-26T00:43:15.98,BUY,6.946e-05,990.10975281
43394173,2017-12-26T00:43:15.98,BUY,6.946e-05,541.87421657
43394174,2017-12-26T00:43:15.98,BUY,6.95e-05,460.85941078
43394175,2017-12-26T00:43:15.98,BUY,6.955e-05,649.30465963
43394176,2017-12-26T00:43:15.98,BUY,6.955e-05,415.94771317
43394178,2017-12-26T00:43:16.42,BUY,6.955e-05,126.67142205
43394179,2017-12-26T00:43:16.42,BUY,6.976e-05,56.23838186
43394180,2017-12-26T00:43:16.42,BUY,6.976e-05,1494.84018327
43394193,2017-12-26T00:43:21.81,BUY,6.976e-05,107.51146788
43394195,2017-12-26T00:43:21.933,BUY,6.976e-05,14.33486238
43394197,2017-12-26T00:43:22.513,BUY,6.976e-05,20.06880733
43394198,2017-12-26T00:43:23.043,SELL,6.943e-05,12.43707368
43394200,2017-12-26T00:43:25.607,BUY,6.976e-05,9.8390195
43394202,2017-12-26T00:43:28.23,SELL,6.943e-05,26.67647595
43394208,2017-12-26T00:43:31.233,SELL,6.944e-05,606.088125
43394210,2017-12-26T00:43:32.14,BUY,6.943e-05,142.97554541
43394211,2017-12-26T00:43:32.14,BUY,6.955e-05,646.70594971
43394213,2017-12-26T00:43:32.7,BUY,6.955e-05,54.28549337
43394217,2017-12-26T00:43:37.14,BUY,6.955e-05,505.21974476
43394227,2017-12-26T00:43:45.467,BUY,6.955e-05,1170.46414661
43394228,2017-12-26T00:43:47.187,SELL,6.955e-05,210.81874819
43394231,2017-12-26T00:43:55.47,SELL,6.955e-05,2029.10627079
43394235,2017-12-26T00:43:57.093,BUY,6.976e-05,35.53698394
43394243,2017-12-26T00:44:07.55,SELL,6.955e-05,9.01235283
43394246,2017-12-26T00:44:10.347,SELL,6.955e-05,342.59091243
43394247,2017-12-26T00:44:10.347,SELL,6.955e-05,369.22921749
43394250,2017-12-26T00:44:13.97,BUY,6.976e-05,1278.41601074
43394257,2017-12-26T00:44:19.563,BUY,6.976e-05,20.21653383
43394262,2017-12-26T00:44:20.457,BUY,6.976e-05,198.90395382
43394265,2017-12-26T00:44:20.767,BUY,6.976e-05,198.90395382
43394275,2017-12-26T00:44:23.267,BUY,6.976e-05,594.08127555
43394277,2017-12-26T00:44:23.47,BUY,6.976e-05,17861.81326596
43394278,2017-12-26T00:44:23.487,BUY,6.976e-05,109.19905364
43394279,2017-12-26T00:44:23.487,BUY,6.976e-05,400.0
43394280,2017-12-26T00:44:23.487,BUY,6.976e-05,24.00882835
43394289,2017-12-26T00:44:27.283,SELL,6.976e-05,1779.45502778
43394300,2017-12-26T00:44:31.05,BUY,6.978e-05,383.74197085
43394313,2017-12-26T00:44:35.27,SELL,6.955e-05,50.0
43394314,2017-12-26T00:44:35.27,SELL,6.954e-05,173.28309423
43394315,2017-12-26T00:44:35.27,SELL,6.953e-05,176.71690577
43394322,2017-12-26T00:44:36.393,BUY,6.978e-05,296.29007473
43394340,2017-12-26T00:44:42.503,BUY,6.976e-05,63.94935825
43394351,2017-12-26T00:44:45.13,SELL,6.965e-05,14.59432735
43394369,2017-12-26T00:45:01.21,SELL,6.965e-05,199.5506626
43394374,2017-12-26T00:45:05.317,BUY,6.965e-05,34.97296528
43394376,2017-12-26T00:45:05.66,BUY,6.976e-05,96.48681945
43394385,2017-12-26T00:45:11.427,SELL,6.965e-05,497.65777872
43394386,2017-12-26T00:45:11.427,SELL,6.955e-05,379.54009878
43394411,2017-12-26T00:45:25.413,SELL,6.955e-05,369.52476757
43394423,2017-12-26T00:45:36.693,BUY,6.965e-05,25.0
43394424,2017-12-26T00:45:36.693,BUY,6.976e-05,43.02097089
43394433,2017-12-26T00:45:49.43,BUY,6.965e-05,50.0
43394434,2017-12-26T00:45:49.43,BUY,6.965e-05,150.0
43394436,2017-12-26T00:45:49.617,BUY,6.976e-05,3330.83805058
43394444,2017-12-26T00:45:53.37,SELL,6.976e-05,10.0
43394445,2017-12-26T00:45:53.37,SELL,6.976e-05,11.8876111
43394450,2017-12-26T00:45:54.337,BUY,6.976e-05,371.52632023
43394459,2017-12-26T00:45:59.337,BUY,6.976e-05,105.3879594
43394468,2017-12-26T00:46:07.837,SELL,6.965e-05,60.0
43394469,2017-12-26T00:46:07.837,SELL,6.955e-05,999.81595092
43394474,2017-12-26T00:46:09.9,SELL,6.955e-05,92.1564652
43394482,2017-12-26T00:46:14.98,SELL,6.955e-05,77.44590694
43394483,2017-12-26T00:46:16.84,SELL,6.955e-05,84.17989335
43394485,2017-12-26T00:46:18.59,SELL,6.955e-05,196.2727
43394490,2017-12-26T00:46:28.59,SELL,6.955e-05,18.84474982
43394492,2017-12-26T00:46:32.417,BUY,6.976e-05,245.84107497
43394516,2017-12-26T00:46:53.78,BUY,6.998e-05,142.89797084
43394520,2017-12-26T00:46:55.433,SELL,6.996e-05,1429.38822184
43394539,2017-12-26T00:47:13.343,SELL,6.977e-05,822.97581258
43394540,2017-12-26T00:47:13.343,SELL,6.976e-05,448.9251631
43394541,2017-12-26T00:47:13.343,SELL,6.976e-05,28.66972477
43394542,2017-12-26T00:47:13.343,SELL,6.976e-05,235.64749155
43394547,2017-12-26T00:47:17.25,SELL,6.976e-05,284.35250845
43394548,2017-12-26T00:47:17.25,SELL,6.976e-05,538.62330455
43394574,2017-12-26T00:47:29.737,BUY,6.999e-05,17.14285714
43394595,2017-12-26T00:47:46.47,SELL,6.98e-05,728.01149982
43394596,2017-12-26T00:47:47.813,SELL,6.98e-05,172.93710329
43394611,2017-12-26T00:48:03.91,SELL,6.98e-05,11.0
43394612,2017-12-26T00:48:03.91,SELL,6.98e-05,216.8259866
43394613,2017-12-26T00:48:03.91,SELL,6.977e-05,28.59395156
43394614,2017-12-26T00:48:03.91,SELL,6.976e-05,961.37669545
43394615,2017-12-26T00:48:03.91,SELL,6.976e-05,265.03375141
43394623,2017-12-26T00:48:28.49,SELL,6.996e-05,21.10119213
43394624,2017-12-26T00:48:28.49,SELL,6.978e-05,28.1837658
43394638,2017-12-26T00:48:43.787,BUY,6.998e-05,108.60245784
43394648,2017-12-26T00:48:48.287,BUY,6.998e-05,71.44898542
43394650,2017-12-26T00:48:53.647,BUY,6.998e-05,142.89797084
43394666,2017-12-26T00:49:20.727,BUY,6.997e-05,212.255
43394669,2017-12-26T00:49:23.51,BUY,6.997e-05,142.91839359
43394671,2017-12-26T00:49:24.87,BUY,6.997e-05,25.83192797
43394677,2017-12-26T00:49:32.9,BUY,6.997e-05,40.0171502
43394683,2017-12-26T00:49:56.247,BUY,6.995e-05,9.97927683
43394685,2017-12-26T00:49:57.027,BUY,6.995e-05,200.0
43394687,2017-12-26T00:49:57.06,BUY,6.995e-05,1869.65811964
43394698,2017-12-26T00:50:11.763,BUY,6.995e-05,182.26984361
43394705,2017-12-26T00:50:17.56,BUY,6.994e-05,40.90537222
43394707,2017-12-26T00:50:18.263,BUY,6.994e-05,142.95925661
43394708,2017-12-26T00:50:18.28,SELL,6.979e-05,1302.82732772
43394709,2017-12-26T00:50:18.28,SELL,6.979e-05,42.32399371
43394710,2017-12-26T00:50:18.28,SELL,6.978e-05,221.8162342
43394716,2017-12-26T00:50:21.14,BUY,6.978e-05,14.28979708
43394722,2017-12-26T00:50:26.483,BUY,6.978e-05,615.80114046
43394731,2017-12-26T00:50:52.203,BUY,6.978e-05,150.0
43394744,2017-12-26T00:51:14.627,SELL,6.976e-05,500.0
43394755,2017-12-26T00:51:26.817,SELL,6.976e-05,278.52958153
43394756,2017-12-26T00:51:26.817,SELL,6.976e-05,230.0
43394757,2017-12-26T00:51:26.817,SELL,6.976e-05,586.97114528
43394758,2017-12-26T00:51:29.033,SELL,6.976e-05,1929.55968731
43394759,2017-12-26T00:51:29.033,SELL,6.976e-05,257.58759995
43394765,2017-12-26T00:51:33.097,BUY,6.978e-05,20.33949556
43394767,2017-12-26T00:51:41.38,BUY,6.978e-05,132.68592176
43394783,2017-12-26T00:51:49.85,BUY,6.995e-05,30.92137241
43394790,2017-12-26T00:52:05.82,BUY,6.996e-05,14.28979708
43394791,2017-12-26T00:52:08.257,SELL,6.995e-05,120.86837944
43394797,2017-12-26T00:52:18.273,BUY,6.996e-05,1143.34714877
43394805,2017-12-26T00:52:19.897,BUY,6.994e-05,20.29006433
43394815,2017-12-26T00:52:25.93,BUY,6.994e-05,1730.69656427
43394828,2017-12-26T00:52:37.93,BUY,6.993e-05,30.93021593
43394843,2017-12-26T00:52:47.76,SELL,6.978e-05,237.87092305
43394844,2017-12-26T00:52:48.277,SELL,6.978e-05,35.80300792
43394845,2017-12-26T00:52:48.277,SELL,6.978e-05,381.67512038
43394851,2017-12-26T00:52:59.95,SELL,6.963e-05,95.2455838
43394852,2017-12-26T00:52:59.95,SELL,6.96e-05,758.7544162
43394853,2017-12-26T00:53:10.95,SELL,6.96e-05,449.37023806
43394858,2017-12-26T00:53:25.28,BUY,6.993e-05,3645.89979493
43394860,2017-12-26T00:53:26.013,SELL,6.962e-05,21.01353448
43394861,2017-12-26T00:53:26.013,SELL,6.96e-05,3217.0851051
43394862,2017-12-26T00:53:26.013,SELL,6.96e-05,2280.5701264
43394867,2017-12-26T00:53:28.873,SELL,6.955e-05,100.0
43394868,2017-12-26T00:53:28.873,SELL,6.955e-05,492.5857225
43394869,2017-12-26T00:53:28.873,SELL,6.955e-05,200.0
43394870,2017-12-26T00:53:28.873,SELL,6.953e-05,369.45157294
43394871,2017-12-26T00:53:28.873,SELL,6.948e-05,19.75993856
43394874,2017-12-26T00:53:31.793,SELL,6.948e-05,62.54518522
43394875,2017-12-26T00:53:31.793,SELL,6.945e-05,55.0
43394876,2017-12-26T00:53:31.793,SELL,6.945e-05,10.03402525
43394877,2017-12-26T00:53:31.793,SELL,6.945e-05,460.95567416
43394878,2017-12-26T00:53:31.793,SELL,6.94e-05,20.0
43394879,2017-12-26T00:53:31.793,SELL,6.93e-05,480.86734815
43394891,2017-12-26T00:53:45.28,BUY,6.948e-05,144.71217583
43394913,2017-12-26T00:53:58.017,BUY,6.997e-05,14.29183935
43394915,2017-12-26T00:54:01.75,BUY,6.997e-05,158.58640125
43394916,2017-12-26T00:54:01.75,BUY,6.997e-05,78.87745066
43394917,2017-12-26T00:54:01.75,BUY,6.997e-05,477.12811607
43394964,2017-12-26T00:54:54.867,BUY,6.996e-05,159.52444171
43394980,2017-12-26T00:55:05.757,SELL,6.934e-05,1527.8839
43394991,2017-12-26T00:55:26.93,BUY,6.934e-05,2416.55585051
43394993,2017-12-26T00:55:28.057,SELL,6.934e-05,2416.55585051
43394997,2017-12-26T00:55:30.79,SELL,6.94e-05,847.99540876
43394998,2017-12-26T00:55:31.947,SELL,6.932e-05,311.87665897
43394999,2017-12-26T00:55:31.947,SELL,6.931e-05,300.0
43395000,2017-12-26T00:55:31.947,SELL,6.93e-05,236.11875103
43395002,2017-12-26T00:55:35.633,BUY,6.995e-05,21.46390163
43395007,2017-12-26T00:55:43.073,BUY,6.995e-05,500.0
43395011,2017-12-26T00:55:49.857,BUY,6.995e-05,10.0
43395019,2017-12-26T00:55:55.497,BUY,6.995e-05,498.12031507
43395020,2017-12-26T00:55:55.887,SELL,6.995e-05,0.98618958
43395022,2017-12-26T00:55:57.607,BUY,6.994e-05,285.93306143
43395025,2017-12-26T00:55:58.247,BUY,6.994e-05,270.28757684
43395030,2017-12-26T00:56:00.137,BUY,6.996e-05,197.93525375
43395033,2017-12-26T00:56:00.777,BUY,6.996e-05,396.67994625
43395034,2017-12-26T00:56:00.777,BUY,6.997e-05,306.98374209
43395039,2017-12-26T00:56:01.467,BUY,6.995e-05,321.34290644
43395040,2017-12-26T00:56:01.467,BUY,6.997e-05,468.4307414
43395041,2017-12-26T00:56:03.2,SELL,6.94e-05,286.92188836
43395042,2017-12-26T00:56:03.2,SELL,6.94e-05,15.89502347
43395043,2017-12-26T00:56:03.2,SELL,6.932e-05,200.0
43395044,2017-12-26T00:56:03.2,SELL,6.931e-05,287.83905188
43395050,2017-12-26T00:56:05.31,BUY,6.997e-05,275.24077019
43395052,2017-12-26T00:56:06.637,BUY,6.997e-05,476.55316407
43395053,2017-12-26T00:56:06.637,BUY,6.997e-05,794.02013101
43395054,2017-12-26T00:56:06.637,BUY,6.997e-05,83.28231607
43395057,2017-12-26T00:56:08.45,BUY,6.94e-05,17.99163688
43395061,2017-12-26T00:56:09.03,BUY,6.94e-05,2.7684649
43395062,2017-12-26T00:56:09.03,BUY,6.995e-05,569.328
43395063,2017-12-26T00:56:09.03,BUY,6.996e-05,33.72110522
43395064,2017-12-26T00:56:09.03,BUY,6.997e-05,819.18242988
43395065,2017-12-26T00:56:09.467,SELL,6.931e-05,1538.2231
43395069,2017-12-26T00:56:10.14,BUY,6.997e-05,24.68952535
43395071,2017-12-26T00:56:12.247,BUY,6.997e-05,183.77340957
43395073,2017-12-26T00:56:15.84,BUY,6.996e-05,24.90621872
43395075,2017-12-26T00:56:17.733,BUY,6.996e-05,99.72785918
43395077,2017-12-26T00:56:18.607,BUY,6.996e-05,290.90398781
43395080,2017-12-26T00:56:19.483,BUY,6.995e-05,190.95025017
43395082,2017-12-26T00:56:22.31,SELL,6.931e-05,3246.307991
43395084,2017-12-26T00:56:22.45,BUY,6.994e-05,324.68026229
43395086,2017-12-26T00:56:23.64,BUY,6.994e-05,166.28493114
43395090,2017-12-26T00:56:24.263,BUY,6.994e-05,80.43289015
43395092,2017-12-26T00:56:25.577,BUY,6.995e-05,96.88880171
43395093,2017-12-26T00:56:25.577,BUY,6.995e-05,37.98241242
43395095,2017-12-26T00:56:25.61,BUY,6.995e-05,20.87101711
43395098,2017-12-26T00:56:28.28,BUY,6.995e-05,71.47837856
43395100,2017-12-26T00:56:28.937,BUY,6.995e-05,110.74535296
43395103,2017-12-26T00:56:29.64,BUY,6.995e-05,242.76033166
43395114,2017-12-26T00:56:33.547,BUY,6.996e-05,127.47979649
43395117,2017-12-26T00:56:35.123,BUY,6.996e-05,244.40907791
43395122,2017-12-26T00:56:35.733,BUY,6.996e-05,142.30521801
43395128,2017-12-26T00:56:36.907,BUY,6.996e-05,132.54538956
43395132,2017-12-26T00:56:37.75,BUY,6.996e-05,51.72561452
43395133,2017-12-26T00:56:37.75,BUY,6.997e-05,32.7689292
43395137,2017-12-26T00:56:39.5,BUY,6.997e-05,251.42497021
43395140,2017-12-26T00:56:42.843,BUY,6.997e-05,154.63859899
43395146,2017-12-26T00:56:45.233,BUY,6.997e-05,294.18422682
43395148,2017-12-26T00:56:46.14,BUY,6.997e-05,26.56078198
43395150,2017-12-26T00:56:47.61,BUY,6.997e-05,504.9147248
43395153,2017-12-26T00:56:49.89,BUY,6.997e-05,646.88953538
43395155,2017-12-26T00:56:51.267,BUY,6.997e-05,238.42101501
43395157,2017-12-26T00:56:51.97,BUY,6.997e-05,489.07690787
43395159,2017-12-26T00:56:52.593,BUY,6.997e-05,77.1391268
43395161,2017-12-26T00:56:53.237,BUY,6.997e-05,360.17519656
43395165,2017-12-26T00:56:55,BUY,6.997e-05,79.85444365
43395170,2017-12-26T00:56:59.283,SELL,6.936e-05,100.07766371
43395214,2017-12-26T00:57:18.52,BUY,6.997e-05,1458.76712341
43395230,2017-12-26T00:57:35.333,BUY,6.997e-05,146.86636274
43395261,2017-12-26T00:57:48.553,SELL,6.945e-05,77.50856881
43395280,2017-12-26T00:57:57.413,SELL,6.946e-05,148.34431172
43395281,2017-12-26T00:57:57.413,SELL,6.945e-05,8.71617528
43395287,2017-12-26T00:58:02.29,SELL,6.945e-05,50.0
43395300,2017-12-26T00:58:07.49,SELL,6.946e-05,93.07238669
43395301,2017-12-26T00:58:07.49,SELL,6.946e-05,73.9488425
43395308,2017-12-26T00:58:10.54,BUY,6.946e-05,982.97877081
43395332,2017-12-26T00:58:23.43,BUY,6.997e-05,106.12829176
43395337,2017-12-26T00:58:25.307,SELL,6.996e-05,22.0
43395339,2017-12-26T00:58:25.43,SELL,6.996e-05,120.58147513
43395340,2017-12-26T00:58:25.43,SELL,6.947e-05,79.41852487
43395366,2017-12-26T00:58:44.993,BUY,6.996e-05,20.0
43395445,2017-12-26T00:59:13.2,BUY,6.997e-05,11.64370444
43395466,2017-12-26T00:59:22.327,BUY,6.996e-05,20.76928587
43395482,2017-12-26T00:59:31.187,SELL,6.973e-05,81.77414768
43395484,2017-12-26T00:59:31.233,BUY,6.973e-05,81.77465877
43395488,2017-12-26T00:59:31.857,BUY,6.973e-05,81.77414768
43395490,2017-12-26T00:59:32.03,BUY,6.973e-05,81.77465877
43395498,2017-12-26T00:59:45.123,BUY,6.973e-05,647.45361228
43395503,2017-12-26T00:59:46.077,BUY,6.973e-05,1494.93957839
43395505,2017-12-26T00:59:47.873,BUY,6.973e-05,100.0
43395507,2017-12-26T00:59:48.75,BUY,6.973e-05,730.62573781
43395520,2017-12-26T00:59:56.78,BUY,6.973e-05,717.05148429
43395523,2017-12-26T00:59:57.437,BUY,6.973e-05,17.20923562
43395531,2017-12-26T01:00:03.673,SELL,6.963e-05,80.55154397
43395534,2017-12-26T01:00:08.5,SELL,6.973e-05,11.6837803
43395535,2017-12-26T01:00:08.5,SELL,6.963e-05,441.77569838
43395536,2017-12-26T01:00:08.5,SELL,6.962e-05,21.38226985
43395537,2017-12-26T01:00:08.5,SELL,6.961e-05,5208.48188347
43395545,2017-12-26T01:00:12.453,SELL,6.963e-05,144.16766148
43395548,2017-12-26T01:00:14.8,SELL,6.963e-05,10.52119462
43395549,2017-12-26T01:00:14.8,SELL,6.961e-05,4.5e-07
43395550,2017-12-26T01:00:14.8,SELL,6.96e-05,154.45441918
43395551,2017-12-26T01:00:14.8,SELL,6.953e-05,585.9391129
43395553,2017-12-26T01:00:18.407,SELL,6.963e-05,40.0
43395555,2017-12-26T01:00:20.83,BUY,6.963e-05,27.99052133
43395557,2017-12-26T01:00:27.987,BUY,6.963e-05,182.00947867
43395558,2017-12-26T01:00:29.253,SELL,6.963e-05,952.644607
43395571,2017-12-26T01:00:49.973,SELL,6.964e-05,1000.0
43395575,2017-12-26T01:00:56.707,BUY,6.969e-05,566.0753937
43395578,2017-12-26T01:00:58.1,SELL,6.968e-05,8.58926521
43395579,2017-12-26T01:00:58.1,SELL,6.964e-05,845.73488736
43395581,2017-12-26T01:00:58.817,BUY,6.964e-05,499.35428325
43395589,2017-12-26T01:01:09.77,SELL,6.963e-05,158.97039112
43395590,2017-12-26T01:01:09.77,SELL,6.963e-05,100.0
43395591,2017-12-26T01:01:09.77,SELL,6.963e-05,133.73447975
43395597,2017-12-26T01:01:21.24,BUY,6.964e-05,44.26450316
43395599,2017-12-26T01:01:22.523,BUY,6.964e-05,143.59563469
43395603,2017-12-26T01:01:25.913,BUY,6.96e-05,1344.09567694
43395609,2017-12-26T01:01:29.193,BUY,6.96e-05,24.48186901
43395611,2017-12-26T01:01:31.1,BUY,6.96e-05,213.3834
43395613,2017-12-26T01:01:31.227,BUY,6.96e-05,46.80518531
43395614,2017-12-26T01:01:33.087,SELL,6.954e-05,144.20934048
43395616,2017-12-26T01:01:34.447,BUY,6.96e-05,27.17782696
43395619,2017-12-26T01:01:37.523,BUY,6.96e-05,236.90444852
43395622,2017-12-26T01:01:40.46,BUY,6.96e-05,48.85057471
43395625,2017-12-26T01:01:42.557,SELL,6.954e-05,5000.0
43395627,2017-12-26T01:01:42.853,SELL,6.954e-05,140.91489064
43395629,2017-12-26T01:01:42.993,BUY,6.96e-05,537.61564317
43395630,2017-12-26T01:01:43.9,SELL,6.96e-05,500.0
43395634,2017-12-26T01:01:45.9,BUY,6.963e-05,431.44748192
43395635,2017-12-26T01:01:45.9,BUY,6.963e-05,3500.0
43395637,2017-12-26T01:01:46.9,BUY,6.964e-05,8.37665047
43395638,2017-12-26T01:01:50.46,SELL,6.96e-05,1206.17144084
43395639,2017-12-26T01:01:50.46,SELL,6.954e-05,14.80512294
43395640,2017-12-26T01:01:50.46,SELL,6.954e-05,172.70393039
43395644,2017-12-26T01:01:55.587,BUY,6.954e-05,595.14467652
43395649,2017-12-26T01:02:04.59,BUY,6.954e-05,359.50532067
43395651,2017-12-26T01:02:06.603,BUY,6.954e-05,84.667284
43395653,2017-12-26T01:02:07.743,BUY,6.954e-05,70.44237813
43395661,2017-12-26T01:02:12.73,SELL,6.953e-05,2000.0
43395663,2017-12-26T01:02:13.853,BUY,6.954e-05,21.77815444
43395665,2017-12-26T01:02:16.103,BUY,6.954e-05,73.23451509
43395668,2017-12-26T01:02:16.807,BUY,6.954e-05,108.63314362
43395676,2017-12-26T01:02:23.01,BUY,6.954e-05,43.98826945
43395682,2017-12-26T01:02:25.06,BUY,6.954e-05,16.30140926
43395687,2017-12-26T01:02:32.183,BUY,6.954e-05,25.0
43395697,2017-12-26T01:02:49.293,BUY,6.954e-05,80.0
43395699,2017-12-26T01:02:51.653,BUY,6.954e-05,15.8182341
43395703,2017-12-26T01:02:58,BUY,6.954e-05,171.05685265
43395705,2017-12-26T01:02:58.593,BUY,6.954e-05,11.45310436
43395707,2017-12-26T01:02:58.717,BUY,6.954e-05,1281.02481557
43395709,2017-12-26T01:03:00.06,SELL,6.953e-05,268.32464695
43395710,2017-12-26T01:03:00.06,SELL,6.953e-05,602.66516622
43395711,2017-12-26T01:03:00.06,SELL,6.953e-05,100.0
43395728,2017-12-26T01:03:13.5,BUY,6.953e-05,17.25873723
43395731,2017-12-26T01:03:14.75,BUY,6.953e-05,11.7514496
43395739,2017-12-26T01:03:21.673,SELL,6.953e-05,20.0924128
43395742,2017-12-26T01:03:22.203,SELL,6.953e-05,81.38510351
43395743,2017-12-26T01:03:22.203,SELL,6.953e-05,61.17870862
43395745,2017-12-26T01:03:23.987,BUY,6.953e-05,18.58944492
43395751,2017-12-26T01:03:29.847,BUY,6.952e-05,209.1124772
43395752,2017-12-26T01:03:29.847,BUY,6.953e-05,416.09222282
43395766,2017-12-26T01:03:39.503,BUY,6.953e-05,1069.60776147
43395775,2017-12-26T01:03:45.097,SELL,6.953e-05,1372.64345672
43395788,2017-12-26T01:03:52.88,BUY,6.954e-05,648.27134797
43395789,2017-12-26T01:03:52.88,BUY,6.954e-05,90.0
43395790,2017-12-26T01:03:52.88,BUY,6.964e-05,1330.83531394
43395805,2017-12-26T01:04:02.77,BUY,6.964e-05,84.7169012
43395808,2017-12-26T01:04:09.63,BUY,6.964e-05,186.32923788
43395815,2017-12-26T01:04:34.96,BUY,6.964e-05,98.47338333
43395821,2017-12-26T01:04:38.507,BUY,6.964e-05,154.33767786
43395822,2017-12-26T01:04:38.507,BUY,6.964e-05,9.43015849
43395823,2017-12-26T01:04:38.507,BUY,6.964e-05,101.55453029
43395825,2017-12-26T01:04:43.693,SELL,6.955e-05,10.0
43395828,2017-12-26T01:04:47.96,BUY,6.964e-05,200.0
43395837,2017-12-26T01:04:54.773,BUY,6.964e-05,739.14558324
43395838,2017-12-26T01:04:54.773,BUY,6.964e-05,1240.85829604
43395842,2017-12-26T01:04:59.32,SELL,6.964e-05,611.46635162
43395855,2017-12-26T01:05:09.167,BUY,6.997e-05,298.24309392
43395861,2017-12-26T01:05:14.87,SELL,6.965e-05,1532.8534
43395862,2017-12-26T01:05:14.87,SELL,6.964e-05,262.28782084
43395863,2017-12-26T01:05:14.87,SELL,6.964e-05,741.45117497
43395870,2017-12-26T01:05:18.353,BUY,6.964e-05,100.0
43395887,2017-12-26T01:05:27.603,BUY,6.964e-05,126.73757879
43395890,2017-12-26T01:05:28.777,BUY,6.964e-05,2236.67
43395897,2017-12-26T01:05:29.323,BUY,6.964e-05,2.54e-05
43395939,2017-12-26T01:05:50.043,SELL,6.965e-05,1418.2207
43395940,2017-12-26T01:05:50.043,SELL,6.964e-05,537.25894912
43395949,2017-12-26T01:05:51.013,BUY,6.964e-05,3044.52035088
43395986,2017-12-26T01:05:59.187,BUY,6.997e-05,100.0
43395996,2017-12-26T01:06:02.123,BUY,6.997e-05,76.66824333
43395997,2017-12-26T01:06:02.123,BUY,6.997e-05,170.27921172
43396005,2017-12-26T01:06:08.36,BUY,6.997e-05,144.44
43396027,2017-12-26T01:06:25.36,BUY,6.997e-05,107.09128279
43396035,2017-12-26T01:06:29.39,BUY,6.997e-05,7.8804212
43396045,2017-12-26T01:06:36.47,SELL,6.976e-05,1318.7436
43396046,2017-12-26T01:06:36.47,SELL,6.975e-05,98.0
43396047,2017-12-26T01:06:36.47,SELL,6.975e-05,356.40274403
43396048,2017-12-26T01:06:36.47,SELL,6.97e-05,989.19785178
43396067,2017-12-26T01:06:48.313,SELL,6.976e-05,356.40274403
43396068,2017-12-26T01:06:48.313,SELL,6.971e-05,76.77583171
43396080,2017-12-26T01:06:51.173,SELL,6.977e-05,1244.68281545
43396098,2017-12-26T01:06:56.94,BUY,6.971e-05,453.8456124
43396099,2017-12-26T01:06:56.94,BUY,7e-05,11.44522294
43396100,2017-12-26T01:06:56.94,BUY,7e-05,1000.0
43396101,2017-12-26T01:06:56.94,BUY,7e-05,170.56525438
43396102,2017-12-26T01:06:56.94,BUY,7e-05,155.55392608
43396103,2017-12-26T01:06:56.94,BUY,7e-05,381.67512038
43396104,2017-12-26T01:06:56.94,BUY,7e-05,1468.72557737
43396176,2017-12-26T01:07:32.897,BUY,7.001e-05,8.41545072
43396177,2017-12-26T01:07:32.897,BUY,7.002e-05,19.75887473
43396178,2017-12-26T01:07:32.897,BUY,7.013e-05,2823.76440005
43396181,2017-12-26T01:07:33.32,SELL,7e-05,3958.05707254
43396189,2017-12-26T01:07:38.74,SELL,7e-05,950.29053141
43396190,2017-12-26T01:07:38.74,SELL,7e-05,444.80912005
43396191,2017-12-26T01:07:38.74,SELL,6.97e-05,5.1496475
43396192,2017-12-26T01:07:38.74,SELL,6.97e-05,55.90033356
43396210,2017-12-26T01:07:57.103,SELL,6.971e-05,943.76420732
43396247,2017-12-26T01:08:16.7,BUY,7.004e-05,12.38002936
43396250,2017-12-26T01:08:17.853,BUY,7.004e-05,15.705311
43396253,2017-12-26T01:08:19.027,SELL,6.972e-05,446.11554618
43396256,2017-12-26T01:08:19.353,BUY,7.004e-05,2000.0
43396259,2017-12-26T01:08:20.7,BUY,7.004e-05,485.15622533
43396272,2017-12-26T01:08:26.933,BUY,7e-05,4554.014521
43396278,2017-12-26T01:08:27.917,BUY,7e-05,126.50974622
43396284,2017-12-26T01:08:29.683,BUY,7e-05,319.47573278
43396285,2017-12-26T01:08:29.683,BUY,7e-05,200.0
43396286,2017-12-26T01:08:29.683,BUY,7.004e-05,1884.30374622
43396295,2017-12-26T01:08:37.28,BUY,7.004e-05,55.85778557
43396330,2017-12-26T01:09:01.623,BUY,7.004e-05,60.0
43396333,2017-12-26T01:09:02.327,BUY,7.004e-05,97.44602507
43396340,2017-12-26T01:09:08.5,SELL,7.004e-05,60.99158158
43396349,2017-12-26T01:09:19.953,BUY,7.004e-05,203.91425775
43396359,2017-12-26T01:09:25.08,BUY,7.004e-05,47.7055633
43396360,2017-12-26T01:09:25.08,BUY,7.004e-05,50.0
43396361,2017-12-26T01:09:25.08,BUY,7.013e-05,3229.90408521
43396366,2017-12-26T01:09:29.283,SELL,7.004e-05,57.43337259
43396367,2017-12-26T01:09:29.283,SELL,7e-05,71.42857143
43396377,2017-12-26T01:09:35.97,SELL,7.004e-05,30.07453955
43396387,2017-12-26T01:09:38.91,SELL,6.977e-05,37.66415979
43396388,2017-12-26T01:09:38.91,SELL,6.977e-05,27.33584021
43396399,2017-12-26T01:09:43.207,BUY,7e-05,100.0
43396401,2017-12-26T01:09:44.33,BUY,7e-05,250.47091876
43396410,2017-12-26T01:09:56.003,BUY,7e-05,500.0
43396414,2017-12-26T01:10:00.88,BUY,7e-05,1281.76756139
43396421,2017-12-26T01:10:07.55,BUY,7e-05,241.77940862
43396424,2017-12-26T01:10:20.397,BUY,7e-05,150.44531528
43396426,2017-12-26T01:10:35.083,SELL,6.979e-05,50.0
43396430,2017-12-26T01:10:42.43,BUY,7e-05,28.57142857
43396438,2017-12-26T01:10:49.367,BUY,7e-05,8.5501425
43396448,2017-12-26T01:10:57.117,BUY,7e-05,577.02087638
43396450,2017-12-26T01:11:01.68,BUY,7e-05,72.027765
43396452,2017-12-26T01:11:04.51,BUY,6.999e-05,9.15
43396453,2017-12-26T01:11:04.51,BUY,7e-05,9.15822942
43396455,2017-12-26T01:11:04.713,BUY,7e-05,17.14285714
43396464,2017-12-26T01:11:14.493,SELL,6.999e-05,20.450662
43396467,2017-12-26T01:11:16.853,SELL,6.999e-05,604.04994362
43396481,2017-12-26T01:11:25.51,BUY,6.999e-05,3653.53872236
43396482,2017-12-26T01:11:25.51,BUY,7e-05,1732.99095739
43396483,2017-12-26T01:11:25.51,BUY,7e-05,717.73832025
43396485,2017-12-26T01:11:26.213,BUY,7e-05,227.95981121
43396486,2017-12-26T01:11:26.213,BUY,7.013e-05,772.04018879
43396516,2017-12-26T01:11:42.62,BUY,7.013e-05,45.0
43396521,2017-12-26T01:11:43.67,BUY,7.013e-05,75.57393412
43396546,2017-12-26T01:11:59.89,BUY,7.013e-05,99.799805
43396549,2017-12-26T01:12:05.81,BUY,7.013e-05,15.71903093
43396553,2017-12-26T01:12:07.437,SELL,7.012e-05,1741.95781045
43396555,2017-12-26T01:12:07.47,BUY,7.012e-05,179.66633395
43396569,2017-12-26T01:12:16.81,SELL,7.006e-05,21.388849
43396570,2017-12-26T01:12:16.81,SELL,6.999e-05,8.5512216
43396571,2017-12-26T01:12:16.81,SELL,6.999e-05,90.0
43396572,2017-12-26T01:12:16.81,SELL,6.999e-05,330.0
43396573,2017-12-26T01:12:16.81,SELL,6.999e-05,156.20777602
43396574,2017-12-26T01:12:19.22,SELL,6.999e-05,115.4539878
43396575,2017-12-26T01:12:19.22,SELL,6.982e-05,50.0
43396576,2017-12-26T01:12:19.233,SELL,6.98e-05,245.0
43396577,2017-12-26T01:12:19.233,SELL,6.971e-05,89.54515
43396585,2017-12-26T01:12:21.36,BUY,7.012e-05,28.5225328
43396596,2017-12-26T01:12:24.267,SELL,6.972e-05,10.0
43396598,2017-12-26T01:12:24.64,BUY,7.006e-05,16.55952041
43396607,2017-12-26T01:12:33.25,BUY,7e-05,140.92872301
43396632,2017-12-26T01:12:50.597,BUY,6.999e-05,8.38594603
43396641,2017-12-26T01:12:55.347,BUY,7e-05,3565.76072811
43396653,2017-12-26T01:13:04.067,BUY,6.999e-05,23.21682035
43396654,2017-12-26T01:13:04.067,BUY,7e-05,1293.31054888
43396655,2017-12-26T01:13:04.067,BUY,7.006e-05,1383.44677959
43396656,2017-12-26T01:13:04.067,BUY,7.012e-05,1697.57784506
43396657,2017-12-26T01:13:04.067,BUY,7.013e-05,381.64462712
43396672,2017-12-26T01:13:12.003,BUY,7.013e-05,16.54299159
43396677,2017-12-26T01:13:16.16,BUY,7.013e-05,202.23788169
43396679,2017-12-26T01:13:16.473,BUY,7.013e-05,42.77769855
43396694,2017-12-26T01:13:33.85,BUY,7e-05,1637.61265594
43396695,2017-12-26T01:13:37.35,SELL,6.98e-05,37.50057188
43396696,2017-12-26T01:13:37.477,SELL,6.98e-05,167.36401674
43396697,2017-12-26T01:13:40.163,SELL,6.98e-05,41.66666667
43396699,2017-12-26T01:13:40.773,BUY,7e-05,451.999455
43396701,2017-12-26T01:13:42.897,SELL,6.98e-05,251.25628141
43396703,2017-12-26T01:13:43.04,BUY,7e-05,38.329365
43396704,2017-12-26T01:13:43.93,SELL,6.98e-05,69.7934115
43396706,2017-12-26T01:13:45.163,BUY,7e-05,152.26128571
43396709,2017-12-26T01:13:45.867,SELL,6.98e-05,69.73500697
43396710,2017-12-26T01:13:46.35,SELL,6.98e-05,111.11111111
43396712,2017-12-26T01:13:55.993,BUY,7e-05,14.28571428
43396714,2017-12-26T01:13:59.087,BUY,7e-05,68.58710562
43396721,2017-12-26T01:14:20.433,BUY,7e-05,878.37526623
43396723,2017-12-26T01:14:20.637,BUY,7e-05,878.375266
43396725,2017-12-26T01:14:22.243,BUY,7e-05,878.37526623
43396728,2017-12-26T01:14:26.34,BUY,7e-05,1.79861999
43396729,2017-12-26T01:14:26.34,BUY,7e-05,210.36548001
43396731,2017-12-26T01:14:26.433,BUY,7e-05,502.44000805
43396732,2017-12-26T01:14:26.433,BUY,7.013e-05,497.55999195
43396740,2017-12-26T01:14:39.2,BUY,7.013e-05,57.88061674
43396748,2017-12-26T01:14:45.763,SELL,7.012e-05,198.3642064
43396769,2017-12-26T01:14:53.48,BUY,7e-05,4801.6357936
43396770,2017-12-26T01:14:53.48,BUY,7.011e-05,1535.22099564
43396771,2017-12-26T01:14:53.48,BUY,7.012e-05,111.75913792
43396772,2017-12-26T01:14:53.48,BUY,7.013e-05,10042.34309608
43396781,2017-12-26T01:15:01.97,SELL,7e-05,197.58195
43396782,2017-12-26T01:15:01.97,SELL,6.982e-05,488.76781558
43396787,2017-12-26T01:15:09.047,BUY,7.013e-05,71.29616426
43396807,2017-12-26T01:15:25.457,BUY,7.013e-05,711.17923856
43396811,2017-12-26T01:15:26.393,SELL,6.981e-05,5731.030117
43396814,2017-12-26T01:15:27.05,BUY,7.013e-05,47.43707998
43396868,2017-12-26T01:15:46.13,BUY,7.01e-05,60.65913214
43396917,2017-12-26T01:15:57.503,BUY,7.01e-05,110.39772051
43396918,2017-12-26T01:15:57.503,BUY,7.01e-05,73.66355909
43396938,2017-12-26T01:16:05.46,SELL,7e-05,33.0144254
