9609027,2017-12-25T23:56:30.627,SELL,6.723e-05,57.08041658
9609030,2017-12-25T23:56:32.627,BUY,6.723e-05,6.34435482
9609031,2017-12-25T23:56:32.627,BUY,6.723e-05,12.2457701
9609038,2017-12-25T23:56:37.143,BUY,6.723e-05,18.318
9609039,2017-12-25T23:56:37.16,SELL,6.72e-05,113.81439732
9609044,2017-12-25T23:56:39.893,BUY,6.719e-05,34.32166635
9609045,2017-12-25T23:56:39.893,BUY,6.723e-05,405.69831938
9609046,2017-12-25T23:56:40.097,SELL,6.718e-05,85.99011433
9609047,2017-12-25T23:56:40.097,SELL,6.718e-05,500.66215823
9609048,2017-12-25T23:56:40.097,SELL,6.718e-05,2257.14870233
9609049,2017-12-25T23:56:40.11,SELL,6.702e-05,29.1211029
9609050,2017-12-25T23:56:40.11,SELL,6.7e-05,1920.04869521
9609051,2017-12-25T23:56:40.69,SELL,6.7e-05,3558.75727494
9609052,2017-12-25T23:56:40.69,SELL,6.7e-05,203.79503203
9609053,2017-12-25T23:56:40.69,SELL,6.7e-05,500.0
9609054,2017-12-25T23:56:40.69,SELL,6.7e-05,534.69051252
9609055,2017-12-25T23:56:40.69,SELL,6.682e-05,60.90716998
9609056,2017-12-25T23:56:40.69,SELL,6.681e-05,17.46091289
9609057,2017-12-25T23:56:40.69,SELL,6.68e-05,19.0923827
9609058,2017-12-25T23:56:40.69,SELL,6.68e-05,19.0923827
9609059,2017-12-25T23:56:40.69,SELL,6.68e-05,19.63164497
9609060,2017-12-25T23:56:40.69,SELL,6.672e-05,14.15839896
9609061,2017-12-25T23:56:40.69,SELL,6.654e-05,15.0
9609062,2017-12-25T23:56:40.69,SELL,6.636e-05,124.76116124
9609063,2017-12-25T23:56:40.69,SELL,6.629e-05,28.06392291
9609064,2017-12-25T23:56:40.69,SELL,6.626e-05,16.5
9609065,2017-12-25T23:56:40.69,SELL,6.61e-05,723.537591
9609066,2017-12-25T23:56:40.69,SELL,6.61e-05,348.934804
9609067,2017-12-25T23:56:40.69,SELL,6.609e-05,38.82188914
9609068,2017-12-25T23:56:40.69,SELL,6.601e-05,1430.0
9609069,2017-12-25T23:56:40.69,SELL,6.6e-05,2000.0
9609070,2017-12-25T23:56:40.69,SELL,6.6e-05,5000.0
9609071,2017-12-25T23:56:40.69,SELL,6.593e-05,17.69397224
9609072,2017-12-25T23:56:40.69,SELL,6.592e-05,37.84784152
9609073,2017-12-25T23:56:40.69,SELL,6.591e-05,75.86102261
9609074,2017-12-25T23:56:40.69,SELL,6.588e-05,34.74660071
9609075,2017-12-25T23:56:40.69,SELL,6.572e-05,30.356056
9609076,2017-12-25T23:56:40.69,SELL,6.56e-05,32.52819834
9609080,2017-12-25T23:56:42.44,BUY,6.6e-05,218.87373167
9609081,2017-12-25T23:56:42.44,BUY,6.65e-05,216.56584667
9609083,2017-12-25T23:56:43.58,BUY,6.65e-05,78.51347812
9609093,2017-12-25T23:56:46.753,BUY,6.65e-05,150.0
9609096,2017-12-25T23:56:48.99,BUY,6.65e-05,113.07420492
9609104,2017-12-25T23:56:54.3,SELL,6.572e-05,530.88810826
9609105,2017-12-25T23:56:54.3,SELL,6.572e-05,210.6045876
9609111,2017-12-25T23:56:55.253,BUY,6.65e-05,29.74862412
9609122,2017-12-25T23:57:03.57,BUY,6.65e-05,526.82219263
9609124,2017-12-25T23:57:04.287,BUY,6.65e-05,757.72845647
9609126,2017-12-25T23:57:06.18,SELL,6.65e-05,341.08934864
9609135,2017-12-25T23:57:09.413,BUY,6.65e-05,328.03455127
9609136,2017-12-25T23:57:09.413,BUY,6.65e-05,78.93764304
9609141,2017-12-25T23:57:11.007,SELL,6.65e-05,1797.02930569
9609142,2017-12-25T23:57:11.007,SELL,6.65e-05,864.59454448
9609145,2017-12-25T23:57:14.303,BUY,6.719e-05,210.9111361
9609151,2017-12-25T23:57:17.007,BUY,6.72e-05,17.85714285
9609153,2017-12-25T23:57:17.273,BUY,6.72e-05,203.6906561
9609154,2017-12-25T23:57:17.273,BUY,6.72e-05,215.4318062
9609160,2017-12-25T23:57:18.303,BUY,6.72e-05,65.34239412
9609163,2017-12-25T23:57:20.26,BUY,6.72e-05,13.40741242
9609168,2017-12-25T23:57:22.15,SELL,6.719e-05,674.96064532
9609173,2017-12-25T23:57:27.01,BUY,6.72e-05,53.1702778
9609175,2017-12-25T23:57:29.65,SELL,6.719e-05,6569.67697271
9609177,2017-12-25T23:57:29.777,BUY,6.72e-05,170.77959862
9609179,2017-12-25T23:57:30.493,SELL,6.719e-05,190.31949662
9609181,2017-12-25T23:57:31.37,BUY,6.72e-05,28.4658308
9609183,2017-12-25T23:57:31.713,BUY,6.72e-05,103.4435824
9609185,2017-12-25T23:57:31.743,BUY,6.72e-05,418.94760827
9609187,2017-12-25T23:57:31.76,BUY,6.72e-05,317.06254379
9609189,2017-12-25T23:57:32.073,SELL,6.719e-05,948.89668189
9609199,2017-12-25T23:57:38.48,BUY,6.792e-05,138.75917278
9609201,2017-12-25T23:57:39.853,BUY,6.792e-05,248.41506016
9609203,2017-12-25T23:57:40.98,BUY,6.792e-05,736.16018845
9609209,2017-12-25T23:57:46.637,BUY,6.79e-05,141.19530384
9609217,2017-12-25T23:57:54.327,BUY,6.789e-05,14.13204397
9609219,2017-12-25T23:57:54.827,BUY,6.789e-05,77.81973427
9609229,2017-12-25T23:58:12.267,BUY,6.789e-05,165.47027477
9609230,2017-12-25T23:58:12.28,BUY,6.79e-05,228.26110715
9609236,2017-12-25T23:58:19.343,BUY,6.79e-05,367.02073975
9609238,2017-12-25T23:58:22.127,BUY,6.79e-05,395.67781576
9609241,2017-12-25T23:58:27.97,BUY,6.789e-05,29.455081
9609243,2017-12-25T23:58:30.27,BUY,6.789e-05,23.56753571
9609245,2017-12-25T23:58:32.02,BUY,6.789e-05,103.0927835
9609250,2017-12-25T23:58:35.597,BUY,6.789e-05,17.6730486
9609252,2017-12-25T23:58:38.16,BUY,6.789e-05,110.47282368
9609254,2017-12-25T23:58:42.27,BUY,6.789e-05,32.58367764
9609260,2017-12-25T23:58:45.397,BUY,6.789e-05,51.54639175
9609263,2017-12-25T23:58:48.77,BUY,6.789e-05,17.67565178
9609265,2017-12-25T23:58:48.973,BUY,6.789e-05,451.84623128
9609278,2017-12-25T23:58:59.257,SELL,6.789e-05,48.15376872
9609279,2017-12-25T23:58:59.257,SELL,6.789e-05,8.52236764
9609286,2017-12-25T23:59:03.227,BUY,6.79e-05,22.09131075
9609294,2017-12-25T23:59:07.35,BUY,6.79e-05,447.76306656
9609296,2017-12-25T23:59:07.93,BUY,6.79e-05,147.275405
9609299,2017-12-25T23:59:09.337,BUY,6.79e-05,2591.77490735
9609307,2017-12-25T23:59:11.32,BUY,6.79e-05,2500.0
9609310,2017-12-25T23:59:11.9,SELL,6.789e-05,21.47763236
9609314,2017-12-25T23:59:13.913,BUY,6.789e-05,57.46001068
9609315,2017-12-25T23:59:13.913,BUY,6.79e-05,3846.38566458
9609323,2017-12-25T23:59:17.057,BUY,6.79e-05,83.28926493
9609340,2017-12-25T23:59:36.637,BUY,6.79e-05,39.74160932
9609350,2017-12-25T23:59:47.873,BUY,6.789e-05,530.88810826
9609351,2017-12-25T23:59:47.873,BUY,6.79e-05,77.70382476
9609352,2017-12-25T23:59:47.873,BUY,6.79e-05,320.0
9609353,2017-12-25T23:59:47.873,BUY,6.79e-05,94.32570492
9609354,2017-12-25T23:59:47.873,BUY,6.79e-05,709.77661681
9609355,2017-12-25T23:59:47.873,BUY,6.79e-05,295.89024864
9609357,2017-12-25T23:59:48.187,BUY,6.79e-05,20.80703983
9609361,2017-12-25T23:59:51.403,BUY,6.79e-05,183.30271153
9609362,2017-12-25T23:59:51.42,BUY,6.79e-05,50.0
9609376,2017-12-26T00:00:00.453,SELL,6.79e-05,657.27558864
9609377,2017-12-26T00:00:00.453,SELL,6.79e-05,407.72075701
9609378,2017-12-26T00:00:00.453,SELL,6.732e-05,515.83464355
9609382,2017-12-26T00:00:03.17,SELL,6.79e-05,50.0
9609387,2017-12-26T00:00:08.703,BUY,6.793e-05,2541.1978929
9609388,2017-12-26T00:00:08.703,BUY,6.793e-05,1223.55435205
9609390,2017-12-26T00:00:09.923,BUY,6.793e-05,238.48078904
9609393,2017-12-26T00:00:10.5,BUY,6.793e-05,88.10595328
9609398,2017-12-26T00:00:14.25,BUY,6.793e-05,332.98482445
9609403,2017-12-26T00:00:17,BUY,6.793e-05,0.83447953
9609404,2017-12-26T00:00:17,BUY,6.794e-05,3646.73429577
9609405,2017-12-26T00:00:17,BUY,6.794e-05,8537.01123999
9609424,2017-12-26T00:00:33.05,BUY,6.794e-05,656.8886879
9609426,2017-12-26T00:00:35.083,BUY,6.794e-05,224.94168237
9609427,2017-12-26T00:00:35.363,SELL,6.791e-05,318.0
9609428,2017-12-26T00:00:35.363,SELL,6.79e-05,1084.80179825
9609431,2017-12-26T00:00:36.287,BUY,6.794e-05,735.94347954
9609435,2017-12-26T00:00:39.253,BUY,6.794e-05,5176.06609632
9609439,2017-12-26T00:00:41.553,SELL,6.794e-05,235.7375251
9609440,2017-12-26T00:00:41.927,SELL,6.794e-05,76.73045599
9609441,2017-12-26T00:00:42.397,SELL,6.794e-05,126.52031635
9609460,2017-12-26T00:00:47.723,SELL,6.795e-05,15.0
9609463,2017-12-26T00:00:49.18,BUY,6.865e-05,19.01753992
9609465,2017-12-26T00:00:50.57,BUY,6.865e-05,106.95155237
9609470,2017-12-26T00:00:57.913,BUY,6.865e-05,597.56849871
9609471,2017-12-26T00:00:57.913,BUY,6.865e-05,130.76362073
9609475,2017-12-26T00:01:00.04,SELL,6.795e-05,247.16633728
9609476,2017-12-26T00:01:00.04,SELL,6.794e-05,1913.64270364
9609477,2017-12-26T00:01:00.04,SELL,6.794e-05,179.5036988
9609481,2017-12-26T00:01:01.727,BUY,6.794e-05,145.66642388
9609483,2017-12-26T00:01:02.977,BUY,6.794e-05,29.69117426
9609487,2017-12-26T00:01:06.133,BUY,6.794e-05,1233.57297002
9609490,2017-12-26T00:01:08.46,BUY,6.865e-05,1337.44362095
9609491,2017-12-26T00:01:08.46,BUY,6.866e-05,348.934804
9609492,2017-12-26T00:01:08.46,BUY,6.867e-05,19.0923827
9609493,2017-12-26T00:01:08.46,BUY,6.867e-05,19.0923827
9609494,2017-12-26T00:01:08.46,BUY,6.935e-05,19.63164497
9609495,2017-12-26T00:01:08.46,BUY,6.978e-05,17.69397224
9609496,2017-12-26T00:01:08.46,BUY,6.992e-05,399.54456552
9609502,2017-12-26T00:01:10.68,SELL,6.796e-05,65.67259321
9609566,2017-12-26T00:01:31.137,BUY,6.866e-05,30.9389508
9609578,2017-12-26T00:01:40.183,BUY,6.866e-05,61.17098747
9609581,2017-12-26T00:01:42.793,BUY,6.866e-05,55.709796
9609582,2017-12-26T00:01:42.793,BUY,6.866e-05,1882.57060475
9609583,2017-12-26T00:01:42.793,BUY,6.985e-05,65.50850196
9609588,2017-12-26T00:01:45.297,SELL,6.989e-05,100.0
9609592,2017-12-26T00:01:48.687,SELL,6.989e-05,147.275405
9609595,2017-12-26T00:01:49.187,BUY,6.992e-05,78.66132723
9609597,2017-12-26T00:01:51.453,BUY,6.992e-05,584.60148725
9609598,2017-12-26T00:01:51.453,BUY,6.993e-05,166.8114861
9609599,2017-12-26T00:01:52.657,SELL,6.989e-05,110.80826134
9609601,2017-12-26T00:01:54.047,SELL,6.989e-05,18.317
9609603,2017-12-26T00:01:55.047,BUY,6.991e-05,566.28753598
9609604,2017-12-26T00:01:55.047,BUY,6.993e-05,569.37588304
9609612,2017-12-26T00:01:58.123,SELL,6.993e-05,145.66642388
9609614,2017-12-26T00:01:59.127,BUY,7e-05,20.0
9609615,2017-12-26T00:01:59.127,BUY,7.024e-05,89.34070541
9609616,2017-12-26T00:01:59.437,SELL,7.024e-05,395.67579661
9609617,2017-12-26T00:01:59.437,SELL,6.993e-05,26.14647559
9609625,2017-12-26T00:02:01.437,BUY,7.056e-05,112.96172111
9609626,2017-12-26T00:02:01.437,BUY,7.068e-05,55.83937946
9609627,2017-12-26T00:02:01.437,BUY,7.075e-05,519.14855865
9609628,2017-12-26T00:02:01.437,BUY,7.083e-05,17.46091289
9609629,2017-12-26T00:02:01.437,BUY,7.103e-05,97.13965123
9609632,2017-12-26T00:02:02.657,BUY,7.116e-05,37.84784152
9609643,2017-12-26T00:02:07.72,BUY,7.15e-05,168.2945186
9609644,2017-12-26T00:02:08.767,SELL,7.15e-05,259.73005943
9609645,2017-12-26T00:02:08.767,SELL,7.116e-05,1715.47238508
9609652,2017-12-26T00:02:11.907,SELL,7.15e-05,259.73005943
9609659,2017-12-26T00:02:15.11,SELL,7.15e-05,110.1900111
9609663,2017-12-26T00:02:16.86,BUY,7.153e-05,123.22498226
9609664,2017-12-26T00:02:16.86,BUY,7.181e-05,151.4852563
9609665,2017-12-26T00:02:16.86,BUY,7.181e-05,418.21387069
9609668,2017-12-26T00:02:18.16,SELL,7.153e-05,178.24377456
9609672,2017-12-26T00:02:21.737,BUY,7.181e-05,296.59396974
9609686,2017-12-26T00:02:27.207,BUY,7.18e-05,90.05574074
9609690,2017-12-26T00:02:28.473,SELL,7.153e-05,378.8239453
9609700,2017-12-26T00:02:37.193,SELL,7.01e-05,28.53067047
9609704,2017-12-26T00:02:39.63,SELL,6.994e-05,17.6730486
9609708,2017-12-26T00:02:40.553,BUY,7.114e-05,2122.14148513
9609713,2017-12-26T00:02:42.037,BUY,7.114e-05,1404.33241049
9609714,2017-12-26T00:02:42.037,BUY,7.115e-05,95.66758951
9609718,2017-12-26T00:02:43.367,BUY,7.108e-05,126.19255672
9609719,2017-12-26T00:02:43.74,SELL,7.114e-05,74.02194879
9609726,2017-12-26T00:02:47.583,BUY,7.107e-05,17.6730486
9609727,2017-12-26T00:02:47.583,BUY,7.115e-05,1.1564677
9609730,2017-12-26T00:02:49.74,SELL,6.994e-05,59.67924352
9609731,2017-12-26T00:02:50.85,SELL,6.994e-05,17.85714285
9609732,2017-12-26T00:02:51.053,SELL,6.994e-05,61.17098747
9609733,2017-12-26T00:02:51.897,SELL,6.994e-05,226.14840984
9609734,2017-12-26T00:02:52.133,SELL,6.994e-05,450.70422528
9609739,2017-12-26T00:02:53.693,SELL,6.994e-05,38.30288744
9609740,2017-12-26T00:02:54.85,SELL,6.994e-05,22.09131075
9609741,2017-12-26T00:02:55.007,SELL,6.994e-05,36.45087489
9609743,2017-12-26T00:02:55.633,SELL,6.995e-05,56.75368898
9609745,2017-12-26T00:02:55.93,BUY,7.114e-05,140.54813773
9609747,2017-12-26T00:02:58.79,SELL,6.996e-05,21.44082333
9609748,2017-12-26T00:02:58.79,SELL,6.995e-05,30.10556842
9609749,2017-12-26T00:03:00.727,SELL,6.995e-05,89.32436783
9609750,2017-12-26T00:03:01.023,SELL,6.995e-05,14.73187978
9609751,2017-12-26T00:03:01.663,SELL,6.995e-05,103.0927835
9609752,2017-12-26T00:03:02.46,SELL,6.995e-05,238.48078904
9609754,2017-12-26T00:03:02.71,BUY,7.114e-05,878.23470686
9609755,2017-12-26T00:03:02.71,BUY,7.114e-05,815.56000896
9609756,2017-12-26T00:03:02.71,BUY,7.115e-05,1656.49616939
9609757,2017-12-26T00:03:02.71,BUY,7.115e-05,28.53067047
9609758,2017-12-26T00:03:02.71,BUY,7.116e-05,79.59212974
9609761,2017-12-26T00:03:03.587,SELL,6.995e-05,23.56753571
9609763,2017-12-26T00:03:03.977,SELL,6.995e-05,29.455081
9609765,2017-12-26T00:03:06.557,SELL,6.995e-05,18.59012492
9609773,2017-12-26T00:03:12.917,SELL,6.995e-05,29.74862412
9609779,2017-12-26T00:03:16.417,BUY,7.116e-05,36.60795273
9609780,2017-12-26T00:03:16.417,BUY,7.116e-05,200.0
9609782,2017-12-26T00:03:16.95,SELL,7.116e-05,17.67565178
9609785,2017-12-26T00:03:17.84,SELL,7.116e-05,100.0
9609791,2017-12-26T00:03:20.9,SELL,7.116e-05,21.44082333
9609806,2017-12-26T00:03:36.123,SELL,7.116e-05,157.02695624
9609807,2017-12-26T00:03:43.467,SELL,7.116e-05,724.74321633
9609814,2017-12-26T00:03:50.64,SELL,7.116e-05,79.48321864
9609816,2017-12-26T00:03:52.25,BUY,7.179e-05,106.83040345
9609820,2017-12-26T00:03:55.58,BUY,7.179e-05,317.64968229
9609821,2017-12-26T00:03:55.58,BUY,7.18e-05,149.78519512
9609827,2017-12-26T00:04:01.487,BUY,7.181e-05,792.91785853
9609829,2017-12-26T00:04:02.36,SELL,7.18e-05,233.48433812
9609844,2017-12-26T00:04:13.72,SELL,7.117e-05,35.75003575
9609845,2017-12-26T00:04:14.317,SELL,7.117e-05,18.5787662
9609846,2017-12-26T00:04:14.317,SELL,7.116e-05,2.22445303
9609851,2017-12-26T00:04:16.66,SELL,7.116e-05,81.64376104
9609852,2017-12-26T00:04:16.66,SELL,7.116e-05,0.77512148
9609855,2017-12-26T00:04:18.22,BUY,7.18e-05,696.37883008
9609870,2017-12-26T00:04:24.707,BUY,7.117e-05,27.60424233
9609871,2017-12-26T00:04:24.707,BUY,7.18e-05,70.1368318
9609872,2017-12-26T00:04:24.707,BUY,7.18e-05,2359.57746795
9609878,2017-12-26T00:04:26.643,BUY,7.18e-05,14.62395543
9609901,2017-12-26T00:04:32.253,SELL,7.012e-05,21.3918996
9609902,2017-12-26T00:04:32.253,SELL,7.012e-05,185.4952652
9609908,2017-12-26T00:04:33.507,BUY,7.179e-05,57.97963424
9609919,2017-12-26T00:04:37.897,BUY,7.179e-05,79.3084142
9609939,2017-12-26T00:04:43.88,SELL,7.02e-05,992.27430104
9609942,2017-12-26T00:04:44.833,BUY,7.179e-05,38.44019007
9609943,2017-12-26T00:04:44.833,BUY,7.179e-05,297.34033828
9609944,2017-12-26T00:04:44.833,BUY,7.179e-05,164.27549457
9609945,2017-12-26T00:04:44.833,BUY,7.18e-05,2533.59064495
9609948,2017-12-26T00:04:45.897,SELL,7.179e-05,550.0
9609989,2017-12-26T00:05:01.15,BUY,7.174e-05,70.64025173
9609999,2017-12-26T00:05:07.68,BUY,7.174e-05,371.63404931
9610019,2017-12-26T00:05:14.807,SELL,7.175e-05,220.95471465
9610026,2017-12-26T00:05:16.747,SELL,7.175e-05,99.74
9610028,2017-12-26T00:05:17.103,SELL,7.175e-05,4.37706582
9610029,2017-12-26T00:05:17.103,SELL,7.174e-05,1223.05975728
9610034,2017-12-26T00:05:18.51,BUY,7.178e-05,21.3918996
9610036,2017-12-26T00:05:18.62,SELL,7.174e-05,50.496257
9610037,2017-12-26T00:05:18.62,SELL,7.174e-05,278.78499958
9610038,2017-12-26T00:05:18.62,SELL,7.174e-05,25.88141901
9610039,2017-12-26T00:05:18.963,SELL,7.146e-05,71.5005715
9610040,2017-12-26T00:05:19.12,SELL,7.146e-05,13.08139534
9610046,2017-12-26T00:05:25.593,SELL,7.146e-05,107.29197271
9610048,2017-12-26T00:05:26.06,SELL,7.146e-05,35.434699
9610071,2017-12-26T00:05:38.717,SELL,7.033e-05,200.02703064
9610078,2017-12-26T00:05:42.42,BUY,7.146e-05,39.18275958
9610080,2017-12-26T00:05:42.983,SELL,7.033e-05,56.93166161
9610082,2017-12-26T00:05:43.343,SELL,7.033e-05,106.3405556
9610089,2017-12-26T00:05:45.187,SELL,7.034e-05,145.3488372
9610092,2017-12-26T00:05:45.687,SELL,7.034e-05,843.7452459
9610094,2017-12-26T00:05:45.967,BUY,7.033e-05,98.59213758
9610096,2017-12-26T00:05:48.11,BUY,7.033e-05,6.70263976
9610108,2017-12-26T00:05:52.937,SELL,7.033e-05,2325.38715565
9610109,2017-12-26T00:05:52.937,SELL,7.033e-05,28.82928769
9610110,2017-12-26T00:05:52.937,SELL,7.032e-05,21.33105802
9610111,2017-12-26T00:05:52.937,SELL,7.031e-05,28.44545584
9610112,2017-12-26T00:05:52.937,SELL,7.016e-05,3050.37782799
9610117,2017-12-26T00:05:55.86,SELL,7.133e-05,311.67264825
9610124,2017-12-26T00:05:59.627,BUY,7.136e-05,28.44545584
9610125,2017-12-26T00:05:59.627,BUY,7.145e-05,215.0474073
9610131,2017-12-26T00:06:01.657,BUY,7.145e-05,104.96850944
9610135,2017-12-26T00:06:01.783,BUY,7.145e-05,13.99580125
9610151,2017-12-26T00:06:09.313,SELL,7.034e-05,526.22256829
9610167,2017-12-26T00:06:14.393,BUY,7.143e-05,48.99216125
9610172,2017-12-26T00:06:18.113,SELL,7.034e-05,29.15739237
9610173,2017-12-26T00:06:18.113,SELL,7.034e-05,253.24164709
9610174,2017-12-26T00:06:18.113,SELL,7.034e-05,55.3623942
9610176,2017-12-26T00:06:18.923,SELL,7.035e-05,1434.51153584
9610177,2017-12-26T00:06:18.923,SELL,7.034e-05,268.62788599
9610178,2017-12-26T00:06:18.923,SELL,7.033e-05,135.07799182
9610179,2017-12-26T00:06:18.923,SELL,7.018e-05,1390.88519309
9610180,2017-12-26T00:06:18.923,SELL,7.017e-05,183.37409149
9610181,2017-12-26T00:06:18.923,SELL,7.016e-05,17.21703686
9610182,2017-12-26T00:06:18.923,SELL,7.015e-05,100.0
9610183,2017-12-26T00:06:18.923,SELL,7.008e-05,860.19017785
9610184,2017-12-26T00:06:18.923,SELL,7.007e-05,887.32527919
9610188,2017-12-26T00:06:20.927,SELL,7.143e-05,21.33105802
9610190,2017-12-26T00:06:20.973,BUY,7.144e-05,29.39529675
9610195,2017-12-26T00:06:22.893,SELL,7.143e-05,1453.00003797
9610201,2017-12-26T00:06:24.02,BUY,7.144e-05,83.98656215
9610204,2017-12-26T00:06:25.66,SELL,7.035e-05,54.68356117
9610205,2017-12-26T00:06:25.66,SELL,7.034e-05,15.40987281
9610207,2017-12-26T00:06:26.13,BUY,7.144e-05,20.99664053
9610235,2017-12-26T00:06:36.007,BUY,7.143e-05,41.99328107
9610237,2017-12-26T00:06:36.1,BUY,7.143e-05,16.79731243
9610239,2017-12-26T00:06:36.317,BUY,7.143e-05,13.99776035
9610244,2017-12-26T00:06:38.32,SELL,7.103e-05,103.6629881
9610246,2017-12-26T00:06:38.803,BUY,7.143e-05,139.93842709
9610248,2017-12-26T00:06:39.193,SELL,7.103e-05,42.73504272
9610249,2017-12-26T00:06:39.21,SELL,7.103e-05,16.25098521
9610251,2017-12-26T00:06:39.803,BUY,7.143e-05,201.51133501
9610253,2017-12-26T00:06:39.973,BUY,7.143e-05,153.9322698
9610254,2017-12-26T00:06:40.583,SELL,7.103e-05,21.45308924
9610260,2017-12-26T00:06:41.32,BUY,7.143e-05,358.23237649
9610262,2017-12-26T00:06:41.553,BUY,7.143e-05,139.93842709
9610264,2017-12-26T00:06:41.85,BUY,7.143e-05,26.58830114
9610265,2017-12-26T00:06:42.147,SELL,7.103e-05,76.59417598
9610270,2017-12-26T00:06:43.413,BUY,7.103e-05,69.96921354
9610274,2017-12-26T00:06:46.023,BUY,7.103e-05,12.44966898
9610275,2017-12-26T00:06:46.023,BUY,7.142e-05,155.47644353
9610279,2017-12-26T00:06:46.867,BUY,7.142e-05,139.97760358
9610281,2017-12-26T00:06:46.977,BUY,7.142e-05,139.93842709
9610283,2017-12-26T00:06:47.49,BUY,7.142e-05,2713.71838411
9610284,2017-12-26T00:06:47.49,BUY,7.142e-05,860.19017785
9610285,2017-12-26T00:06:47.49,BUY,7.143e-05,282.5160577
9610291,2017-12-26T00:06:48.49,BUY,7.143e-05,16.799664
9610297,2017-12-26T00:06:51.803,BUY,7.143e-05,13.9938427
9610299,2017-12-26T00:06:51.883,BUY,7.143e-05,481.15960729
9610300,2017-12-26T00:06:51.883,BUY,7.143e-05,36.83003291
9610302,2017-12-26T00:06:52.18,BUY,7.143e-05,126.99401561
9610303,2017-12-26T00:06:52.18,BUY,7.143e-05,13.00318444
9610309,2017-12-26T00:06:53.07,BUY,7.143e-05,170.92929861
9610316,2017-12-26T00:06:55.54,BUY,7.143e-05,80.08363523
9610317,2017-12-26T00:06:56.163,SELL,7.103e-05,200.92416958
9610326,2017-12-26T00:06:58.57,BUY,7.143e-05,363.08500762
9610329,2017-12-26T00:06:59.697,SELL,7.104e-05,130.68478824
9610339,2017-12-26T00:07:03.383,BUY,7.143e-05,13.99972
9610341,2017-12-26T00:07:03.417,BUY,7.143e-05,48.99902001
9610343,2017-12-26T00:07:03.993,BUY,7.143e-05,27.99944001
9610352,2017-12-26T00:07:08.447,BUY,7.143e-05,719.51773932
9610359,2017-12-26T00:07:12.667,BUY,7.143e-05,577.98342462
9610360,2017-12-26T00:07:12.667,BUY,7.143e-05,622.3506511
9610363,2017-12-26T00:07:13.59,BUY,7.143e-05,95.60146652
9610370,2017-12-26T00:07:18.433,BUY,7.143e-05,55.99888002
9610385,2017-12-26T00:07:30.12,BUY,7.143e-05,140.20513604
9610388,2017-12-26T00:07:31.747,BUY,7.143e-05,27.99944001
9610390,2017-12-26T00:07:33.37,BUY,7.143e-05,57.78657095
9610400,2017-12-26T00:07:44.357,BUY,7.143e-05,14.63860997
9610406,2017-12-26T00:07:47.907,BUY,7.143e-05,74.19851602
9610411,2017-12-26T00:07:48.78,BUY,7.143e-05,361.53736022
9610413,2017-12-26T00:07:49.983,SELL,7.143e-05,122.79709274
9610414,2017-12-26T00:07:49.983,SELL,7.116e-05,248.07809032
9610415,2017-12-26T00:07:50,SELL,7.116e-05,143.00563864
9610416,2017-12-26T00:07:50,SELL,7.116e-05,222.60466953
9610419,2017-12-26T00:07:50.593,BUY,7.146e-05,52.51727775
9610420,2017-12-26T00:07:50.593,BUY,7.146e-05,468.33529057
9610421,2017-12-26T00:07:50.593,BUY,7.146e-05,28.82928769
9610422,2017-12-26T00:07:50.593,BUY,7.171e-05,1512.33040682
9610424,2017-12-26T00:07:50.797,BUY,7.171e-05,192.33358863
9610429,2017-12-26T00:07:55.5,BUY,7.171e-05,965.53957457
9610431,2017-12-26T00:07:55.623,BUY,7.171e-05,309.05778365
9610433,2017-12-26T00:07:56.017,BUY,7.171e-05,93.9622774
9610435,2017-12-26T00:07:56.83,BUY,7.171e-05,81.80666417
9610437,2017-12-26T00:07:57.64,BUY,7.171e-05,632.45136357
9610439,2017-12-26T00:07:58.877,BUY,7.171e-05,525.64750896
9610440,2017-12-26T00:07:58.877,BUY,7.171e-05,3169.4619493
9610445,2017-12-26T00:08:00.187,BUY,7.171e-05,1269.02073371
9610446,2017-12-26T00:08:00.187,BUY,7.171e-05,507.38347739
9610447,2017-12-26T00:08:00.187,BUY,7.171e-05,26.19389237
9610450,2017-12-26T00:08:02.78,BUY,7.171e-05,191.64218683
9610452,2017-12-26T00:08:03.033,BUY,7.171e-05,44.09245572
9610456,2017-12-26T00:08:05.047,BUY,7.171e-05,29.14954977
9610458,2017-12-26T00:08:05.487,BUY,7.171e-05,582.88582068
9610460,2017-12-26T00:08:05.533,BUY,7.171e-05,167.65876446
9610462,2017-12-26T00:08:06.3,BUY,7.171e-05,472.73741458
9610466,2017-12-26T00:08:09.313,BUY,7.171e-05,388.81182206
9610471,2017-12-26T00:08:14.097,SELL,7.118e-05,736.16018845
9610476,2017-12-26T00:08:17.487,BUY,7.171e-05,469.65124252
9610477,2017-12-26T00:08:17.487,BUY,7.174e-05,717.46305065
9610478,2017-12-26T00:08:17.487,BUY,7.179e-05,133.69033957
9610479,2017-12-26T00:08:17.487,BUY,7.184e-05,85.99011433
9610480,2017-12-26T00:08:17.487,BUY,7.19e-05,34.74660071
9610481,2017-12-26T00:08:17.487,BUY,7.196e-05,31.06376208
9610482,2017-12-26T00:08:17.487,BUY,7.2e-05,700.0
9610483,2017-12-26T00:08:17.487,BUY,7.2e-05,1282.62209302
9610484,2017-12-26T00:08:17.503,BUY,7.201e-05,1590.24465372
9610506,2017-12-26T00:08:22.973,SELL,7.201e-05,29.6305554
9610507,2017-12-26T00:08:22.973,SELL,7.201e-05,105.44743642
9610513,2017-12-26T00:08:24.863,SELL,7.201e-05,140.54813773
9610520,2017-12-26T00:08:29.253,SELL,7.202e-05,15.40987281
9610523,2017-12-26T00:08:29.363,BUY,7.22e-05,20.77562326
9610531,2017-12-26T00:08:31.35,BUY,7.22e-05,18.00554016
9610536,2017-12-26T00:08:35.003,SELL,7.202e-05,26.58151085
9610539,2017-12-26T00:08:35.583,BUY,7.202e-05,1956.44393172
9610541,2017-12-26T00:08:36.52,SELL,7.201e-05,69.97353754
9610542,2017-12-26T00:08:36.52,SELL,7.201e-05,130.02646246
9610544,2017-12-26T00:08:36.973,BUY,7.202e-05,130.76828476
9610546,2017-12-26T00:08:37.177,BUY,7.202e-05,152.35457063
9610547,2017-12-26T00:08:39.053,SELL,7.201e-05,309.05778365
9610551,2017-12-26T00:08:40.613,BUY,7.202e-05,3062.10774169
9610556,2017-12-26T00:08:43.177,BUY,7.212e-05,351.07528731
9610557,2017-12-26T00:08:43.177,BUY,7.219e-05,42.05314465
9610558,2017-12-26T00:08:43.177,BUY,7.22e-05,4.01162937
9610559,2017-12-26T00:08:43.177,BUY,7.233e-05,113.26754632
9610560,2017-12-26T00:08:43.177,BUY,7.265e-05,116.26844195
9610561,2017-12-26T00:08:43.32,SELL,7.202e-05,435.73978366
9610562,2017-12-26T00:08:43.32,SELL,7.202e-05,229.17851164
9610563,2017-12-26T00:08:43.32,SELL,7.202e-05,504.63403029
9610571,2017-12-26T00:08:47.867,BUY,7.219e-05,140.17481553
9610572,2017-12-26T00:08:47.867,BUY,7.265e-05,65.94786812
9610578,2017-12-26T00:08:50.147,SELL,7.219e-05,11.49425287
9610586,2017-12-26T00:08:53.303,SELL,7.219e-05,144.92753623
9610598,2017-12-26T00:08:57.04,BUY,7.265e-05,40.5096355
9610599,2017-12-26T00:08:57.04,BUY,7.265e-05,170.47519217
9610603,2017-12-26T00:08:58.18,BUY,7.3e-05,157.43220064
9610611,2017-12-26T00:09:00.15,BUY,7.3e-05,3013.51169936
9610612,2017-12-26T00:09:00.15,BUY,7.3e-05,342.50524458
9610616,2017-12-26T00:09:01.103,SELL,7.265e-05,62.66765944
9610617,2017-12-26T00:09:01.103,SELL,7.265e-05,76.58871153
9610618,2017-12-26T00:09:01.18,SELL,7.265e-05,139.25637097
9610620,2017-12-26T00:09:01.29,SELL,7.265e-05,139.25637097
9610622,2017-12-26T00:09:01.477,SELL,7.265e-05,139.25637097
9610624,2017-12-26T00:09:01.803,SELL,7.265e-05,139.25637097
9610625,2017-12-26T00:09:01.85,SELL,7.265e-05,139.25637097
9610626,2017-12-26T00:09:01.867,SELL,7.265e-05,37.50377306
9610627,2017-12-26T00:09:01.867,SELL,7.265e-05,61.40563317
9610630,2017-12-26T00:09:03.477,BUY,7.265e-05,40.34696474
9610631,2017-12-26T00:09:03.477,BUY,7.265e-05,139.25637097
9610632,2017-12-26T00:09:03.477,BUY,7.265e-05,139.25637097
9610633,2017-12-26T00:09:03.477,BUY,7.265e-05,108.96101548
9610644,2017-12-26T00:09:08.57,BUY,7.265e-05,30.29535549
9610645,2017-12-26T00:09:08.57,BUY,7.265e-05,139.25637097
9610646,2017-12-26T00:09:08.57,BUY,7.265e-05,131.92160457
9610655,2017-12-26T00:09:10.43,BUY,7.265e-05,7.3347664
9610656,2017-12-26T00:09:10.43,BUY,7.265e-05,139.25637097
9610657,2017-12-26T00:09:10.43,BUY,7.265e-05,278.51274195
9610658,2017-12-26T00:09:10.43,BUY,7.265e-05,951.35861207
9610659,2017-12-26T00:09:10.557,SELL,7.229e-05,728.33211944
9610662,2017-12-26T00:09:11.917,SELL,7.229e-05,1169.55232559
9610665,2017-12-26T00:09:12.523,SELL,7.229e-05,226.93456076
9610666,2017-12-26T00:09:12.65,SELL,7.229e-05,545.94700385
9610669,2017-12-26T00:09:13.68,SELL,7.229e-05,497.64049764
9610670,2017-12-26T00:09:13.73,SELL,7.229e-05,52.2562902
9610674,2017-12-26T00:09:14.54,SELL,7.229e-05,104.96850944
9610675,2017-12-26T00:09:14.573,SELL,7.229e-05,78.66132723
9610680,2017-12-26T00:09:14.837,SELL,7.23e-05,21.58090361
9610681,2017-12-26T00:09:14.837,SELL,7.23e-05,201.51133501
9610682,2017-12-26T00:09:14.9,SELL,7.23e-05,294.62054448
9610684,2017-12-26T00:09:15.057,BUY,7.265e-05,825.08580578
9610687,2017-12-26T00:09:15.213,BUY,7.265e-05,11.54114026
9610689,2017-12-26T00:09:15.37,SELL,7.23e-05,482.2872169
9610690,2017-12-26T00:09:15.37,SELL,7.229e-05,305.17554694
9610691,2017-12-26T00:09:15.603,SELL,7.229e-05,119.096312
9610693,2017-12-26T00:09:15.73,BUY,7.265e-05,269.35139783
9610694,2017-12-26T00:09:15.93,SELL,7.229e-05,544.0
9610698,2017-12-26T00:09:16.807,SELL,7.229e-05,575.53956832
9610699,2017-12-26T00:09:16.823,SELL,7.229e-05,28.16901408
9610700,2017-12-26T00:09:16.853,SELL,7.229e-05,80.84437076
9610708,2017-12-26T00:09:18.073,SELL,7.23e-05,35.19144144
9610709,2017-12-26T00:09:18.37,SELL,7.23e-05,116.23611541
9610711,2017-12-26T00:09:18.54,BUY,7.265e-05,152.3528959
9610714,2017-12-26T00:09:18.667,BUY,7.3e-05,10333.44611075
9610715,2017-12-26T00:09:19.057,SELL,7.23e-05,1802.59810347
9610716,2017-12-26T00:09:19.197,SELL,7.23e-05,838.2449246
9610718,2017-12-26T00:09:19.417,SELL,7.265e-05,73.19819818
9610720,2017-12-26T00:09:20.29,SELL,7.265e-05,125.1792932
9610721,2017-12-26T00:09:20.323,SELL,7.265e-05,423.22734031
9610722,2017-12-26T00:09:20.323,SELL,7.23e-05,279.50943943
9610723,2017-12-26T00:09:20.323,SELL,7.23e-05,703.83981155
9610724,2017-12-26T00:09:20.323,SELL,7.229e-05,3668.52582071
9610726,2017-12-26T00:09:21.04,SELL,7.229e-05,64.87363156
9610731,2017-12-26T00:09:22.87,BUY,7.3e-05,3760.50350263
9610732,2017-12-26T00:09:22.87,BUY,7.3e-05,262.02046143
9610734,2017-12-26T00:09:23.23,SELL,7.229e-05,376.37219024
9610740,2017-12-26T00:09:25.37,BUY,7.3e-05,1340.16160993
9610742,2017-12-26T00:09:25.95,BUY,7.3e-05,668.53428073
9610744,2017-12-26T00:09:26.103,BUY,7.3e-05,136.9247581
9610745,2017-12-26T00:09:26.103,BUY,7.3e-05,400.0
9610755,2017-12-26T00:09:30.573,SELL,7.3e-05,105.29271374
9610768,2017-12-26T00:09:32.573,BUY,7.317e-05,278.78499958
9610771,2017-12-26T00:09:33.247,BUY,7.325e-05,28.709032
9610772,2017-12-26T00:09:33.247,BUY,7.33e-05,65.6627797
9610773,2017-12-26T00:09:33.247,BUY,7.33e-05,21.5036927
9610784,2017-12-26T00:09:35.95,BUY,7.366e-05,1846.46921929
9610787,2017-12-26T00:09:36.09,BUY,7.366e-05,330.96689259
9610788,2017-12-26T00:09:36.09,BUY,7.366e-05,647.56636752
9610789,2017-12-26T00:09:36.09,BUY,7.37e-05,457.88933205
9610792,2017-12-26T00:09:37.183,SELL,7.366e-05,350.43553882
9610798,2017-12-26T00:09:39.23,SELL,7.366e-05,1176.21046691
9610799,2017-12-26T00:09:39.23,SELL,7.366e-05,489.90274863
9610802,2017-12-26T00:09:39.73,BUY,7.37e-05,169.90787075
9610803,2017-12-26T00:09:39.73,BUY,7.375e-05,110.4460918
9610806,2017-12-26T00:09:40.45,BUY,7.375e-05,162.1439082
9610807,2017-12-26T00:09:40.45,BUY,7.393e-05,482.60785495
9610812,2017-12-26T00:09:41.23,BUY,7.393e-05,526.8546475
9610816,2017-12-26T00:09:41.763,BUY,7.393e-05,1555.35899868
9610825,2017-12-26T00:09:43.747,BUY,7.393e-05,1156.14867028
9610826,2017-12-26T00:09:43.903,SELL,7.393e-05,139.25737097
9610829,2017-12-26T00:09:44.827,BUY,7.4e-05,41.79437169
9610830,2017-12-26T00:09:44.827,BUY,7.429e-05,15.63266868
9610831,2017-12-26T00:09:44.827,BUY,7.465e-05,35.83787513
9610832,2017-12-26T00:09:44.827,BUY,7.496e-05,114.12260316
9610834,2017-12-26T00:09:44.997,BUY,7.496e-05,2587.32464463
9610851,2017-12-26T00:09:47.45,SELL,7.429e-05,809.63156398
9610854,2017-12-26T00:09:47.483,BUY,7.496e-05,710.68285927
9610856,2017-12-26T00:09:47.827,SELL,7.496e-05,28.38441029
9610862,2017-12-26T00:09:48.903,SELL,7.496e-05,210.60458758
9610866,2017-12-26T00:09:49.577,BUY,7.499e-05,32.87294274
9610867,2017-12-26T00:09:49.577,BUY,7.5e-05,12.0
9610879,2017-12-26T00:09:50.873,SELL,7.5e-05,123.82147727
9610882,2017-12-26T00:09:51.013,BUY,7.515e-05,415.23198055
9610884,2017-12-26T00:09:51.153,SELL,7.5e-05,20.56318584
9610892,2017-12-26T00:09:51.577,SELL,7.501e-05,136.05572075
9610897,2017-12-26T00:09:51.967,BUY,7.515e-05,212.85989528
9610898,2017-12-26T00:09:52.2,SELL,7.549e-05,42.66818374
9610900,2017-12-26T00:09:52.233,BUY,7.55e-05,1259.85712028
9610901,2017-12-26T00:09:52.233,BUY,7.562e-05,170.52671889
9610902,2017-12-26T00:09:52.233,BUY,7.6e-05,555.54251108
9610908,2017-12-26T00:09:52.623,SELL,7.6e-05,689.12892278
9610929,2017-12-26T00:09:55.407,BUY,7.602e-05,43.97085828
9610931,2017-12-26T00:09:55.5,BUY,7.602e-05,38.39848926
9610932,2017-12-26T00:09:55.5,BUY,7.602e-05,29.1211029
9610933,2017-12-26T00:09:55.5,BUY,7.621e-05,44.58087103
9610934,2017-12-26T00:09:55.5,BUY,7.642e-05,138.74716257
9610944,2017-12-26T00:09:56.327,SELL,7.602e-05,42.13417243
9610947,2017-12-26T00:09:56.577,BUY,7.642e-05,124.30283743
9610948,2017-12-26T00:09:56.577,BUY,7.663e-05,54.38829506
9610949,2017-12-26T00:09:56.577,BUY,7.776e-05,31.92258343
9610950,2017-12-26T00:09:56.577,BUY,7.81e-05,30.8369549
9610951,2017-12-26T00:09:56.593,BUY,7.837e-05,34.84481162
9610952,2017-12-26T00:09:56.593,BUY,7.839e-05,87.05056846
9610953,2017-12-26T00:09:56.593,BUY,7.85e-05,15.45675439
9610954,2017-12-26T00:09:56.593,BUY,7.868e-05,1227.27262636
9610960,2017-12-26T00:09:56.86,SELL,7.837e-05,435.0
9610968,2017-12-26T00:09:57.483,SELL,7.837e-05,54.63516944
9610969,2017-12-26T00:09:57.483,SELL,7.81e-05,327.31883479
9610970,2017-12-26T00:09:57.483,SELL,7.776e-05,330.29670802
9610979,2017-12-26T00:09:59.11,SELL,7.776e-05,73.6095005
9610992,2017-12-26T00:10:00.577,BUY,7.831e-05,54.63482796
9610993,2017-12-26T00:10:00.577,BUY,7.833e-05,385.88007736
9610994,2017-12-26T00:10:00.577,BUY,7.868e-05,1448.62701218
9610996,2017-12-26T00:10:00.61,BUY,7.868e-05,53.10968078
9610999,2017-12-26T00:10:00.733,BUY,7.868e-05,39.78577522
9611000,2017-12-26T00:10:00.78,SELL,7.776e-05,618.75473172
9611006,2017-12-26T00:10:01.233,BUY,7.776e-05,218.3618407
9611008,2017-12-26T00:10:01.313,BUY,7.776e-05,219.13387973
9611011,2017-12-26T00:10:01.39,BUY,7.776e-05,404.31179293
9611018,2017-12-26T00:10:02.017,BUY,7.776e-05,13.76885091
9611021,2017-12-26T00:10:02.187,SELL,7.867e-05,378.63745212
9611027,2017-12-26T00:10:02.437,BUY,7.868e-05,23339.94506705
9611031,2017-12-26T00:10:02.61,SELL,7.868e-05,26.83578199
9611032,2017-12-26T00:10:02.687,SELL,7.868e-05,807.5886495
9611037,2017-12-26T00:10:02.953,BUY,7.883e-05,11.49425287
9611044,2017-12-26T00:10:03.453,BUY,7.883e-05,16.45513445
9611046,2017-12-26T00:10:03.563,SELL,7.883e-05,25.52528808
9611047,2017-12-26T00:10:03.563,SELL,7.868e-05,782.06336142
9611051,2017-12-26T00:10:03.923,SELL,7.868e-05,13.22576379
9611053,2017-12-26T00:10:03.983,SELL,7.868e-05,144.68184663
9611054,2017-12-26T00:10:04,SELL,7.868e-05,144.68184663
9611057,2017-12-26T00:10:04.11,SELL,7.868e-05,144.68184663
9611060,2017-12-26T00:10:04.39,SELL,7.868e-05,144.68184663
9611069,2017-12-26T00:10:05.61,BUY,7.886e-05,32.22529253
9611070,2017-12-26T00:10:05.61,BUY,7.89e-05,130.76828476
9611071,2017-12-26T00:10:05.61,BUY,7.9e-05,12.90057082
9611072,2017-12-26T00:10:05.61,BUY,7.9e-05,748.84886934
9611077,2017-12-26T00:10:05.627,BUY,7.9e-05,48.09165581
9611078,2017-12-26T00:10:05.627,BUY,7.9e-05,78.35244949
9611079,2017-12-26T00:10:05.627,BUY,7.9e-05,2500.0
9611080,2017-12-26T00:10:05.627,BUY,7.907e-05,104.19741569
9611085,2017-12-26T00:10:05.983,BUY,7.926e-05,224.97277255
9611086,2017-12-26T00:10:05.983,BUY,7.94e-05,83.64543193
9611099,2017-12-26T00:10:07,BUY,7.94e-05,1302.98420406
9611103,2017-12-26T00:10:07.187,SELL,7.907e-05,29.68361879
9611104,2017-12-26T00:10:07.203,SELL,7.907e-05,880.1619968
9611105,2017-12-26T00:10:07.203,SELL,7.9e-05,6157.03437608
9611106,2017-12-26T00:10:07.203,SELL,7.9e-05,4344.74522554
9611107,2017-12-26T00:10:07.203,SELL,7.9e-05,230.53265074
9611108,2017-12-26T00:10:07.203,SELL,7.9e-05,231.28964783
9611114,2017-12-26T00:10:07.517,BUY,7.926e-05,106.81158738
9611475,2017-12-26T00:10:17.627,BUY,8.05e-05,1587.59241691
9611489,2017-12-26T00:10:18.157,BUY,8.05e-05,292.69045622
9611491,2017-12-26T00:10:18.157,BUY,8.053e-05,100.0
9611492,2017-12-26T00:10:18.157,BUY,8.057e-05,18.95136
9611493,2017-12-26T00:10:18.157,BUY,8.065e-05,237.22001483
9611494,2017-12-26T00:10:18.157,BUY,8.07e-05,129.11022331
9611497,2017-12-26T00:10:18.19,BUY,8.082e-05,64.68445051
9611498,2017-12-26T00:10:18.19,BUY,8.087e-05,2854.69303454
9611499,2017-12-26T00:10:18.19,BUY,8.088e-05,500.0
9611500,2017-12-26T00:10:18.19,BUY,8.094e-05,150.0
9611501,2017-12-26T00:10:18.19,BUY,8.1e-05,11.80394531
9611502,2017-12-26T00:10:18.19,BUY,8.1e-05,500.0
9611503,2017-12-26T00:10:18.19,BUY,8.1e-05,1500.0
9611504,2017-12-26T00:10:18.19,BUY,8.103e-05,230.0
9611505,2017-12-26T00:10:18.19,BUY,8.111e-05,125.0
9611506,2017-12-26T00:10:18.19,BUY,8.114e-05,344.89086496
9611507,2017-12-26T00:10:18.19,BUY,8.137e-05,124.0
9611508,2017-12-26T00:10:18.19,BUY,8.137e-05,50.0
9611509,2017-12-26T00:10:18.19,BUY,8.14e-05,25.0
9611510,2017-12-26T00:10:18.19,BUY,8.147e-05,1009.0076864
9611511,2017-12-26T00:10:18.19,BUY,8.147e-05,1009.0076864
9611512,2017-12-26T00:10:18.19,BUY,8.147e-05,182.95251164
9611533,2017-12-26T00:10:19.36,BUY,8.147e-05,468.00257565
9611534,2017-12-26T00:10:19.36,BUY,8.147e-05,13.0086072
9611535,2017-12-26T00:10:19.36,BUY,8.15e-05,54.21838991
9611542,2017-12-26T00:10:19.8,SELL,8.007e-05,250.84762576
9611548,2017-12-26T00:10:20.25,SELL,8.007e-05,433.93423749
9611549,2017-12-26T00:10:20.25,SELL,8.007e-05,645.56518034
9611550,2017-12-26T00:10:20.25,SELL,8.007e-05,87.4125874
9611551,2017-12-26T00:10:20.25,SELL,8.007e-05,136.89516668
9611554,2017-12-26T00:10:20.533,BUY,8.15e-05,2945.78161009
9611555,2017-12-26T00:10:20.533,BUY,8.15e-05,25.0
9611556,2017-12-26T00:10:20.533,BUY,8.18e-05,156.05566442
9611557,2017-12-26T00:10:20.533,BUY,8.18e-05,156.05566442
9611558,2017-12-26T00:10:20.533,BUY,8.18e-05,78.02783221
9611559,2017-12-26T00:10:20.533,BUY,8.18e-05,78.02783221
9611560,2017-12-26T00:10:20.533,BUY,8.186e-05,214.54574257
9611561,2017-12-26T00:10:20.533,BUY,8.197e-05,11.49425287
9611562,2017-12-26T00:10:20.533,BUY,8.198e-05,20.0
9611563,2017-12-26T00:10:20.533,BUY,8.199e-05,125.09405568
9611564,2017-12-26T00:10:20.533,BUY,8.2e-05,748.93885286
9611565,2017-12-26T00:10:20.533,BUY,8.2e-05,748.93885286
9611566,2017-12-26T00:10:20.533,BUY,8.2e-05,50.0
9611567,2017-12-26T00:10:20.533,BUY,8.2e-05,69.46975
9611568,2017-12-26T00:10:20.533,BUY,8.2e-05,93.04788372
9611579,2017-12-26T00:10:21.253,SELL,8.05e-05,135.35512912
9611580,2017-12-26T00:10:21.36,SELL,8.05e-05,281.40851518
9611583,2017-12-26T00:10:21.737,BUY,8.2e-05,97.87725807
9611591,2017-12-26T00:10:22.097,BUY,8.2e-05,44.42841963
9611596,2017-12-26T00:10:22.173,BUY,8.2e-05,559.96717043
9611597,2017-12-26T00:10:22.173,BUY,8.21e-05,4.42376706
9611599,2017-12-26T00:10:22.503,BUY,8.21e-05,1090.0978032
9611601,2017-12-26T00:10:22.517,BUY,8.21e-05,818.47842974
9611602,2017-12-26T00:10:22.517,BUY,8.212e-05,242.875
9611603,2017-12-26T00:10:22.517,BUY,8.216e-05,50.0
9611604,2017-12-26T00:10:22.517,BUY,8.218e-05,7.29329923
9611605,2017-12-26T00:10:22.517,BUY,8.222e-05,50.0
9611606,2017-12-26T00:10:22.517,BUY,8.223e-05,80.0
9611607,2017-12-26T00:10:22.517,BUY,8.225e-05,15.23513039
9611608,2017-12-26T00:10:22.517,BUY,8.23e-05,121.81044957
9611609,2017-12-26T00:10:22.517,BUY,8.25e-05,146.44070784
9611610,2017-12-26T00:10:22.517,BUY,8.25e-05,17.91982875
9611613,2017-12-26T00:10:23.003,SELL,8.197e-05,246.19590465
9611620,2017-12-26T00:10:23.33,BUY,8.197e-05,451.94443438
9611627,2017-12-26T00:10:23.55,SELL,8.147e-05,125.0
9611632,2017-12-26T00:10:23.643,BUY,8.197e-05,179.47157278
9611633,2017-12-26T00:10:23.66,SELL,8.147e-05,60.0
9611634,2017-12-26T00:10:23.673,SELL,8.147e-05,300.0
9611638,2017-12-26T00:10:23.72,BUY,8.197e-05,1054.96880109
9611639,2017-12-26T00:10:23.72,BUY,8.218e-05,183.0
9611640,2017-12-26T00:10:23.72,BUY,8.242e-05,1008.84955752
9611641,2017-12-26T00:10:23.72,BUY,8.25e-05,2.08017125
9611642,2017-12-26T00:10:23.72,BUY,8.271e-05,20.77039275
9611643,2017-12-26T00:10:23.72,BUY,8.282e-05,12.10456411
9611644,2017-12-26T00:10:23.72,BUY,8.282e-05,218.22651328
9611645,2017-12-26T00:10:23.737,SELL,8.147e-05,759.84700853
9611646,2017-12-26T00:10:23.737,SELL,8.147e-05,740.15299147
9611657,2017-12-26T00:10:24.22,SELL,8.2e-05,214.5710458
9611658,2017-12-26T00:10:24.22,SELL,8.197e-05,31.62485885
9611662,2017-12-26T00:10:24.44,SELL,8.197e-05,48.79955285
9611668,2017-12-26T00:10:24.91,SELL,8.186e-05,36.24117937
9611670,2017-12-26T00:10:25.05,BUY,8.197e-05,37.6613402
9611671,2017-12-26T00:10:25.05,BUY,8.282e-05,172.28915442
9611672,2017-12-26T00:10:25.05,BUY,8.292e-05,128.75449307
9611673,2017-12-26T00:10:25.05,BUY,8.3e-05,179.98792683
9611674,2017-12-26T00:10:25.05,BUY,8.3e-05,1215.72971897
9611675,2017-12-26T00:10:25.05,BUY,8.3e-05,13.0
9611676,2017-12-26T00:10:25.05,BUY,8.302e-05,87.4125874
9611677,2017-12-26T00:10:25.05,BUY,8.303e-05,806.38641876
9611678,2017-12-26T00:10:25.05,BUY,8.305e-05,3003.94773142
9611679,2017-12-26T00:10:25.05,BUY,8.318e-05,21.13147838
9611680,2017-12-26T00:10:25.05,BUY,8.336e-05,67.82037188
9611681,2017-12-26T00:10:25.05,BUY,8.343e-05,648.14814815
9611682,2017-12-26T00:10:25.05,BUY,8.355e-05,341.6110613
9611683,2017-12-26T00:10:25.05,BUY,8.356e-05,4417.86609679
9611686,2017-12-26T00:10:25.237,SELL,8.186e-05,36.554
9611694,2017-12-26T00:10:25.61,SELL,8.302e-05,48.79955285
9611697,2017-12-26T00:10:25.863,SELL,8.302e-05,81.33391857
9611698,2017-12-26T00:10:25.863,SELL,8.25e-05,240.30504322
9611699,2017-12-26T00:10:25.863,SELL,8.21e-05,174.73010781
9611717,2017-12-26T00:10:26.97,SELL,8.302e-05,400.0
9611721,2017-12-26T00:10:27.067,BUY,8.345e-05,26.70659865
9611731,2017-12-26T00:10:27.457,BUY,8.345e-05,36.12426568
9611736,2017-12-26T00:10:27.737,SELL,8.302e-05,201.87946172
9611737,2017-12-26T00:10:27.737,SELL,8.25e-05,65.67665684
9611738,2017-12-26T00:10:27.737,SELL,8.21e-05,682.11573858
9611743,2017-12-26T00:10:27.83,SELL,8.282e-05,39.69694214
9611746,2017-12-26T00:10:27.923,BUY,8.248e-05,501.563059
9611747,2017-12-26T00:10:27.923,BUY,8.345e-05,30.28957682
9611748,2017-12-26T00:10:27.923,BUY,8.355e-05,3137.17299885
9611749,2017-12-26T00:10:27.923,BUY,8.356e-05,620.39514082
9611752,2017-12-26T00:10:28.08,BUY,8.356e-05,1006.60134938
9611753,2017-12-26T00:10:28.13,SELL,8.21e-05,66.33471099
9611759,2017-12-26T00:10:28.347,BUY,8.356e-05,1754.69767477
9611760,2017-12-26T00:10:28.347,BUY,8.356e-05,45.30232523
9611769,2017-12-26T00:10:28.66,SELL,8.318e-05,19.01753992
9611771,2017-12-26T00:10:28.707,BUY,8.345e-05,1060.91632295
9611772,2017-12-26T00:10:28.707,BUY,8.352e-05,948.57419202
9611776,2017-12-26T00:10:28.783,BUY,8.352e-05,863.94948948
9611777,2017-12-26T00:10:28.783,BUY,8.356e-05,4100.57474888
9611781,2017-12-26T00:10:28.83,BUY,8.356e-05,3653.68318765
9611782,2017-12-26T00:10:28.83,BUY,8.376e-05,50.0
9611783,2017-12-26T00:10:28.83,BUY,8.389e-05,240.46583229
9611784,2017-12-26T00:10:28.83,BUY,8.389e-05,577.44532752
9611785,2017-12-26T00:10:28.863,SELL,8.318e-05,327.31883479
9611787,2017-12-26T00:10:28.91,BUY,8.389e-05,741.0188646
9611790,2017-12-26T00:10:28.987,BUY,8.389e-05,372.65777292
9611792,2017-12-26T00:10:29.033,BUY,8.389e-05,414.51958758
9611795,2017-12-26T00:10:29.113,BUY,8.389e-05,1849.98321932
9611799,2017-12-26T00:10:29.237,BUY,8.345e-05,412.09740354
9611801,2017-12-26T00:10:29.253,BUY,8.345e-05,292.9772957
9611803,2017-12-26T00:10:29.41,BUY,8.345e-05,177.3105532
9611807,2017-12-26T00:10:29.613,BUY,8.345e-05,948.74519984
9611809,2017-12-26T00:10:29.63,BUY,8.345e-05,592.28611851
9611813,2017-12-26T00:10:29.707,BUY,8.345e-05,74.1004805
9611817,2017-12-26T00:10:29.893,BUY,8.345e-05,189.0021501
9611823,2017-12-26T00:10:30.143,BUY,8.345e-05,20.60000428
9611825,2017-12-26T00:10:30.16,BUY,8.345e-05,135.88332185
9611832,2017-12-26T00:10:30.44,BUY,8.345e-05,167.09136684
9611834,2017-12-26T00:10:30.487,BUY,8.345e-05,642.95576721
9611838,2017-12-26T00:10:30.643,BUY,8.345e-05,21895.3363487
9611839,2017-12-26T00:10:30.643,BUY,8.345e-05,56.27330052
9611840,2017-12-26T00:10:30.643,BUY,8.389e-05,207.78507824
9611842,2017-12-26T00:10:30.66,SELL,8.356e-05,300.0
9611853,2017-12-26T00:10:31.067,BUY,8.389e-05,181.33537536
9611854,2017-12-26T00:10:31.067,BUY,8.392e-05,1188.61713537
9611863,2017-12-26T00:10:31.38,SELL,8.392e-05,404.31179293
9611866,2017-12-26T00:10:31.457,BUY,8.398e-05,158.9304327
9611867,2017-12-26T00:10:31.457,BUY,8.4e-05,74.80234995
9611881,2017-12-26T00:10:32.13,SELL,8.392e-05,226.40498753
9611884,2017-12-26T00:10:32.52,SELL,8.392e-05,77.85
9611889,2017-12-26T00:10:32.707,BUY,8.4e-05,40.58668494
9611893,2017-12-26T00:10:32.817,SELL,8.392e-05,606.82347677
9611894,2017-12-26T00:10:32.817,SELL,8.389e-05,98.30602894
9611895,2017-12-26T00:10:32.817,SELL,8.389e-05,1150.28079361
9611896,2017-12-26T00:10:32.817,SELL,8.376e-05,745.99136533
9611897,2017-12-26T00:10:32.817,SELL,8.376e-05,117.35238166
9611899,2017-12-26T00:10:32.973,BUY,8.4e-05,13.73994058
9611901,2017-12-26T00:10:32.987,BUY,8.4e-05,11812.31741962
9611902,2017-12-26T00:10:32.987,BUY,8.4e-05,403.75
9611903,2017-12-26T00:10:32.987,BUY,8.4e-05,100.0
9611904,2017-12-26T00:10:32.987,BUY,8.4e-05,89.12058639
9611905,2017-12-26T00:10:32.987,BUY,8.4e-05,20.0
9611906,2017-12-26T00:10:32.987,BUY,8.4e-05,30.0
9611907,2017-12-26T00:10:32.987,BUY,8.4e-05,224.0
9611908,2017-12-26T00:10:32.987,BUY,8.4e-05,1958.03152119
9611909,2017-12-26T00:10:32.987,BUY,8.4e-05,106.81158738
9611910,2017-12-26T00:10:32.987,BUY,8.409e-05,590.0770158
9611912,2017-12-26T00:10:33.13,SELL,8.4e-05,19.45403652
9611924,2017-12-26T00:10:33.847,SELL,8.4e-05,1480.54596348
9611925,2017-12-26T00:10:33.847,SELL,8.398e-05,165.89189089
9611926,2017-12-26T00:10:33.847,SELL,8.376e-05,5058.34531297
9611927,2017-12-26T00:10:33.847,SELL,8.356e-05,381.6228658
9611947,2017-12-26T00:10:34.8,BUY,8.398e-05,4872.18815461
9611948,2017-12-26T00:10:34.817,SELL,8.4e-05,1105.71287847
9611949,2017-12-26T00:10:34.91,SELL,8.4e-05,6157.03437608
9611952,2017-12-26T00:10:35.067,BUY,8.41e-05,1226.57860025
9611956,2017-12-26T00:10:35.223,SELL,8.4e-05,2422.18318918
9611957,2017-12-26T00:10:35.427,SELL,8.4e-05,192.09947747
9611963,2017-12-26T00:10:35.753,SELL,8.409e-05,632.01895368
9611964,2017-12-26T00:10:35.753,SELL,8.4e-05,727.35806948
9611967,2017-12-26T00:10:35.893,SELL,8.4e-05,1535.89001218
9611969,2017-12-26T00:10:35.99,BUY,8.41e-05,11645.52210437
9611972,2017-12-26T00:10:36.037,SELL,8.4e-05,136.89516668
9611974,2017-12-26T00:10:36.097,BUY,8.41e-05,11.65921125
9611978,2017-12-26T00:10:36.287,BUY,8.41e-05,137.10549167
9611980,2017-12-26T00:10:36.44,BUY,8.41e-05,1333.81518692
9611981,2017-12-26T00:10:36.49,SELL,8.4e-05,132.63048204
9611982,2017-12-26T00:10:36.49,SELL,8.4e-05,688.08360052
9611983,2017-12-26T00:10:36.49,SELL,8.398e-05,59.53798523
9611984,2017-12-26T00:10:36.49,SELL,8.392e-05,274.00231546
9611985,2017-12-26T00:10:36.49,SELL,8.389e-05,372.39162248
9611991,2017-12-26T00:10:36.66,BUY,8.41e-05,10069.67681865
9611993,2017-12-26T00:10:36.753,BUY,8.41e-05,432.71361117
9611995,2017-12-26T00:10:36.753,BUY,8.41e-05,109.86623809
9611997,2017-12-26T00:10:36.8,BUY,8.41e-05,231.61893126
9612003,2017-12-26T00:10:37.13,BUY,8.41e-05,29.95478662
9612006,2017-12-26T00:10:37.177,BUY,8.4e-05,843.74604078
9612008,2017-12-26T00:10:37.207,BUY,8.4e-05,1557.9278108
9612014,2017-12-26T00:10:37.38,BUY,8.4e-05,526.20965443
9612450,2017-12-26T00:10:56.553,BUY,8.488e-05,90.20901573
9612451,2017-12-26T00:10:56.553,BUY,8.488e-05,25.0
9612452,2017-12-26T00:10:56.553,BUY,8.489e-05,25.36026694
9612454,2017-12-26T00:10:56.693,SELL,8.473e-05,844.23857513
9612462,2017-12-26T00:10:57.053,BUY,8.489e-05,173.01954417
9612463,2017-12-26T00:10:57.053,BUY,8.498e-05,100.0
9612464,2017-12-26T00:10:57.053,BUY,8.499e-05,156.77721529
9612465,2017-12-26T00:10:57.053,BUY,8.499e-05,300.0
9612466,2017-12-26T00:10:57.053,BUY,8.499e-05,100.0
9612471,2017-12-26T00:10:57.18,SELL,8.499e-05,480.03130804
9612476,2017-12-26T00:10:57.303,BUY,8.5e-05,608.102645
9612477,2017-12-26T00:10:57.303,BUY,8.5e-05,844.98094028
9612478,2017-12-26T00:10:57.303,BUY,8.5e-05,685.3315012
9612479,2017-12-26T00:10:57.303,BUY,8.5e-05,10.0
9612480,2017-12-26T00:10:57.303,BUY,8.5e-05,7.5
9612481,2017-12-26T00:10:57.303,BUY,8.5e-05,320.27901649
9612487,2017-12-26T00:10:57.787,SELL,8.499e-05,130.13347142
9612489,2017-12-26T00:10:57.803,BUY,8.5e-05,1765.92776456
9612490,2017-12-26T00:10:58.023,SELL,8.499e-05,1206.21417369
9612491,2017-12-26T00:10:58.023,SELL,8.488e-05,1405.59475486
9612492,2017-12-26T00:10:58.023,SELL,8.481e-05,1255.00806217
9612493,2017-12-26T00:10:58.023,SELL,8.473e-05,36.33481776
9612494,2017-12-26T00:10:58.023,SELL,8.473e-05,446.72409616
9612495,2017-12-26T00:10:58.023,SELL,8.473e-05,940.97789869
9612496,2017-12-26T00:10:58.023,SELL,8.473e-05,5899.40668216
9612497,2017-12-26T00:10:58.023,SELL,8.473e-05,6688.94658196
9612498,2017-12-26T00:10:58.023,SELL,8.473e-05,377.72946366
9612499,2017-12-26T00:10:58.023,SELL,8.47e-05,175.74528849
9612500,2017-12-26T00:10:58.023,SELL,8.47e-05,311.43675639
9612501,2017-12-26T00:10:58.023,SELL,8.47e-05,561.84189699
9612502,2017-12-26T00:10:58.023,SELL,8.47e-05,70.03623662
9612503,2017-12-26T00:10:58.023,SELL,8.47e-05,326.14873089
9612504,2017-12-26T00:10:58.023,SELL,8.47e-05,107.35875776
9612505,2017-12-26T00:10:58.023,SELL,8.47e-05,75.67121158
9612506,2017-12-26T00:10:58.023,SELL,8.466e-05,132.66503007
9612507,2017-12-26T00:10:58.023,SELL,8.466e-05,1005.7449101
9612508,2017-12-26T00:10:58.023,SELL,8.44e-05,558.42494561
9612509,2017-12-26T00:10:58.023,SELL,8.44e-05,695.95088109
9612510,2017-12-26T00:10:58.023,SELL,8.425e-05,1553.83294828
9612515,2017-12-26T00:10:58.43,BUY,8.5e-05,4429.5361596
9612523,2017-12-26T00:10:58.693,SELL,8.499e-05,857.07298995
9612524,2017-12-26T00:10:58.693,SELL,8.49e-05,16.00016448
9612525,2017-12-26T00:10:58.693,SELL,8.489e-05,210.06759811
9612526,2017-12-26T00:10:58.693,SELL,8.481e-05,21.89126876
9612527,2017-12-26T00:10:58.693,SELL,8.47e-05,48.58338215
9612528,2017-12-26T00:10:58.693,SELL,8.47e-05,252.33963497
9612529,2017-12-26T00:10:58.693,SELL,8.47e-05,654.65424371
9612534,2017-12-26T00:10:58.913,BUY,8.5e-05,4211.48763311
9612535,2017-12-26T00:10:58.913,BUY,8.5e-05,1000.0
9612536,2017-12-26T00:10:58.913,BUY,8.5e-05,243.29268293
9612537,2017-12-26T00:10:58.913,BUY,8.5e-05,100.0
9612538,2017-12-26T00:10:58.913,BUY,8.5e-05,6.0
9612539,2017-12-26T00:10:58.913,BUY,8.5e-05,100.0
9612540,2017-12-26T00:10:58.913,BUY,8.5e-05,250.47620592
9612541,2017-12-26T00:10:58.913,BUY,8.5e-05,174.96275338
9612547,2017-12-26T00:10:59.193,BUY,8.498e-05,659.03777371
9612549,2017-12-26T00:10:59.273,SELL,8.481e-05,49.80699548
9612551,2017-12-26T00:10:59.32,BUY,8.498e-05,39.26157775
9612554,2017-12-26T00:10:59.443,BUY,8.498e-05,41.43215425
9612555,2017-12-26T00:10:59.443,BUY,8.5e-05,425.65140847
9612556,2017-12-26T00:10:59.443,BUY,8.5e-05,1582.86028354
9612558,2017-12-26T00:10:59.46,BUY,8.5e-05,6958.59066846
9612559,2017-12-26T00:10:59.46,BUY,8.5e-05,320.0
9612560,2017-12-26T00:10:59.46,BUY,8.5e-05,411.27964604
9612561,2017-12-26T00:10:59.46,BUY,8.5e-05,2563.15350495
9612562,2017-12-26T00:10:59.46,BUY,8.5e-05,27.81957535
9612563,2017-12-26T00:10:59.46,BUY,8.5e-05,234.21313551
9612564,2017-12-26T00:10:59.46,BUY,8.5e-05,213.43746656
9612565,2017-12-26T00:10:59.46,BUY,8.5e-05,25.80114164
9612566,2017-12-26T00:10:59.46,BUY,8.5e-05,12.0
9612567,2017-12-26T00:10:59.46,BUY,8.5e-05,66.0
9612568,2017-12-26T00:10:59.46,BUY,8.5e-05,100.0
9612569,2017-12-26T00:10:59.46,BUY,8.5e-05,657.75503844
9612570,2017-12-26T00:10:59.46,BUY,8.5e-05,29.40747546
9612571,2017-12-26T00:10:59.46,BUY,8.5e-05,214.53727848
9612572,2017-12-26T00:10:59.46,BUY,8.5e-05,26.35046113
9612573,2017-12-26T00:10:59.46,BUY,8.5e-05,83.01452962
9612574,2017-12-26T00:10:59.46,BUY,8.5e-05,2706.26148376
9612575,2017-12-26T00:10:59.46,BUY,8.5e-05,248.07809031
9612576,2017-12-26T00:10:59.46,BUY,8.5e-05,1024.88545368
9612578,2017-12-26T00:10:59.537,BUY,8.5e-05,636.32517016
9612579,2017-12-26T00:10:59.537,BUY,8.502e-05,229.36307197
9612580,2017-12-26T00:10:59.537,BUY,8.502e-05,49.85622086
9612581,2017-12-26T00:10:59.537,BUY,8.502e-05,849.9229842
9612582,2017-12-26T00:10:59.537,BUY,8.503e-05,1769.82077818
9612592,2017-12-26T00:11:00.727,SELL,8.503e-05,565.42424482
9612594,2017-12-26T00:11:00.74,SELL,8.503e-05,150.0
9612598,2017-12-26T00:11:00.85,BUY,8.505e-05,49.5898408
9612601,2017-12-26T00:11:01.007,SELL,8.503e-05,264.64091729
9612614,2017-12-26T00:11:01.553,SELL,8.503e-05,2009.49051497
9612631,2017-12-26T00:11:02.1,BUY,8.505e-05,109.80442978
9612632,2017-12-26T00:11:02.133,SELL,8.504e-05,112.38336975
9612633,2017-12-26T00:11:02.133,SELL,8.503e-05,1226.81890233
9612637,2017-12-26T00:11:02.35,BUY,8.505e-05,3967.12409118
9612640,2017-12-26T00:11:02.633,BUY,8.505e-05,558.78071411
9612642,2017-12-26T00:11:02.85,BUY,8.505e-05,186.43749166
9612645,2017-12-26T00:11:03.163,SELL,8.505e-05,143.00563864
9612648,2017-12-26T00:11:03.18,BUY,8.513e-05,30.0
9612657,2017-12-26T00:11:04.04,SELL,8.513e-05,92.63061134
9612658,2017-12-26T00:11:04.04,SELL,8.505e-05,1239.55996068
9612935,2017-12-26T00:11:15.46,SELL,8.47e-05,100.0
9612936,2017-12-26T00:11:15.46,SELL,8.47e-05,3538.00999272
9612937,2017-12-26T00:11:15.46,SELL,8.47e-05,156.71729766
9612938,2017-12-26T00:11:15.46,SELL,8.466e-05,1197.84580599
9612939,2017-12-26T00:11:15.46,SELL,8.449e-05,129.17502078
9612940,2017-12-26T00:11:15.46,SELL,8.44e-05,407.46687782
9612941,2017-12-26T00:11:15.46,SELL,8.425e-05,3742.17316605
9612942,2017-12-26T00:11:15.46,SELL,8.425e-05,225.09549971
9612943,2017-12-26T00:11:15.46,SELL,8.425e-05,968.45020978
9612944,2017-12-26T00:11:15.46,SELL,8.41e-05,83.58105924
9612945,2017-12-26T00:11:15.46,SELL,8.41e-05,127.991555
9612946,2017-12-26T00:11:15.46,SELL,8.41e-05,80.4700496
9612947,2017-12-26T00:11:15.46,SELL,8.4e-05,84.02826267
9612948,2017-12-26T00:11:15.46,SELL,8.4e-05,39.69599809
9612949,2017-12-26T00:11:15.46,SELL,8.4e-05,929.7856549
9612950,2017-12-26T00:11:15.54,SELL,8.392e-05,99.34335997
9612951,2017-12-26T00:11:15.54,SELL,8.392e-05,12.09916105
9612952,2017-12-26T00:11:15.54,SELL,8.392e-05,510.16231066
9612954,2017-12-26T00:11:15.54,BUY,8.4e-05,1653.00621346
9612956,2017-12-26T00:11:15.853,BUY,8.4e-05,1179.93355822
9612958,2017-12-26T00:11:15.883,BUY,8.4e-05,1535.64166732
9612960,2017-12-26T00:11:15.9,BUY,8.4e-05,17.60357
9612962,2017-12-26T00:11:15.93,BUY,8.4e-05,100.0
9612964,2017-12-26T00:11:15.96,BUY,8.4e-05,1447.30348179
9612965,2017-12-26T00:11:15.96,BUY,8.494e-05,549.90093706
9612967,2017-12-26T00:11:15.96,BUY,8.494e-05,69.97406834
9612969,2017-12-26T00:11:16.023,BUY,8.494e-05,140.62539125
9612971,2017-12-26T00:11:16.43,BUY,8.47e-05,379.2253579
9612972,2017-12-26T00:11:16.43,BUY,8.494e-05,287.24380135
9612974,2017-12-26T00:11:16.62,SELL,8.392e-05,233.73278265
9612978,2017-12-26T00:11:17.727,BUY,8.473e-05,252.59082316
9612980,2017-12-26T00:11:17.87,BUY,8.473e-05,4269.0035243
9612981,2017-12-26T00:11:17.87,BUY,8.494e-05,1866.13931627
9612983,2017-12-26T00:11:17.93,BUY,8.494e-05,109.66838198
9612985,2017-12-26T00:11:17.98,BUY,8.494e-05,850.44597807
9612988,2017-12-26T00:11:18.213,BUY,8.494e-05,466.35371881
9612989,2017-12-26T00:11:18.213,BUY,8.498e-05,276.88166331
9612991,2017-12-26T00:11:18.273,SELL,8.425e-05,149.66252025
9612992,2017-12-26T00:11:18.273,SELL,8.392e-05,811.54512069
9612994,2017-12-26T00:11:18.353,BUY,8.498e-05,407.3135704
9612995,2017-12-26T00:11:18.353,BUY,8.5e-05,601.80364831
9612997,2017-12-26T00:11:18.917,SELL,8.392e-05,1494.41551813
9612998,2017-12-26T00:11:19.197,SELL,8.392e-05,102.57788829
9612999,2017-12-26T00:11:19.197,SELL,8.392e-05,100.0
9613000,2017-12-26T00:11:19.197,SELL,8.392e-05,441.0758138
9613001,2017-12-26T00:11:19.197,SELL,8.392e-05,305.09149775
9613003,2017-12-26T00:11:19.62,SELL,8.392e-05,53.10968078
9613005,2017-12-26T00:11:19.76,BUY,8.412e-05,1101.62303543
9613007,2017-12-26T00:11:19.9,BUY,8.412e-05,298.68069967
9613008,2017-12-26T00:11:20.04,SELL,8.392e-05,112.32353282
9613010,2017-12-26T00:11:20.12,BUY,8.412e-05,163.88092656
9613011,2017-12-26T00:11:20.12,BUY,8.46e-05,897.004508
9613012,2017-12-26T00:11:20.133,SELL,8.392e-05,39.26157775
9613014,2017-12-26T00:11:20.243,SELL,8.392e-05,485.41125089
9613015,2017-12-26T00:11:20.243,SELL,8.356e-05,520.40678251
9613016,2017-12-26T00:11:20.243,SELL,8.318e-05,309.97800041
9613017,2017-12-26T00:11:20.243,SELL,8.304e-05,24.08477842
9613018,2017-12-26T00:11:20.243,SELL,8.302e-05,272.82009486
9613019,2017-12-26T00:11:20.243,SELL,8.302e-05,47.23351822
9613020,2017-12-26T00:11:20.243,SELL,8.25e-05,25.77459381
9613021,2017-12-26T00:11:20.243,SELL,8.21e-05,1058.30235616
9613022,2017-12-26T00:11:20.243,SELL,8.2e-05,41.11654429
9613024,2017-12-26T00:11:20.337,SELL,8.2e-05,104.74501246
9613026,2017-12-26T00:11:20.383,BUY,8.46e-05,58.84185343
9613028,2017-12-26T00:11:20.447,BUY,8.46e-05,23.84134989
9613030,2017-12-26T00:11:20.98,SELL,8.425e-05,95.48851905
9613032,2017-12-26T00:11:21.133,BUY,8.392e-05,81.73299309
9613034,2017-12-26T00:11:21.197,BUY,8.392e-05,313.82138063
9613035,2017-12-26T00:11:21.197,BUY,8.46e-05,432.44093626
9613037,2017-12-26T00:11:21.307,BUY,8.46e-05,273.43825508
9613040,2017-12-26T00:11:22.463,SELL,8.392e-05,153.83610506
9613041,2017-12-26T00:11:22.463,SELL,8.392e-05,35.16604505
9613042,2017-12-26T00:11:22.62,SELL,8.392e-05,200.26967451
9613043,2017-12-26T00:11:22.777,SELL,8.2e-05,53.09834513
9613046,2017-12-26T00:11:23.43,BUY,8.392e-05,20.47280996
9613049,2017-12-26T00:11:23.493,SELL,8.392e-05,54.19966043
9613050,2017-12-26T00:11:23.493,SELL,8.392e-05,139.81484563
9613051,2017-12-26T00:11:23.493,SELL,8.392e-05,193.54122559
9613053,2017-12-26T00:11:23.54,BUY,8.304e-05,65.68813904
9613054,2017-12-26T00:11:24.23,SELL,8.2e-05,1148.411596
9613056,2017-12-26T00:11:24.51,SELL,8.2e-05,112.32353282
9613058,2017-12-26T00:11:24.573,BUY,8.304e-05,2192.93184193
9613059,2017-12-26T00:11:24.573,BUY,8.304e-05,179.47157278
9613060,2017-12-26T00:11:24.573,BUY,8.456e-05,5632.7680624
9613061,2017-12-26T00:11:24.573,BUY,8.494e-05,2457.31854208
9613062,2017-12-26T00:11:24.573,BUY,8.494e-05,331.5234375
9613063,2017-12-26T00:11:24.573,BUY,8.5e-05,11645.52210437
9613064,2017-12-26T00:11:24.573,BUY,8.5e-05,311.67264825
9613068,2017-12-26T00:11:24.947,SELL,8.5e-05,663.36744132
9613070,2017-12-26T00:11:25.12,SELL,8.5e-05,198.37595074
9613071,2017-12-26T00:11:25.277,SELL,8.5e-05,2587.32464463
9613073,2017-12-26T00:11:25.307,SELL,8.5e-05,626.6760496
9613076,2017-12-26T00:11:25.76,SELL,8.5e-05,207.38751866
9613078,2017-12-26T00:11:26.12,BUY,8.521e-05,30.0
9613083,2017-12-26T00:11:26.527,BUY,8.521e-05,189.70863538
9613085,2017-12-26T00:11:26.603,BUY,8.521e-05,1271.84443494
9613086,2017-12-26T00:11:26.603,BUY,8.594e-05,21.40919923
9613087,2017-12-26T00:11:26.603,BUY,8.6e-05,2598.86015113
9613088,2017-12-26T00:11:26.68,SELL,8.5e-05,1963.27239133
9613089,2017-12-26T00:11:26.68,SELL,8.5e-05,83.6133214
9613180,2017-12-26T00:11:34.137,BUY,8.5e-05,285.65492151
9613183,2017-12-26T00:11:34.26,BUY,8.5e-05,0.35654403
9613184,2017-12-26T00:11:34.26,BUY,8.5e-05,289.76937016
9613186,2017-12-26T00:11:34.277,BUY,8.5e-05,35.86207138
9613189,2017-12-26T00:11:34.433,SELL,8.392e-05,25.15167755
9613190,2017-12-26T00:11:34.433,SELL,8.392e-05,589.59215402
9613191,2017-12-26T00:11:34.433,SELL,8.392e-05,448.02067757
9613192,2017-12-26T00:11:34.433,SELL,8.392e-05,2555.91348131
9613193,2017-12-26T00:11:34.433,SELL,8.392e-05,120.56964357
9613194,2017-12-26T00:11:34.433,SELL,8.392e-05,1004.40628647
9613195,2017-12-26T00:11:34.433,SELL,8.392e-05,877.48532405
9613196,2017-12-26T00:11:34.65,SELL,8.392e-05,20.99664053
9613198,2017-12-26T00:11:34.887,SELL,8.392e-05,504.56951064
9613200,2017-12-26T00:11:34.917,BUY,8.392e-05,499.7022727
9613201,2017-12-26T00:11:34.917,BUY,8.392e-05,273.80396171
9613204,2017-12-26T00:11:34.997,BUY,8.392e-05,305.66730233
9613205,2017-12-26T00:11:35.027,SELL,8.304e-05,64.30868167
9613206,2017-12-26T00:11:35.027,SELL,8.304e-05,261.4379085
9613208,2017-12-26T00:11:35.2,BUY,8.392e-05,121.49238668
9613212,2017-12-26T00:11:35.417,BUY,8.392e-05,18.60842012
9613214,2017-12-26T00:11:35.607,BUY,8.392e-05,280.92803285
9613216,2017-12-26T00:11:35.683,BUY,8.392e-05,11.66354651
9613218,2017-12-26T00:11:35.76,BUY,8.392e-05,43.36983123
9613220,2017-12-26T00:11:36.027,BUY,8.392e-05,40.6590768
9613221,2017-12-26T00:11:36.15,SELL,8.304e-05,74.19851602
9613223,2017-12-26T00:11:36.26,BUY,8.392e-05,31.09468939
9613224,2017-12-26T00:11:36.417,SELL,8.304e-05,379.22690597
9613225,2017-12-26T00:11:36.433,SELL,8.25e-05,24.5191526
9613226,2017-12-26T00:11:36.433,SELL,8.201e-05,1784.46977338
9613228,2017-12-26T00:11:36.857,BUY,8.201e-05,56.63816928
9613231,2017-12-26T00:11:37.073,BUY,8.201e-05,50.05994117
9613233,2017-12-26T00:11:37.073,BUY,8.201e-05,1404.63220837
9613235,2017-12-26T00:11:37.2,BUY,8.201e-05,267.57794041
9613236,2017-12-26T00:11:37.2,BUY,8.392e-05,6.47355058
9613238,2017-12-26T00:11:37.34,BUY,8.392e-05,1631.88406486
9613240,2017-12-26T00:11:37.4,BUY,8.392e-05,74.57087143
9613242,2017-12-26T00:11:37.48,BUY,8.392e-05,64.26200941
9613243,2017-12-26T00:11:37.527,SELL,8.2e-05,451.94443438
9613246,2017-12-26T00:11:37.73,BUY,8.392e-05,960.93774144
9613248,2017-12-26T00:11:37.747,BUY,8.392e-05,373.10852281
9613250,2017-12-26T00:11:37.903,BUY,8.392e-05,269.71192134
9613251,2017-12-26T00:11:37.903,SELL,8.2e-05,1263.44875948
9613252,2017-12-26T00:11:37.903,SELL,8.2e-05,65.61389209
9613253,2017-12-26T00:11:37.903,SELL,8.2e-05,152.19354053
9613254,2017-12-26T00:11:37.903,SELL,8.2e-05,675.09835168
9613255,2017-12-26T00:11:37.903,SELL,8.2e-05,125.0
9613256,2017-12-26T00:11:38.01,SELL,8.15e-05,396.62273429
9613257,2017-12-26T00:11:38.01,SELL,8.15e-05,234.83034744
9613259,2017-12-26T00:11:38.01,BUY,8.15e-05,18.89594988
9613261,2017-12-26T00:11:38.01,BUY,8.15e-05,40.20275811
9613262,2017-12-26T00:11:38.137,SELL,8.147e-05,145.0673687
9613263,2017-12-26T00:11:38.137,SELL,8.147e-05,1788.13314081
9613265,2017-12-26T00:11:38.463,BUY,8.147e-05,12.27295042
9613271,2017-12-26T00:11:41.357,BUY,8.147e-05,175.96007371
9613276,2017-12-26T00:11:42.403,BUY,8.147e-05,99.89718268
9613278,2017-12-26T00:11:42.403,BUY,8.147e-05,455.76395046
9613280,2017-12-26T00:11:42.497,BUY,8.147e-05,200.0
9613282,2017-12-26T00:11:42.51,BUY,8.147e-05,94.67002179
9613285,2017-12-26T00:11:43.06,SELL,8.06e-05,23.45169906
9613287,2017-12-26T00:11:43.073,BUY,8.147e-05,3520.45075105
9613289,2017-12-26T00:11:43.107,BUY,8.147e-05,778.44961583
9613291,2017-12-26T00:11:43.387,BUY,8.147e-05,685.41109122
9613293,2017-12-26T00:11:43.403,BUY,8.147e-05,109.01562228
9613295,2017-12-26T00:11:43.42,BUY,8.147e-05,30.57529151
9613297,2017-12-26T00:11:43.42,BUY,8.147e-05,92.70264519
9613299,2017-12-26T00:11:43.433,BUY,8.147e-05,79.38071471
9613300,2017-12-26T00:11:43.433,BUY,8.15e-05,286.47294382
9613302,2017-12-26T00:11:43.87,BUY,8.15e-05,23.7160473
9613305,2017-12-26T00:11:43.903,BUY,8.15e-05,466.08585231
9613306,2017-12-26T00:11:43.95,SELL,8.147e-05,52.34231876
9613307,2017-12-26T00:11:44.2,SELL,8.147e-05,13.99972
9613309,2017-12-26T00:11:44.637,SELL,8.147e-05,185.08238668
9613310,2017-12-26T00:11:44.637,SELL,8.06e-05,382.38549761
9613311,2017-12-26T00:11:44.637,SELL,8.05e-05,282.97809378
9613313,2017-12-26T00:11:44.763,SELL,8.05e-05,11.54114026
9613314,2017-12-26T00:11:44.87,SELL,8.05e-05,305.48076596
9613315,2017-12-26T00:11:44.87,SELL,8.05e-05,29.01231393
9613316,2017-12-26T00:11:44.87,SELL,8.016e-05,551.31594666
9613317,2017-12-26T00:11:44.87,SELL,8.015e-05,200.0
9613318,2017-12-26T00:11:44.87,SELL,8.007e-05,350.61356561
9613319,2017-12-26T00:11:44.87,SELL,8.007e-05,333.75506819
9613320,2017-12-26T00:11:44.87,SELL,8e-05,149.68324807
9613321,2017-12-26T00:11:44.87,SELL,7.99e-05,503.47278753
9613322,2017-12-26T00:11:44.92,SELL,7.99e-05,120.74498469
9613323,2017-12-26T00:11:44.92,SELL,7.98e-05,189.53855961
9613324,2017-12-26T00:11:44.92,SELL,7.889e-05,25.35175561
9613325,2017-12-26T00:11:44.92,SELL,7.777e-05,1030.42781356
9613326,2017-12-26T00:11:44.92,SELL,7.776e-05,88.72608628
9613327,2017-12-26T00:11:45.153,SELL,7.776e-05,1072.04927083
9613329,2017-12-26T00:11:45.2,BUY,8.05e-05,156.4217891
9613334,2017-12-26T00:11:45.277,BUY,8.147e-05,156.4217891
9613340,2017-12-26T00:11:46.323,SELL,8.051e-05,82.38489603
9613342,2017-12-26T00:11:46.357,BUY,8e-05,2565.75206148
9613345,2017-12-26T00:11:46.387,BUY,8e-05,732.02151121
9613348,2017-12-26T00:11:46.857,BUY,8e-05,221.49298609
9613350,2017-12-26T00:11:46.92,BUY,8e-05,429.22693266
9613352,2017-12-26T00:11:46.95,BUY,8e-05,47.4365444
9613354,2017-12-26T00:11:47.45,BUY,8e-05,196.06791978
9613355,2017-12-26T00:11:47.48,SELL,7.783e-05,4425.72848166
9613358,2017-12-26T00:11:47.717,BUY,8e-05,2042.46619244
9613361,2017-12-26T00:11:48.357,BUY,8e-05,61.50065829
9613364,2017-12-26T00:11:48.73,BUY,8e-05,221.49437043
9613367,2017-12-26T00:11:49.137,BUY,8e-05,559.6811947
9613369,2017-12-26T00:11:49.73,SELL,7.87e-05,88.80291921
9613370,2017-12-26T00:11:49.857,SELL,7.87e-05,43.97085828
9613372,2017-12-26T00:11:49.873,BUY,7.999e-05,30.0
9613374,2017-12-26T00:11:50.56,BUY,7.999e-05,344.52317683
9613376,2017-12-26T00:11:51.153,BUY,7.999e-05,425.47682317
9613377,2017-12-26T00:11:51.153,BUY,8e-05,26.36436066
9613379,2017-12-26T00:11:51.217,BUY,8e-05,312.49027431
9613380,2017-12-26T00:11:51.327,SELL,7.87e-05,1579.31741772
9613384,2017-12-26T00:11:51.92,SELL,7.87e-05,261.17370738
9613385,2017-12-26T00:11:51.92,SELL,7.87e-05,81.11845532
9613386,2017-12-26T00:11:51.933,SELL,7.87e-05,632.01895368
9613389,2017-12-26T00:11:52.937,SELL,7.87e-05,139.09987956
9613392,2017-12-26T00:11:53.043,BUY,7.87e-05,427.78775258
9613393,2017-12-26T00:11:53.31,SELL,7.871e-05,2171.34545792
9613394,2017-12-26T00:11:53.31,SELL,7.786e-05,1685.07916174
9613399,2017-12-26T00:11:54.28,BUY,7.999e-05,170.12764962
9613402,2017-12-26T00:11:54.437,BUY,7.999e-05,160.67942643
9613403,2017-12-26T00:11:54.967,SELL,7.876e-05,49.5898408
9613405,2017-12-26T00:11:54.997,BUY,7.999e-05,658.57684622
9613407,2017-12-26T00:11:55.17,SELL,7.876e-05,95.60146652
9613409,2017-12-26T00:11:55.327,BUY,7.999e-05,1483.44084573
9613410,2017-12-26T00:11:55.717,SELL,7.876e-05,269.71192134
9613417,2017-12-26T00:11:57.59,BUY,7.95e-05,123.80680878
9613419,2017-12-26T00:11:58.39,SELL,7.877e-05,203.64372559
9613420,2017-12-26T00:11:58.45,SELL,7.877e-05,48.63406623
9613421,2017-12-26T00:11:58.64,SELL,7.877e-05,2206.4348862
9613422,2017-12-26T00:11:58.64,SELL,7.876e-05,105.07577296
9613426,2017-12-26T00:11:59.06,BUY,7.95e-05,909.15778437
9613427,2017-12-26T00:11:59.297,SELL,7.876e-05,515.50633355
9613428,2017-12-26T00:11:59.343,SELL,7.876e-05,109.86623809
9613430,2017-12-26T00:11:59.483,SELL,7.876e-05,1784.46977338
9613432,2017-12-26T00:11:59.89,SELL,7.88e-05,377.22459858
9613433,2017-12-26T00:11:59.89,SELL,7.876e-05,350.1700013
9613435,2017-12-26T00:12:00.14,BUY,7.95e-05,18.41168528
9613443,2017-12-26T00:12:01.39,BUY,7.877e-05,360.0
9613445,2017-12-26T00:12:02.013,SELL,7.878e-05,121.49238668
9613446,2017-12-26T00:12:02.297,SELL,7.878e-05,42.86331759
9613449,2017-12-26T00:12:02.64,BUY,7.95e-05,72.74827906
9613451,2017-12-26T00:12:02.75,SELL,7.878e-05,19.32500546
9613453,2017-12-26T00:12:02.763,BUY,7.95e-05,122.19172738
9613456,2017-12-26T00:12:03.14,BUY,7.95e-05,222.3232911
9613457,2017-12-26T00:12:03.14,BUY,7.998e-05,42.43174457
9613458,2017-12-26T00:12:03.14,BUY,7.999e-05,2010.7738113
9613459,2017-12-26T00:12:03.14,BUY,7.999e-05,248.84647883
9613460,2017-12-26T00:12:03.14,BUY,8e-05,140.2117434
9613461,2017-12-26T00:12:03.14,BUY,8e-05,539.93993795
9613462,2017-12-26T00:12:03.14,BUY,8.007e-05,25.35175561
9613467,2017-12-26T00:12:03.78,SELL,8.011e-05,4022.52396406
9613468,2017-12-26T00:12:04.17,SELL,8.011e-05,927.74981281
9613469,2017-12-26T00:12:04.17,SELL,7.876e-05,192.46249396
9613470,2017-12-26T00:12:04.327,SELL,7.876e-05,35.37896312
9613479,2017-12-26T00:12:05.077,SELL,8e-05,130.73604392
9613483,2017-12-26T00:12:05.407,BUY,8.146e-05,14.72934822
9613484,2017-12-26T00:12:05.513,SELL,8e-05,1072.40622065
9613485,2017-12-26T00:12:05.593,SELL,8e-05,13.99776035
9613486,2017-12-26T00:12:05.843,SELL,8e-05,39.18275958
9613488,2017-12-26T00:12:06.03,SELL,8e-05,109.0
9613489,2017-12-26T00:12:06.64,SELL,8e-05,73.25049048
9613490,2017-12-26T00:12:06.687,SELL,8e-05,16.00853788
9613492,2017-12-26T00:12:06.81,SELL,8e-05,400.26684456
9613494,2017-12-26T00:12:06.953,SELL,8e-05,139.97760358
9613501,2017-12-26T00:12:07.953,SELL,8e-05,139.93842709
9613506,2017-12-26T00:12:08.39,SELL,8e-05,197.34059509
9613514,2017-12-26T00:12:09.36,SELL,8e-05,77.71014116
9613515,2017-12-26T00:12:09.67,SELL,8e-05,482.90248126
9613516,2017-12-26T00:12:09.67,SELL,8e-05,103.89488778
9613517,2017-12-26T00:12:09.67,SELL,8e-05,117.03145978
9613518,2017-12-26T00:12:10.047,SELL,8e-05,136.07293508
9613521,2017-12-26T00:12:10.233,SELL,8e-05,223.80612035
9613522,2017-12-26T00:12:10.28,SELL,8e-05,21.98766649
9613523,2017-12-26T00:12:10.297,SELL,8e-05,643.95792802
9613525,2017-12-26T00:12:10.42,BUY,8e-05,568.17254976
9613527,2017-12-26T00:12:10.47,BUY,8e-05,1157.05175257
9613529,2017-12-26T00:12:10.61,BUY,8e-05,1150.25865241
9613531,2017-12-26T00:12:10.953,SELL,7.999e-05,69.09894969
9613532,2017-12-26T00:12:11.123,SELL,7.999e-05,196.39844547
9613533,2017-12-26T00:12:11.14,SELL,7.999e-05,83.98656215
9613535,2017-12-26T00:12:11.483,BUY,8e-05,1148.50605167
9613537,2017-12-26T00:12:11.89,SELL,7.999e-05,54.44399074
9613538,2017-12-26T00:12:11.937,SELL,7.999e-05,16.79731243
9613539,2017-12-26T00:12:12.14,SELL,7.999e-05,45.50583636
9613540,2017-12-26T00:12:12.14,SELL,7.951e-05,351.79253471
9613544,2017-12-26T00:12:12.343,BUY,8e-05,40.86499944
9613546,2017-12-26T00:12:12.407,BUY,8e-05,197.2744389
9613547,2017-12-26T00:12:12.483,SELL,7.951e-05,671.03722539
9613548,2017-12-26T00:12:12.483,SELL,7.95e-05,685.33833947
9613550,2017-12-26T00:12:13.157,SELL,7.95e-05,209.01371648
9613551,2017-12-26T00:12:13.157,SELL,7.95e-05,41.99328107
9613553,2017-12-26T00:12:13.233,SELL,7.95e-05,78.38014368
9613555,2017-12-26T00:12:13.593,BUY,8e-05,128.93194763
9613559,2017-12-26T00:12:13.733,BUY,8e-05,73.83952617
9613560,2017-12-26T00:12:13.767,SELL,7.95e-05,435.12043512
9613561,2017-12-26T00:12:13.983,SELL,7.95e-05,120.61342163
9613565,2017-12-26T00:12:15.157,SELL,7.951e-05,50.0
9613566,2017-12-26T00:12:15.157,SELL,7.882e-05,97.64556127
9613568,2017-12-26T00:12:15.157,BUY,7.99e-05,595.25967902
9613570,2017-12-26T00:12:15.173,BUY,7.99e-05,82.89128409
9613571,2017-12-26T00:12:15.173,SELL,7.882e-05,153.9322698
9613574,2017-12-26T00:12:15.203,BUY,7.99e-05,60.46795511
9613576,2017-12-26T00:12:15.22,BUY,7.99e-05,196.02605985
9613578,2017-12-26T00:12:15.22,BUY,7.99e-05,342.77226877
9613579,2017-12-26T00:12:15.5,SELL,7.882e-05,154.77130497
9613580,2017-12-26T00:12:15.5,SELL,7.878e-05,100.0
9613582,2017-12-26T00:12:16.813,SELL,7.876e-05,509.19087751
9613584,2017-12-26T00:12:17.173,BUY,7.949e-05,1281.44248531
9613585,2017-12-26T00:12:17.173,BUY,7.99e-05,2477.58482142
9613587,2017-12-26T00:12:17.33,SELL,7.878e-05,651.78935909
9613589,2017-12-26T00:12:17.563,BUY,7.99e-05,156.81683291
9613592,2017-12-26T00:12:17.907,SELL,7.878e-05,77.79074288
9613594,2017-12-26T00:12:18.297,SELL,7.878e-05,627.04114956
9613597,2017-12-26T00:12:18.593,BUY,7.989e-05,47.20476655
9613598,2017-12-26T00:12:18.657,SELL,7.878e-05,301.38288765
9613599,2017-12-26T00:12:18.673,SELL,7.876e-05,54.04839204
9613600,2017-12-26T00:12:18.673,SELL,7.876e-05,74.54419858
9613601,2017-12-26T00:12:18.673,SELL,7.876e-05,95.63913983
9613602,2017-12-26T00:12:18.673,SELL,7.876e-05,274.3853819
9613605,2017-12-26T00:12:19.08,BUY,7.878e-05,40.18122801
9613607,2017-12-26T00:12:19.313,BUY,7.987e-05,777.69248118
9613608,2017-12-26T00:12:19.313,BUY,7.989e-05,42.60314498
9613609,2017-12-26T00:12:19.58,SELL,7.95e-05,78.61
9613611,2017-12-26T00:12:20.157,BUY,7.989e-05,21.31711019
9613614,2017-12-26T00:12:20.673,SELL,7.95e-05,183.37409149
9613617,2017-12-26T00:12:21.127,BUY,7.99e-05,695.35897755
9613618,2017-12-26T00:12:21.14,SELL,7.989e-05,53.84743572
9613621,2017-12-26T00:12:21.953,SELL,7.989e-05,214.38174112
9613623,2017-12-26T00:12:22.14,SELL,7.989e-05,366.93751253
9613624,2017-12-26T00:12:22.14,SELL,7.989e-05,52.28669811
9613625,2017-12-26T00:12:22.14,SELL,7.989e-05,599.75805167
9613626,2017-12-26T00:12:22.14,SELL,7.95e-05,204.87236929
9613627,2017-12-26T00:12:22.283,SELL,7.878e-05,49.356282
9613628,2017-12-26T00:12:22.283,SELL,7.876e-05,286.83358692
9613629,2017-12-26T00:12:22.283,SELL,7.876e-05,109.82688023
9613630,2017-12-26T00:12:22.283,SELL,7.876e-05,186.40308826
9613631,2017-12-26T00:12:22.283,SELL,7.876e-05,12.16321816
9613632,2017-12-26T00:12:22.283,SELL,7.876e-05,28.619538
9613634,2017-12-26T00:12:22.97,BUY,7.876e-05,41.10159607
9613636,2017-12-26T00:12:23.173,SELL,7.9e-05,52.09048701
9613639,2017-12-26T00:12:23.22,BUY,7.876e-05,682.1594763
9613641,2017-12-26T00:12:23.25,BUY,7.876e-05,2169.18067331
9613643,2017-12-26T00:12:23.39,BUY,7.876e-05,113.6073933
9613644,2017-12-26T00:12:23.39,BUY,7.949e-05,339.86705574
9613647,2017-12-26T00:12:24.063,BUY,7.949e-05,47.49577487
9613649,2017-12-26T00:12:24.157,BUY,7.949e-05,2540.00428721
9613650,2017-12-26T00:12:24.157,BUY,7.949e-05,64.26200941
9613651,2017-12-26T00:12:24.157,BUY,7.99e-05,128.64888688
9613653,2017-12-26T00:12:24.22,BUY,7.99e-05,210.01418143
9613660,2017-12-26T00:12:26.657,BUY,7.876e-05,12.82557166
9613661,2017-12-26T00:12:26.657,BUY,7.876e-05,36.12426568
9613663,2017-12-26T00:12:27.5,SELL,7.876e-05,27.25909772
9613665,2017-12-26T00:12:27.72,BUY,7.948e-05,31.28911138
9613667,2017-12-26T00:12:28.063,BUY,7.948e-05,25.03128911
9613669,2017-12-26T00:12:28.44,BUY,7.948e-05,42.88340475
9613671,2017-12-26T00:12:28.563,SELL,7.876e-05,354.94122407
9613672,2017-12-26T00:12:28.563,SELL,7.876e-05,170.0
9613673,2017-12-26T00:12:28.563,SELL,7.876e-05,11.89015779
9613674,2017-12-26T00:12:28.563,SELL,7.87e-05,142.29077877
9613675,2017-12-26T00:12:28.563,SELL,7.87e-05,828.01737714
9613676,2017-12-26T00:12:28.563,SELL,7.84e-05,25.51020408
9613677,2017-12-26T00:12:28.563,SELL,7.777e-05,800.0
9613678,2017-12-26T00:12:28.563,SELL,7.776e-05,839.22464289
9613679,2017-12-26T00:12:28.563,SELL,7.683e-05,31.8877551
9613683,2017-12-26T00:12:29.393,BUY,7.683e-05,127.50160952
9613684,2017-12-26T00:12:29.393,BUY,7.776e-05,463.21424991
9613686,2017-12-26T00:12:29.61,BUY,7.776e-05,411.12580682
9613688,2017-12-26T00:12:30.22,BUY,7.776e-05,1533.58206486
9613690,2017-12-26T00:12:30.267,BUY,7.776e-05,125.20345561
9613693,2017-12-26T00:12:30.597,BUY,7.776e-05,25.03128911
9613695,2017-12-26T00:12:31.22,BUY,7.776e-05,627.13866148
9613698,2017-12-26T00:12:31.767,BUY,7.776e-05,143.72848757
9613699,2017-12-26T00:12:32.47,SELL,7.64e-05,300.0
9613700,2017-12-26T00:12:32.47,SELL,7.627e-05,40.29531614
9613701,2017-12-26T00:12:32.47,SELL,7.627e-05,470.20112364
9613702,2017-12-26T00:12:32.47,SELL,7.6e-05,534.4320777
9613703,2017-12-26T00:12:32.47,SELL,7.6e-05,4019.21827011
9613704,2017-12-26T00:12:32.47,SELL,7.6e-05,127.62698516
9613705,2017-12-26T00:12:32.47,SELL,7.576e-05,314.10491722
9613706,2017-12-26T00:12:32.47,SELL,7.55e-05,894.57670757
9613707,2017-12-26T00:12:32.47,SELL,7.529e-05,39.85969387
9613708,2017-12-26T00:12:32.47,SELL,7.5e-05,103.42365419
9613711,2017-12-26T00:12:33.237,BUY,7.5e-05,498.74583797
9613713,2017-12-26T00:12:33.66,BUY,7.5e-05,53.64812954
9613716,2017-12-26T00:12:34.503,BUY,7.5e-05,250.57819873
9613718,2017-12-26T00:12:34.753,BUY,7.5e-05,100.0
9613720,2017-12-26T00:12:34.783,BUY,7.5e-05,62.57822277
9613722,2017-12-26T00:12:35.393,BUY,7.5e-05,96.49568308
9613724,2017-12-26T00:12:35.643,BUY,7.5e-05,104.11376333
9613725,2017-12-26T00:12:36.533,SELL,7.388e-05,123.80680878
9613728,2017-12-26T00:12:37.13,BUY,7.499e-05,26.70659865
9613729,2017-12-26T00:12:37.13,BUY,7.5e-05,435.46836394
9613731,2017-12-26T00:12:37.753,BUY,7.499e-05,295.41719261
9613733,2017-12-26T00:12:37.893,SELL,7.388e-05,384.45353656
9613734,2017-12-26T00:12:37.893,SELL,7.387e-05,33.54117798
9613735,2017-12-26T00:12:37.893,SELL,7.387e-05,1087.88280757
9613738,2017-12-26T00:12:38.3,BUY,7.499e-05,899.52463221
9613739,2017-12-26T00:12:38.3,BUY,7.499e-05,82.89128409
9613740,2017-12-26T00:12:38.3,BUY,7.5e-05,6889.33896316
9613744,2017-12-26T00:12:39.533,SELL,7.389e-05,1476.6290435
9613746,2017-12-26T00:12:39.8,SELL,7.389e-05,13.9938427
9613749,2017-12-26T00:12:39.863,BUY,7.492e-05,13.73994058
9613750,2017-12-26T00:12:39.863,BUY,7.499e-05,1022.8297601
9613751,2017-12-26T00:12:40.05,SELL,7.499e-05,77.24070663
9613752,2017-12-26T00:12:40.05,SELL,7.389e-05,1092.40243046
9613753,2017-12-26T00:12:40.05,SELL,7.388e-05,68.57774351
9613754,2017-12-26T00:12:40.05,SELL,7.388e-05,3.14928449
9613757,2017-12-26T00:12:40.097,SELL,7.388e-05,14.62395543
9613759,2017-12-26T00:12:40.317,BUY,7.499e-05,109.66838198
9613760,2017-12-26T00:12:40.317,BUY,7.5e-05,394.67296575
9613761,2017-12-26T00:12:40.317,BUY,7.5e-05,40.86499944
9613764,2017-12-26T00:12:40.957,SELL,7.5e-05,11.65921125
9613768,2017-12-26T00:12:41.91,SELL,7.5e-05,134.37885217
9613769,2017-12-26T00:12:42.113,SELL,7.5e-05,305.2823673
9613770,2017-12-26T00:12:42.13,SELL,7.5e-05,207.1350462
9613772,2017-12-26T00:12:42.223,SELL,7.501e-05,398.94680709
9613773,2017-12-26T00:12:42.223,SELL,7.5e-05,741.80052004
9613774,2017-12-26T00:12:42.223,SELL,7.5e-05,212.34819617
9613775,2017-12-26T00:12:42.223,SELL,7.499e-05,17.40686965
9613776,2017-12-26T00:12:42.223,SELL,7.391e-05,2016.66041903
9613777,2017-12-26T00:12:42.223,SELL,7.388e-05,22.22013713
9613778,2017-12-26T00:12:42.223,SELL,7.388e-05,309.82843378
9613779,2017-12-26T00:12:42.223,SELL,7.387e-05,296.5960752
9613780,2017-12-26T00:12:42.237,SELL,7.387e-05,727.39459987
9613784,2017-12-26T00:12:42.457,SELL,7.501e-05,451.84118383
9613787,2017-12-26T00:12:42.753,SELL,7.501e-05,133.3559843
9613790,2017-12-26T00:12:42.88,SELL,7.501e-05,79.38088812
9613791,2017-12-26T00:12:42.88,SELL,7.501e-05,214.77569716
9613794,2017-12-26T00:12:42.957,SELL,7.501e-05,51.05552534
9613795,2017-12-26T00:12:42.957,SELL,7.501e-05,695.20679155
9613805,2017-12-26T00:12:43.317,SELL,7.501e-05,62.20033688
9613809,2017-12-26T00:12:43.94,SELL,7.501e-05,242.19587453
9613812,2017-12-26T00:12:44.41,SELL,7.501e-05,885.22036017
9613817,2017-12-26T00:12:45.037,SELL,7.502e-05,274.05149099
9613818,2017-12-26T00:12:45.113,SELL,7.502e-05,141.49089476
9613821,2017-12-26T00:12:45.88,SELL,7.502e-05,116.3157854
9613822,2017-12-26T00:12:45.88,SELL,7.501e-05,579.63509569
9613837,2017-12-26T00:12:46.38,SELL,7.504e-05,1328.62473347
9613838,2017-12-26T00:12:46.38,SELL,7.504e-05,1287.04084192
9613840,2017-12-26T00:12:46.457,SELL,7.504e-05,41.58389155
9613841,2017-12-26T00:12:46.457,SELL,7.504e-05,1003.89441469
9613848,2017-12-26T00:12:46.99,SELL,7.504e-05,152.35457063
9613852,2017-12-26T00:12:47.143,SELL,7.504e-05,55.74912891
9613855,2017-12-26T00:12:47.3,SELL,7.505e-05,531.64556962
9613856,2017-12-26T00:12:47.3,SELL,7.504e-05,844.81692177
9613859,2017-12-26T00:12:47.347,BUY,7.771e-05,664.57805625
9613860,2017-12-26T00:12:47.363,BUY,7.771e-05,70.46495611
9613861,2017-12-26T00:12:47.44,SELL,7.504e-05,48.99216125
9613862,2017-12-26T00:12:47.457,SELL,7.504e-05,119.56746006
9613865,2017-12-26T00:12:47.6,BUY,7.771e-05,200.99789107
9613866,2017-12-26T00:12:47.63,SELL,7.505e-05,517.9896402
9613868,2017-12-26T00:12:47.753,SELL,7.505e-05,13.65592942
9613869,2017-12-26T00:12:47.753,SELL,7.504e-05,60.18359675
9613870,2017-12-26T00:12:47.85,SELL,7.504e-05,31.09468939
9613874,2017-12-26T00:12:48.113,BUY,7.771e-05,41.86765455
9613876,2017-12-26T00:12:48.16,BUY,7.771e-05,571.88985844
9613877,2017-12-26T00:12:48.16,BUY,7.771e-05,60.42060445
9613879,2017-12-26T00:12:48.457,SELL,7.507e-05,148.89201653
9613884,2017-12-26T00:12:48.787,SELL,7.507e-05,525.4860746
9613886,2017-12-26T00:12:48.927,SELL,7.507e-05,441.0758138
9613888,2017-12-26T00:12:49.037,BUY,7.769e-05,259.83790744
9613889,2017-12-26T00:12:49.037,BUY,7.771e-05,205.41061805
9613890,2017-12-26T00:12:49.037,BUY,7.771e-05,704.04716841
9613895,2017-12-26T00:12:49.207,SELL,7.507e-05,696.37883008
9613903,2017-12-26T00:12:49.753,SELL,7.507e-05,14.74512006
9613904,2017-12-26T00:12:49.99,SELL,7.507e-05,21.3918996
9613906,2017-12-26T00:12:50.363,SELL,7.507e-05,167.92611251
9613907,2017-12-26T00:12:50.427,SELL,7.507e-05,63.1329738
9613908,2017-12-26T00:12:50.943,SELL,7.507e-05,88.0587058
9613913,2017-12-26T00:12:51.223,SELL,7.504e-05,139.932625
9613914,2017-12-26T00:12:51.27,SELL,7.504e-05,496.83012032
9613915,2017-12-26T00:12:51.27,SELL,7.504e-05,691.86198815
9613916,2017-12-26T00:12:51.27,SELL,7.5e-05,99.91900249
9613917,2017-12-26T00:12:51.27,SELL,7.499e-05,117.6323192
9613918,2017-12-26T00:12:51.27,SELL,7.388e-05,1381.19619653
9613919,2017-12-26T00:12:51.27,SELL,7.378e-05,49.82461734
9613921,2017-12-26T00:12:51.3,BUY,7.368e-05,398.57485348
9613923,2017-12-26T00:12:51.35,BUY,7.368e-05,398.57485348
9613925,2017-12-26T00:12:51.397,BUY,7.368e-05,1328.96561787
9613927,2017-12-26T00:12:51.457,BUY,7.368e-05,353.91640016
9613929,2017-12-26T00:12:51.55,SELL,7.508e-05,16.799664
9613930,2017-12-26T00:12:51.55,BUY,7.768e-05,822.34854795
9613931,2017-12-26T00:12:51.957,SELL,7.508e-05,27.85878932
9613935,2017-12-26T00:12:53.507,SELL,7.506e-05,5931.1303321
9613936,2017-12-26T00:12:53.6,SELL,7.506e-05,94.17920208
9613937,2017-12-26T00:12:53.647,SELL,7.506e-05,18.00554016
9613943,2017-12-26T00:12:54.787,SELL,7.6e-05,588.55359759
9613944,2017-12-26T00:12:54.91,SELL,7.6e-05,566.88763217
9613945,2017-12-26T00:12:55.037,SELL,7.6e-05,29.39529675
9613951,2017-12-26T00:12:55.973,SELL,7.6e-05,2120.63106724
9613952,2017-12-26T00:12:55.973,SELL,7.514e-05,152.31053322
9613953,2017-12-26T00:12:55.973,SELL,7.509e-05,466.78442693
9613954,2017-12-26T00:12:56.007,SELL,7.509e-05,3313.04639889
9613955,2017-12-26T00:12:56.053,SELL,7.509e-05,467.09678756
9613958,2017-12-26T00:12:56.223,BUY,7.768e-05,41.44646108
9613959,2017-12-26T00:12:56.287,SELL,7.509e-05,48.99902001
9613961,2017-12-26T00:12:56.99,SELL,7.509e-05,243.49286314
9613962,2017-12-26T00:12:57.1,SELL,7.509e-05,266.59696808
9613967,2017-12-26T00:12:57.49,BUY,7.677e-05,11.90047538
9613969,2017-12-26T00:12:57.91,BUY,7.677e-05,14.08285412
9613971,2017-12-26T00:12:58.07,BUY,7.677e-05,10.15369016
9613972,2017-12-26T00:12:58.07,BUY,7.677e-05,53.35996002
9613973,2017-12-26T00:12:58.07,BUY,7.677e-05,1063.08516773
9613975,2017-12-26T00:12:58.46,BUY,7.677e-05,265.53956574
9613976,2017-12-26T00:12:58.46,BUY,7.677e-05,319.11779211
9613977,2017-12-26T00:12:58.46,BUY,7.677e-05,696.37883008
9613978,2017-12-26T00:12:58.46,BUY,7.677e-05,998.60216474
9613980,2017-12-26T00:12:58.693,SELL,7.603e-05,20.77562326
9613982,2017-12-26T00:12:59.07,SELL,7.603e-05,39.69599809
9613983,2017-12-26T00:12:59.117,SELL,7.603e-05,139.93842709
9613984,2017-12-26T00:12:59.177,SELL,7.603e-05,1129.0844878
9613985,2017-12-26T00:12:59.177,SELL,7.6e-05,614.83113972
9613987,2017-12-26T00:12:59.85,SELL,7.509e-05,166.57852986
9613996,2017-12-26T00:13:01.583,BUY,7.598e-05,294.35621472
9613997,2017-12-26T00:13:01.693,SELL,7.51e-05,1453.24212826
9613998,2017-12-26T00:13:01.833,SELL,7.51e-05,70.73618024
9614000,2017-12-26T00:13:02.163,SELL,7.51e-05,161.28780863
9614003,2017-12-26T00:13:02.38,BUY,7.598e-05,758.56440659
9614004,2017-12-26T00:13:02.38,BUY,7.598e-05,485.94512021
9614005,2017-12-26T00:13:02.43,SELL,7.51e-05,85.76569567
9614006,2017-12-26T00:13:02.49,SELL,7.51e-05,52.29441756
9614007,2017-12-26T00:13:02.507,SELL,7.51e-05,106.3264221
9614011,2017-12-26T00:13:02.96,SELL,7.51e-05,13.99580125
9614013,2017-12-26T00:13:03.07,BUY,7.598e-05,188.43297092
9614014,2017-12-26T00:13:03.07,BUY,7.598e-05,1328.62473347
9614015,2017-12-26T00:13:03.07,BUY,7.598e-05,1328.62473347
9614016,2017-12-26T00:13:03.07,BUY,7.598e-05,579.63509569
9614017,2017-12-26T00:13:03.07,BUY,7.598e-05,441.0758138
9614018,2017-12-26T00:13:03.07,BUY,7.6e-05,306.02821874
9614019,2017-12-26T00:13:03.07,BUY,7.6e-05,398.57485348
9614020,2017-12-26T00:13:03.07,BUY,7.6e-05,531.64556962
9614021,2017-12-26T00:13:03.07,BUY,7.6e-05,531.64556962
9614022,2017-12-26T00:13:03.07,BUY,7.603e-05,236.23907394
9614023,2017-12-26T00:13:03.07,BUY,7.675e-05,4129.47336725
9614024,2017-12-26T00:13:03.07,SELL,7.51e-05,55.99888002
9614025,2017-12-26T00:13:03.083,SELL,7.51e-05,713.36047152
9614033,2017-12-26T00:13:04.443,BUY,7.598e-05,16.29652221
9614037,2017-12-26T00:13:04.943,SELL,7.514e-05,213.44947664
9614038,2017-12-26T00:13:05.037,SELL,7.514e-05,171.1618257
9614040,2017-12-26T00:13:05.147,SELL,7.514e-05,130.68478824
9614042,2017-12-26T00:13:05.303,SELL,7.514e-05,34.88630868
9614047,2017-12-26T00:13:05.82,BUY,7.598e-05,18.41168528
9614048,2017-12-26T00:13:05.897,SELL,7.514e-05,103.66722816
9614050,2017-12-26T00:13:05.96,BUY,7.596e-05,32.50364159
9614051,2017-12-26T00:13:06.367,SELL,7.514e-05,69.96921354
9614058,2017-12-26T00:13:07.43,BUY,7.598e-05,380.53512181
9614059,2017-12-26T00:13:07.43,BUY,7.598e-05,398.57485348
9614060,2017-12-26T00:13:07.43,BUY,7.598e-05,398.57485348
9614061,2017-12-26T00:13:07.43,BUY,7.598e-05,13.9275766
9614062,2017-12-26T00:13:07.43,BUY,7.598e-05,531.85817115
9614063,2017-12-26T00:13:07.43,BUY,7.598e-05,27.84377068
9614067,2017-12-26T00:13:07.803,BUY,7.598e-05,1214.00201541
9614076,2017-12-26T00:13:08.82,SELL,7.598e-05,946.96114617
9614078,2017-12-26T00:13:09.147,SELL,7.598e-05,78.25033403
9614080,2017-12-26T00:13:09.443,SELL,7.515e-05,86.63597161
9614081,2017-12-26T00:13:09.443,SELL,7.514e-05,443.56466991
9614082,2017-12-26T00:13:09.443,SELL,7.514e-05,156.46258322
9614083,2017-12-26T00:13:09.443,SELL,7.511e-05,463.61756887
9614092,2017-12-26T00:13:13.617,SELL,7.511e-05,92.89497187
9614101,2017-12-26T00:13:15.163,BUY,7.594e-05,100.0
9614102,2017-12-26T00:13:15.163,SELL,7.514e-05,32.63243226
9614104,2017-12-26T00:13:15.243,SELL,7.514e-05,398.48952329
9614105,2017-12-26T00:13:15.243,SELL,7.514e-05,15.41514858
9614106,2017-12-26T00:13:15.243,SELL,7.511e-05,144.45810547
9614107,2017-12-26T00:13:15.243,SELL,7.511e-05,1291.62044198
9614109,2017-12-26T00:13:15.913,SELL,7.511e-05,511.82637854
9614113,2017-12-26T00:13:16.4,BUY,7.591e-05,247.67194513
9614114,2017-12-26T00:13:16.4,BUY,7.594e-05,15.14537669
9614115,2017-12-26T00:13:16.4,BUY,7.594e-05,176.53741222
9614116,2017-12-26T00:13:16.413,SELL,7.515e-05,52.3505897
9614121,2017-12-26T00:13:16.79,SELL,7.515e-05,69.80147728
9614124,2017-12-26T00:13:17.633,BUY,7.592e-05,684.29702672
9614126,2017-12-26T00:13:17.79,SELL,7.515e-05,77.84793302
9614127,2017-12-26T00:13:17.79,SELL,7.511e-05,89.81083144
9614130,2017-12-26T00:13:19.023,SELL,7.511e-05,119.56746005
9614135,2017-12-26T00:13:20.023,BUY,7.592e-05,39.52181424
9614136,2017-12-26T00:13:20.023,BUY,7.594e-05,1476.46880124
9614137,2017-12-26T00:13:20.023,BUY,7.598e-05,1007.98511395
9614138,2017-12-26T00:13:20.023,BUY,7.6e-05,324.55160295
9614139,2017-12-26T00:13:20.023,BUY,7.674e-05,800.0
9614140,2017-12-26T00:13:20.023,BUY,7.675e-05,661.23555464
9614143,2017-12-26T00:13:20.493,SELL,7.515e-05,50.0
9614144,2017-12-26T00:13:20.493,SELL,7.515e-05,36.33715445
9614145,2017-12-26T00:13:20.493,SELL,7.511e-05,177.90217043
9614146,2017-12-26T00:13:20.493,SELL,7.511e-05,683.92953659
9614153,2017-12-26T00:13:22.32,SELL,7.514e-05,453.47444904
9614156,2017-12-26T00:13:23.15,SELL,7.514e-05,20.60000428
9614168,2017-12-26T00:13:26.447,SELL,7.515e-05,188.28622561
9614169,2017-12-26T00:13:26.463,SELL,7.515e-05,1006.60134938
9614173,2017-12-26T00:13:26.947,SELL,7.515e-05,1311.41803694
9614174,2017-12-26T00:13:26.947,SELL,7.514e-05,164.29117108
9614175,2017-12-26T00:13:26.947,SELL,7.514e-05,7.73163771
9614176,2017-12-26T00:13:27.023,SELL,7.514e-05,273.43825508
9614180,2017-12-26T00:13:27.773,SELL,7.515e-05,673.70033743
9614183,2017-12-26T00:13:27.993,BUY,7.591e-05,126.24982185
9614186,2017-12-26T00:13:28.477,BUY,7.591e-05,224.28976256
9614187,2017-12-26T00:13:28.603,SELL,7.515e-05,1679.135452
9614196,2017-12-26T00:13:29.9,BUY,7.591e-05,1194.23118959
9614198,2017-12-26T00:13:30.087,SELL,7.521e-05,39.69694214
9614201,2017-12-26T00:13:30.65,BUY,7.591e-05,32.92939936
9614204,2017-12-26T00:13:31.01,BUY,7.591e-05,280.52099135
9614205,2017-12-26T00:13:31.027,SELL,7.521e-05,685.41109122
9614206,2017-12-26T00:13:31.243,SELL,7.521e-05,179.88357058
9614207,2017-12-26T00:13:31.65,SELL,7.521e-05,12.09916105
9614209,2017-12-26T00:13:31.65,BUY,7.591e-05,158.43925432
9614210,2017-12-26T00:13:31.807,SELL,7.591e-05,187.75585598
9614211,2017-12-26T00:13:31.807,SELL,7.521e-05,98.3328102
9614217,2017-12-26T00:13:33.197,SELL,7.521e-05,126.44320447
9614218,2017-12-26T00:13:33.197,SELL,7.518e-05,346.29421011
9614227,2017-12-26T00:13:34.9,BUY,7.591e-05,239.16417624
9614229,2017-12-26T00:13:34.917,BUY,7.591e-05,227.0669206
9614238,2017-12-26T00:13:36.947,SELL,7.591e-05,29.87036995
9614240,2017-12-26T00:13:37.73,BUY,7.591e-05,42.52511835
9614253,2017-12-26T00:13:39.76,BUY,7.591e-05,854.50398234
9614257,2017-12-26T00:13:40.667,BUY,7.591e-05,244.29839281
9614261,2017-12-26T00:13:41.15,SELL,7.589e-05,365.36818804
9614263,2017-12-26T00:13:41.213,BUY,7.591e-05,14.72934821
9614265,2017-12-26T00:13:41.683,BUY,7.591e-05,25.56158983
9614268,2017-12-26T00:13:41.777,BUY,7.591e-05,492.49407426
9614271,2017-12-26T00:13:42.137,SELL,7.589e-05,139.27576601
9614274,2017-12-26T00:13:42.95,BUY,7.591e-05,930.90871954
9614276,2017-12-26T00:13:43.057,BUY,7.591e-05,199.50532048
9614280,2017-12-26T00:13:43.997,BUY,7.591e-05,259.72560365
9614284,2017-12-26T00:13:44.667,BUY,7.591e-05,65.86747464
9614286,2017-12-26T00:13:44.9,SELL,7.589e-05,161.00698366
9614289,2017-12-26T00:13:45.15,BUY,7.591e-05,679.30779033
9614292,2017-12-26T00:13:45.933,BUY,7.591e-05,765.86629198
9614293,2017-12-26T00:13:45.95,SELL,7.589e-05,2062.01226283
9614296,2017-12-26T00:13:46.23,BUY,7.591e-05,11.49425287
9614300,2017-12-26T00:13:46.34,BUY,7.591e-05,264.98921974
9614307,2017-12-26T00:13:47.247,BUY,7.591e-05,525.36502243
9614311,2017-12-26T00:13:48.01,BUY,7.591e-05,1209.64575783
9614312,2017-12-26T00:13:48.01,BUY,7.591e-05,1126.59881791
9614313,2017-12-26T00:13:48.01,BUY,7.591e-05,175.96007371
9614314,2017-12-26T00:13:48.01,BUY,7.591e-05,94.67002179
9614315,2017-12-26T00:13:48.01,BUY,7.594e-05,12437.21424025
9614319,2017-12-26T00:13:48.463,SELL,7.591e-05,100.0
9614321,2017-12-26T00:13:48.777,BUY,7.591e-05,106.37071813
9614323,2017-12-26T00:13:49.34,SELL,7.589e-05,32.436306
9614324,2017-12-26T00:13:49.7,SELL,7.589e-05,17.21703686
9614328,2017-12-26T00:13:50.31,BUY,7.591e-05,328.51608299
9614330,2017-12-26T00:13:50.37,BUY,7.591e-05,210.23544419
9614332,2017-12-26T00:13:50.497,BUY,7.591e-05,260.62266479
9614334,2017-12-26T00:13:51.23,SELL,7.591e-05,904.48151496
9614339,2017-12-26T00:13:51.777,SELL,7.594e-05,24.85044727
9614340,2017-12-26T00:13:51.81,SELL,7.594e-05,631.4859005
9614341,2017-12-26T00:13:51.81,SELL,7.591e-05,666.28871506
9614343,2017-12-26T00:13:52.293,SELL,7.591e-05,144.92753623
9614349,2017-12-26T00:13:54.263,SELL,7.591e-05,142.29077877
9614352,2017-12-26T00:13:54.59,SELL,7.591e-05,112.98496586
9614358,2017-12-26T00:13:55.81,SELL,7.591e-05,43.33835998
9614363,2017-12-26T00:13:56.48,SELL,7.592e-05,25.77459381
9614367,2017-12-26T00:13:57.59,BUY,7.679e-05,18.39423966
9614369,2017-12-26T00:13:58.09,SELL,7.594e-05,308.61820448
9614371,2017-12-26T00:13:58.2,SELL,7.594e-05,109.80442978
9614373,2017-12-26T00:13:58.357,BUY,7.679e-05,128.68803073
9614374,2017-12-26T00:13:58.357,BUY,7.679e-05,107.60195793
9614376,2017-12-26T00:13:58.637,SELL,7.594e-05,62.75330108
9614379,2017-12-26T00:13:58.967,BUY,7.678e-05,286.47455826
9614380,2017-12-26T00:13:58.967,BUY,7.679e-05,3430.40803479
9614382,2017-12-26T00:13:59.107,SELL,7.679e-05,74.3936799
9614383,2017-12-26T00:13:59.107,SELL,7.594e-05,782.67931005
9614390,2017-12-26T00:14:00.123,SELL,7.594e-05,1397.67311956
9614398,2017-12-26T00:14:00.997,SELL,7.595e-05,27.99944001
9614409,2017-12-26T00:14:02.747,SELL,7.595e-05,1392.00055999
9614410,2017-12-26T00:14:02.747,SELL,7.595e-05,3329.10654846
9614414,2017-12-26T00:14:03.31,SELL,7.597e-05,24.85044728
9614415,2017-12-26T00:14:03.543,SELL,7.597e-05,1948.84017807
9614416,2017-12-26T00:14:03.543,SELL,7.595e-05,2878.67857333
9614417,2017-12-26T00:14:03.543,SELL,7.595e-05,320.0
9614418,2017-12-26T00:14:03.543,SELL,7.594e-05,4018.7081486
9614423,2017-12-26T00:14:04.607,SELL,7.594e-05,27.99944001
9614426,2017-12-26T00:14:05.043,BUY,7.755e-05,1252.60615245
9614427,2017-12-26T00:14:05.043,BUY,7.755e-05,24.18857896
9614429,2017-12-26T00:14:05.577,SELL,7.599e-05,35.86207138
9614433,2017-12-26T00:14:05.687,BUY,7.755e-05,1395.81142104
9614434,2017-12-26T00:14:05.687,BUY,7.755e-05,273.5965738
9614436,2017-12-26T00:14:05.797,BUY,7.755e-05,31.20042138
9614439,2017-12-26T00:14:06.357,SELL,7.6e-05,84.02826267
9614454,2017-12-26T00:14:09.843,BUY,7.755e-05,86.84918853
9614457,2017-12-26T00:14:10.327,SELL,7.6e-05,186.40308825
9614467,2017-12-26T00:14:12.56,SELL,7.601e-05,23.84134989
9614474,2017-12-26T00:14:14.547,SELL,7.602e-05,77.7855414
9614475,2017-12-26T00:14:14.547,SELL,7.602e-05,156.91380972
9614483,2017-12-26T00:14:15.873,SELL,7.602e-05,317.52379357
9614487,2017-12-26T00:14:16.093,BUY,7.752e-05,443.56466991
9614488,2017-12-26T00:14:16.093,BUY,7.754e-05,3520.45075105
9614489,2017-12-26T00:14:16.093,BUY,7.754e-05,2837.9197899
9614496,2017-12-26T00:14:17.547,BUY,7.754e-05,220.83789751
9614502,2017-12-26T00:14:19.733,SELL,7.602e-05,313.5351772
9614503,2017-12-26T00:14:19.733,SELL,7.601e-05,39.75049276
9614504,2017-12-26T00:14:19.733,SELL,7.601e-05,187.13799634
9614505,2017-12-26T00:14:19.733,SELL,7.601e-05,217.51278952
9614506,2017-12-26T00:14:19.733,SELL,7.601e-05,1521.70189685
9614509,2017-12-26T00:14:21.623,BUY,7.749e-05,312.69606762
9614512,2017-12-26T00:14:22.17,SELL,7.601e-05,21.89126875
9614519,2017-12-26T00:14:24.08,BUY,7.749e-05,1006.02953558
9614525,2017-12-26T00:14:24.97,BUY,7.748e-05,33.0
9614526,2017-12-26T00:14:25.173,SELL,7.676e-05,14.36620635
9614527,2017-12-26T00:14:25.173,SELL,7.601e-05,1382.63802658
9614528,2017-12-26T00:14:25.173,SELL,7.601e-05,842.20926268
9614530,2017-12-26T00:14:26.343,SELL,7.601e-05,376.34062238
9614531,2017-12-26T00:14:26.343,SELL,7.6e-05,2599.70506158
9614532,2017-12-26T00:14:26.343,SELL,7.6e-05,2310.84394277
9614533,2017-12-26T00:14:26.343,SELL,7.6e-05,677.08741304
9614534,2017-12-26T00:14:26.343,SELL,7.6e-05,197.10841786
9614535,2017-12-26T00:14:26.343,SELL,7.6e-05,573.8086363
9614536,2017-12-26T00:14:26.343,SELL,7.6e-05,1267.49035306
9614544,2017-12-26T00:14:28.44,BUY,7.748e-05,19.35733643
9614548,2017-12-26T00:14:28.72,BUY,7.748e-05,23.22880371
9614550,2017-12-26T00:14:29.157,SELL,7.65e-05,20.0
9614553,2017-12-26T00:14:30.063,BUY,7.676e-05,12.90489095
9614560,2017-12-26T00:14:31.72,BUY,7.676e-05,45.16711833
9614566,2017-12-26T00:14:33.063,SELL,7.65e-05,8.5
9614567,2017-12-26T00:14:33.063,SELL,7.605e-05,1538.7616429
9614568,2017-12-26T00:14:33.063,SELL,7.605e-05,846.3790765
9614569,2017-12-26T00:14:33.533,SELL,7.605e-05,16.00016449
9614578,2017-12-26T00:14:35.487,BUY,7.676e-05,3338.1710799
9614582,2017-12-26T00:14:35.72,BUY,7.676e-05,410.74124599
9614584,2017-12-26T00:14:36.157,BUY,7.676e-05,143.30380406
9614586,2017-12-26T00:14:36.22,BUY,7.676e-05,770.81896923
9614590,2017-12-26T00:14:36.813,BUY,7.747e-05,19.35733643
9614591,2017-12-26T00:14:36.97,SELL,7.676e-05,210.23544419
9614607,2017-12-26T00:14:40.267,SELL,7.676e-05,1974.86844228
9614611,2017-12-26T00:14:40.563,SELL,7.676e-05,131.40561191
9614613,2017-12-26T00:14:40.66,BUY,7.676e-05,130.27618551
9614614,2017-12-26T00:14:40.86,SELL,7.605e-05,1720.22729893
9614617,2017-12-26T00:14:40.877,BUY,7.676e-05,186.29494528
9614620,2017-12-26T00:14:41.767,BUY,7.676e-05,14.19821989
9614621,2017-12-26T00:14:41.767,BUY,7.746e-05,2084.83572358
9614630,2017-12-26T00:14:44.11,BUY,7.675e-05,454.66388744
9614632,2017-12-26T00:14:44.317,BUY,7.675e-05,52.11726384
9614635,2017-12-26T00:14:44.8,SELL,7.607e-05,1034.52735028
9614638,2017-12-26T00:14:45.003,BUY,7.675e-05,78.1657113
9614644,2017-12-26T00:14:46.753,BUY,7.675e-05,157.51250504
9614646,2017-12-26T00:14:47.02,BUY,7.675e-05,15.48986704
9614649,2017-12-26T00:14:47.613,BUY,7.675e-05,742.05076534
9614650,2017-12-26T00:14:47.613,BUY,7.675e-05,1034.52735028
9614651,2017-12-26T00:14:47.613,BUY,7.676e-05,1997.20441884
9614652,2017-12-26T00:14:47.613,BUY,7.676e-05,1118.27250738
9614656,2017-12-26T00:14:48.47,BUY,7.676e-05,749.5757077
9614660,2017-12-26T00:14:49.41,BUY,7.676e-05,98.41597915
9614664,2017-12-26T00:14:49.88,SELL,7.607e-05,96.49568308
9614669,2017-12-26T00:14:50.847,SELL,7.607e-05,34.23994827
9614671,2017-12-26T00:14:50.94,BUY,7.676e-05,33.73580577
9614672,2017-12-26T00:14:50.94,BUY,7.744e-05,659.61030208
9614673,2017-12-26T00:14:50.94,BUY,7.745e-05,925.34499838
9614675,2017-12-26T00:14:51.113,SELL,7.676e-05,409.70532915
9614677,2017-12-26T00:14:51.393,SELL,7.676e-05,569.8005698
9614681,2017-12-26T00:14:51.66,BUY,7.745e-05,38.72466761
9614682,2017-12-26T00:14:51.69,SELL,7.676e-05,1720.32958269
9614684,2017-12-26T00:14:53.05,BUY,7.674e-05,364.52838587
9614685,2017-12-26T00:14:53.253,SELL,7.607e-05,11.69413198
9614686,2017-12-26T00:14:53.253,SELL,7.607e-05,19.2915984
9614688,2017-12-26T00:14:53.487,BUY,7.674e-05,2083.79351296
9614690,2017-12-26T00:14:53.91,SELL,7.607e-05,260.7508989
9614691,2017-12-26T00:14:53.927,SELL,7.607e-05,65.72985178
9614692,2017-12-26T00:14:53.927,SELL,7.607e-05,481.86268258
9614693,2017-12-26T00:14:53.927,SELL,7.605e-05,89.01030063
9614697,2017-12-26T00:14:54.863,BUY,7.674e-05,960.0
9614699,2017-12-26T00:14:56.27,SELL,7.608e-05,104.11376333
9614705,2017-12-26T00:14:57.833,BUY,7.673e-05,40.80951867
9614706,2017-12-26T00:14:57.957,SELL,7.609e-05,78.91621728
9614708,2017-12-26T00:14:58.097,BUY,7.673e-05,663.17021777
9614710,2017-12-26T00:14:58.863,SELL,7.609e-05,62.57822277
9614712,2017-12-26T00:14:58.893,BUY,7.672e-05,175.41190036
9614713,2017-12-26T00:14:58.893,BUY,7.673e-05,510.72615559
9614721,2017-12-26T00:15:03.52,BUY,7.67e-05,81.39572942
9614723,2017-12-26T00:15:03.833,SELL,7.609e-05,157.51250504
9614724,2017-12-26T00:15:04.287,SELL,7.609e-05,53.20785536
9614728,2017-12-26T00:15:05.473,BUY,7.669e-05,2887.75927089
9614729,2017-12-26T00:15:05.473,BUY,7.67e-05,1996.80402751
9614731,2017-12-26T00:15:05.6,BUY,7.67e-05,27.37940026
9614734,2017-12-26T00:15:06.35,BUY,7.664e-05,29.159951
9614735,2017-12-26T00:15:06.35,BUY,7.669e-05,24.59397384
9614741,2017-12-26T00:15:10.257,SELL,7.615e-05,280.92803285
9614742,2017-12-26T00:15:10.257,SELL,7.615e-05,1056.46649789
9614743,2017-12-26T00:15:10.257,SELL,7.609e-05,33.25784927
9614744,2017-12-26T00:15:10.257,SELL,7.609e-05,323.69295967
9614748,2017-12-26T00:15:13.693,SELL,7.61e-05,428.4562611
9614749,2017-12-26T00:15:13.693,SELL,7.609e-05,13.20885628
9614754,2017-12-26T00:15:15.023,BUY,7.664e-05,246.23166298
9614755,2017-12-26T00:15:15.023,SELL,7.61e-05,86.63597161
9614759,2017-12-26T00:15:15.723,BUY,7.664e-05,20.01077243
9614760,2017-12-26T00:15:15.723,BUY,7.665e-05,1047.85845714
9614762,2017-12-26T00:15:17.38,SELL,7.61e-05,3418.95882704
9614763,2017-12-26T00:15:17.397,SELL,7.609e-05,1200.43381515
9614766,2017-12-26T00:15:18.117,BUY,7.663e-05,25.03128911
9614769,2017-12-26T00:15:20.24,SELL,7.61e-05,497.8595561
9614771,2017-12-26T00:15:21.367,SELL,7.609e-05,477.24622698
9614773,2017-12-26T00:15:22.96,SELL,7.609e-05,192.55636309
9614774,2017-12-26T00:15:22.96,SELL,7.609e-05,558.97380013
9614775,2017-12-26T00:15:22.96,SELL,7.609e-05,150.0
9614778,2017-12-26T00:15:24.71,BUY,7.609e-05,64.00941135
9614779,2017-12-26T00:15:24.71,BUY,7.609e-05,99.91900249
9614780,2017-12-26T00:15:24.71,BUY,7.61e-05,490.21436885
9614781,2017-12-26T00:15:25.663,SELL,7.608e-05,18.388583
9614782,2017-12-26T00:15:25.663,SELL,7.608e-05,418.58713365
9614784,2017-12-26T00:15:26.49,BUY,7.608e-05,122.53477228
9614786,2017-12-26T00:15:26.54,BUY,7.608e-05,126.62756702
9614787,2017-12-26T00:15:26.54,BUY,7.608e-05,47.23351822
9614789,2017-12-26T00:15:26.65,BUY,7.61e-05,157.68725361
9614791,2017-12-26T00:15:26.727,BUY,7.61e-05,4.49747385
9614792,2017-12-26T00:15:26.727,BUY,7.655e-05,21.59515498
9614795,2017-12-26T00:15:27.303,SELL,7.61e-05,823.0784919
9614796,2017-12-26T00:15:27.35,SELL,7.61e-05,2054.54201061
9614797,2017-12-26T00:15:27.57,SELL,7.61e-05,145.16773058
9614798,2017-12-26T00:15:27.57,SELL,7.609e-05,3301.5989567
9614799,2017-12-26T00:15:27.96,SELL,7.609e-05,136.07293509
9614803,2017-12-26T00:15:33.43,BUY,7.61e-05,131.40604467
9614807,2017-12-26T00:15:37.15,SELL,7.609e-05,544.87590467
9614808,2017-12-26T00:15:39.18,SELL,7.609e-05,765.86629198
9614810,2017-12-26T00:15:39.51,BUY,7.61e-05,159.41395533
9614811,2017-12-26T00:15:39.51,BUY,7.61e-05,217.51278952
9614812,2017-12-26T00:15:39.51,BUY,7.61e-05,28.90277279
9614816,2017-12-26T00:15:41.197,SELL,7.61e-05,688.08360052
9614817,2017-12-26T00:15:42.523,SELL,7.61e-05,79.3084142
9614818,2017-12-26T00:15:43.133,SELL,7.61e-05,408.17609053
9614819,2017-12-26T00:15:43.133,SELL,7.61e-05,265.69675676
